PokerStars Hand #241141586520:  Hold'em No Limit ($0.01/$0.02 USD) - 2023/01/14 14:29:53 ET
Table 'Klumpkea' 6-max Seat #2 is the button
Seat 2: woodyuk296 ($2.89 in chips) 
Seat 3: MayFlaxx ($4.42 in chips) 
Seat 5: Lorpugo ($1.60 in chips) 
Seat 6: Javelin-zp ($2.92 in chips) 
MayFlaxx: posts small blind $0.01
Lorpugo: posts big blind $0.02
*** HOLE CARDS ***
Dealt to Lorpugo [7h Qc]
Javelin-zp: raises $0.03 to $0.05
woodyuk296: calls $0.05
MayFlaxx: folds 
Lorpugo: folds 
*** FLOP *** [3c 9c Th]
nickyb25673 joins the table at seat #4 
Javelin-zp: bets $0.07
woodyuk296: folds 
Uncalled bet ($0.07) returned to Javelin-zp
Javelin-zp collected $0.13 from pot
Javelin-zp: doesn't show hand 
*** SUMMARY ***
Total pot $0.13 | Rake $0 
Board [3c 9c Th]
Seat 2: woodyuk296 (button) folded on the Flop
Seat 3: MayFlaxx (small blind) folded before Flop
Seat 5: Lorpugo (big blind) folded before Flop
Seat 6: Javelin-zp collected ($0.13)



PokerStars Hand #241141598143:  Hold'em No Limit ($0.01/$0.02 USD) - 2023/01/14 14:30:19 ET
Table 'Klumpkea' 6-max Seat #3 is the button
Seat 1: Thing Different ($2 in chips) 
Seat 2: woodyuk296 ($2.84 in chips) 
Seat 3: MayFlaxx ($4.41 in chips) 
Seat 5: Lorpugo ($1.58 in chips) 
Seat 6: Javelin-zp ($3 in chips) 
Lorpugo: posts small blind $0.01
Javelin-zp: posts big blind $0.02
*** HOLE CARDS ***
Dealt to Lorpugo [Ad 4c]
Thing Different: calls $0.02
woodyuk296: calls $0.02
MayFlaxx: folds 
Lorpugo: folds 
Javelin-zp: checks 
*** FLOP *** [6s 3d Ts]
MayFlaxx leaves the table
Javelin-zp: checks 
Thing Different: checks 
woodyuk296: checks 
*** TURN *** [6s 3d Ts] [3s]
MaksiDima joins the table at seat #3 
Javelin-zp: bets $0.04
Thing Different: calls $0.04
woodyuk296: folds 
*** RIVER *** [6s 3d Ts 3s] [7d]
Javelin-zp: bets $0.11
Thing Different: folds 
Uncalled bet ($0.11) returned to Javelin-zp
Javelin-zp collected $0.14 from pot
Javelin-zp: doesn't show hand 
*** SUMMARY ***
Total pot $0.15 | Rake $0.01 
Board [6s 3d Ts 3s 7d]
Seat 1: Thing Different folded on the River
Seat 2: woodyuk296 folded on the Turn
Seat 3: MayFlaxx (button) folded before Flop (didn't bet)
Seat 5: Lorpugo (small blind) folded before Flop
Seat 6: Javelin-zp (big blind) collected ($0.14)



PokerStars Hand #241141612622:  Hold'em No Limit ($0.01/$0.02 USD) - 2023/01/14 14:30:52 ET
Table 'Klumpkea' 6-max Seat #5 is the button
Seat 1: Thing Different ($1.94 in chips) 
Seat 2: woodyuk296 ($2.82 in chips) 
Seat 4: nickyb25673 ($0.80 in chips) 
Seat 5: Lorpugo ($1.57 in chips) 
Seat 6: Javelin-zp ($3.08 in chips) 
Javelin-zp: posts small blind $0.01
Thing Different: posts big blind $0.02
nickyb25673: posts big blind $0.02
*** HOLE CARDS ***
Dealt to Lorpugo [Qd Jh]
woodyuk296: calls $0.02
nickyb25673: checks 
Lorpugo: raises $0.08 to $0.10
Javelin-zp: folds 
Thing Different: calls $0.08
woodyuk296: calls $0.08
nickyb25673: folds 
*** FLOP *** [Jd 3s Kh]
Thing Different: checks 
woodyuk296: checks 
Lorpugo: bets $0.16
Thing Different: folds 
woodyuk296: folds 
Uncalled bet ($0.16) returned to Lorpugo
Lorpugo collected $0.32 from pot
Lorpugo: doesn't show hand 
*** SUMMARY ***
Total pot $0.33 | Rake $0.01 
Board [Jd 3s Kh]
Seat 1: Thing Different (big blind) folded on the Flop
Seat 2: woodyuk296 folded on the Flop
Seat 4: nickyb25673 folded before Flop (didn't bet)
Seat 5: Lorpugo (button) collected ($0.32)
Seat 6: Javelin-zp (small blind) folded before Flop



PokerStars Hand #241141631244:  Hold'em No Limit ($0.01/$0.02 USD) - 2023/01/14 14:31:35 ET
Table 'Klumpkea' 6-max Seat #6 is the button
Seat 1: Thing Different ($1.84 in chips) 
Seat 2: woodyuk296 ($2.72 in chips) 
Seat 4: nickyb25673 ($0.78 in chips) 
Seat 5: Lorpugo ($1.79 in chips) 
Seat 6: Javelin-zp ($3.07 in chips) 
Thing Different: posts small blind $0.01
woodyuk296: posts big blind $0.02
*** HOLE CARDS ***
Dealt to Lorpugo [Kd 4c]
nickyb25673: calls $0.02
Lorpugo: folds 
Javelin-zp: folds 
Thing Different: calls $0.01
woodyuk296: checks 
*** FLOP *** [Ts 8c Qs]
Thing Different: checks 
woodyuk296: checks 
nickyb25673: bets $0.02
Thing Different: calls $0.02
woodyuk296: calls $0.02
*** TURN *** [Ts 8c Qs] [9s]
Thing Different: bets $0.08
woodyuk296: calls $0.08
nickyb25673: calls $0.08
*** RIVER *** [Ts 8c Qs 9s] [Ks]
Thing Different: bets $0.26
woodyuk296: calls $0.26
nickyb25673: folds 
*** SHOW DOWN ***
Thing Different: shows [6d As] (a flush, Ace high)
woodyuk296: mucks hand 
Thing Different collected $0.85 from pot
*** SUMMARY ***
Total pot $0.88 | Rake $0.03 
Board [Ts 8c Qs 9s Ks]
Seat 1: Thing Different (small blind) showed [6d As] and won ($0.85) with a flush, Ace high
Seat 2: woodyuk296 (big blind) mucked [Jh 5h]
Seat 4: nickyb25673 folded on the River
Seat 5: Lorpugo folded before Flop (didn't bet)
Seat 6: Javelin-zp (button) folded before Flop (didn't bet)



PokerStars Hand #241141663859:  Hold'em No Limit ($0.01/$0.02 USD) - 2023/01/14 14:32:51 ET
Table 'Klumpkea' 6-max Seat #1 is the button
Seat 1: Thing Different ($2.31 in chips) 
Seat 2: woodyuk296 ($2.34 in chips) 
Seat 3: MaksiDima ($2 in chips) 
Seat 4: nickyb25673 ($0.66 in chips) 
Seat 5: Lorpugo ($1.79 in chips) 
Seat 6: Javelin-zp ($3.07 in chips) 
woodyuk296: posts small blind $0.01
MaksiDima: posts big blind $0.02
*** HOLE CARDS ***
Dealt to Lorpugo [8d Qs]
nickyb25673: folds 
Lorpugo: folds 
Javelin-zp: folds 
Thing Different: folds 
woodyuk296: calls $0.01
MaksiDima: checks 
*** FLOP *** [Ah 9s Ad]
woodyuk296: checks 
MaksiDima: checks 
*** TURN *** [Ah 9s Ad] [7h]
woodyuk296: checks 
MaksiDima: checks 
*** RIVER *** [Ah 9s Ad 7h] [6h]
woodyuk296: checks 
MaksiDima: bets $0.05
woodyuk296: folds 
Uncalled bet ($0.05) returned to MaksiDima
MaksiDima collected $0.04 from pot
MaksiDima: doesn't show hand 
*** SUMMARY ***
Total pot $0.04 | Rake $0 
Board [Ah 9s Ad 7h 6h]
Seat 1: Thing Different (button) folded before Flop (didn't bet)
Seat 2: woodyuk296 (small blind) folded on the River
Seat 3: MaksiDima (big blind) collected ($0.04)
Seat 4: nickyb25673 folded before Flop (didn't bet)
Seat 5: Lorpugo folded before Flop (didn't bet)
Seat 6: Javelin-zp folded before Flop (didn't bet)



PokerStars Hand #241141681581:  Hold'em No Limit ($0.01/$0.02 USD) - 2023/01/14 14:33:32 ET
Table 'Klumpkea' 6-max Seat #2 is the button
Seat 1: Thing Different ($2.31 in chips) 
Seat 2: woodyuk296 ($2.32 in chips) 
Seat 3: MaksiDima ($2.02 in chips) 
Seat 4: nickyb25673 ($0.66 in chips) 
Seat 5: Lorpugo ($1.79 in chips) 
Seat 6: Javelin-zp ($3.07 in chips) 
MaksiDima: posts small blind $0.01
nickyb25673: posts big blind $0.02
*** HOLE CARDS ***
Dealt to Lorpugo [Js 9h]
Lorpugo: folds 
Javelin-zp: folds 
Thing Different: calls $0.02
woodyuk296: calls $0.02
MaksiDima: folds 
nickyb25673: checks 
*** FLOP *** [4c 7d 4h]
nickyb25673: checks 
Thing Different: checks 
woodyuk296: checks 
*** TURN *** [4c 7d 4h] [3h]
nickyb25673: bets $0.02
Thing Different: calls $0.02
woodyuk296: calls $0.02
*** RIVER *** [4c 7d 4h 3h] [2c]
nickyb25673: bets $0.02
Thing Different: folds 
woodyuk296: calls $0.02
*** SHOW DOWN ***
nickyb25673: shows [Jd 3s] (two pair, Fours and Threes)
woodyuk296: shows [7c Jc] (two pair, Sevens and Fours)
woodyuk296 collected $0.16 from pot
*** SUMMARY ***
Total pot $0.17 | Rake $0.01 
Board [4c 7d 4h 3h 2c]
Seat 1: Thing Different folded on the River
Seat 2: woodyuk296 (button) showed [7c Jc] and won ($0.16) with two pair, Sevens and Fours
Seat 3: MaksiDima (small blind) folded before Flop
Seat 4: nickyb25673 (big blind) showed [Jd 3s] and lost with two pair, Fours and Threes
Seat 5: Lorpugo folded before Flop (didn't bet)
Seat 6: Javelin-zp folded before Flop (didn't bet)



PokerStars Hand #241141695550:  Hold'em No Limit ($0.01/$0.02 USD) - 2023/01/14 14:34:04 ET
Table 'Klumpkea' 6-max Seat #3 is the button
Seat 1: Thing Different ($2.27 in chips) 
Seat 2: woodyuk296 ($2.42 in chips) 
Seat 3: MaksiDima ($2.01 in chips) 
Seat 4: nickyb25673 ($0.60 in chips) 
Seat 5: Lorpugo ($1.79 in chips) 
Seat 6: Javelin-zp ($3.07 in chips) 
nickyb25673: posts small blind $0.01
Lorpugo: posts big blind $0.02
*** HOLE CARDS ***
Dealt to Lorpugo [6c Kd]
Javelin-zp: raises $0.03 to $0.05
Thing Different: calls $0.05
woodyuk296: calls $0.05
MaksiDima: folds 
nickyb25673: calls $0.04
Lorpugo: folds 
*** FLOP *** [3s 6s Jh]
nickyb25673: checks 
Javelin-zp: checks 
Thing Different: checks 
woodyuk296: checks 
*** TURN *** [3s 6s Jh] [Jc]
nickyb25673: bets $0.02
Javelin-zp: calls $0.02
Thing Different: calls $0.02
woodyuk296: calls $0.02
*** RIVER *** [3s 6s Jh Jc] [Kc]
nickyb25673: checks 
Javelin-zp: checks 
Thing Different: bets $0.20
woodyuk296: folds 
nickyb25673: folds 
Javelin-zp: folds 
Uncalled bet ($0.20) returned to Thing Different
Thing Different collected $0.29 from pot
Thing Different: doesn't show hand 
*** SUMMARY ***
Total pot $0.30 | Rake $0.01 
Board [3s 6s Jh Jc Kc]
Seat 1: Thing Different collected ($0.29)
Seat 2: woodyuk296 folded on the River
Seat 3: MaksiDima (button) folded before Flop (didn't bet)
Seat 4: nickyb25673 (small blind) folded on the River
Seat 5: Lorpugo (big blind) folded before Flop
Seat 6: Javelin-zp folded on the River



PokerStars Hand #241141715036:  Hold'em No Limit ($0.01/$0.02 USD) - 2023/01/14 14:34:48 ET
Table 'Klumpkea' 6-max Seat #4 is the button
Seat 1: Thing Different ($2.49 in chips) 
Seat 2: woodyuk296 ($2.35 in chips) 
Seat 3: MaksiDima ($2.01 in chips) 
Seat 4: nickyb25673 ($0.53 in chips) 
Seat 5: Lorpugo ($1.77 in chips) 
Seat 6: Javelin-zp ($3 in chips) 
Lorpugo: posts small blind $0.01
Javelin-zp: posts big blind $0.02
*** HOLE CARDS ***
Dealt to Lorpugo [5s 4d]
Thing Different: calls $0.02
woodyuk296: calls $0.02
MaksiDima: folds 
nickyb25673: folds 
Lorpugo: folds 
Javelin-zp: checks 
*** FLOP *** [4s Ah 8s]
Javelin-zp: checks 
Thing Different: checks 
woodyuk296: checks 
*** TURN *** [4s Ah 8s] [Kd]
Javelin-zp: checks 
Thing Different: bets $0.18
woodyuk296: folds 
Javelin-zp: folds 
Uncalled bet ($0.18) returned to Thing Different
Thing Different collected $0.07 from pot
Thing Different: doesn't show hand 
*** SUMMARY ***
Total pot $0.07 | Rake $0 
Board [4s Ah 8s Kd]
Seat 1: Thing Different collected ($0.07)
Seat 2: woodyuk296 folded on the Turn
Seat 3: MaksiDima folded before Flop (didn't bet)
Seat 4: nickyb25673 (button) folded before Flop (didn't bet)
Seat 5: Lorpugo (small blind) folded before Flop
Seat 6: Javelin-zp (big blind) folded on the Turn



PokerStars Hand #241141732216:  Hold'em No Limit ($0.01/$0.02 USD) - 2023/01/14 14:35:28 ET
Table 'Klumpkea' 6-max Seat #5 is the button
Seat 1: Thing Different ($2.54 in chips) 
Seat 2: woodyuk296 ($2.33 in chips) 
Seat 3: MaksiDima ($2.01 in chips) 
Seat 4: nickyb25673 ($0.53 in chips) 
Seat 5: Lorpugo ($1.76 in chips) 
Seat 6: Javelin-zp ($2.98 in chips) 
Javelin-zp: posts small blind $0.01
Thing Different: posts big blind $0.02
*** HOLE CARDS ***
Dealt to Lorpugo [9s Td]
woodyuk296: calls $0.02
MaksiDima: folds 
nickyb25673: folds 
Lorpugo: calls $0.02
Javelin-zp: folds 
Thing Different: checks 
*** FLOP *** [Qs 7c 7h]
Thing Different: checks 
woodyuk296: checks 
Lorpugo: checks 
*** TURN *** [Qs 7c 7h] [Kc]
Thing Different: checks 
woodyuk296: checks 
Lorpugo: checks 
*** RIVER *** [Qs 7c 7h Kc] [Ks]
Thing Different: checks 
woodyuk296: bets $0.08
Lorpugo: folds 
Thing Different: folds 
Uncalled bet ($0.08) returned to woodyuk296
woodyuk296 collected $0.07 from pot
*** SUMMARY ***
Total pot $0.07 | Rake $0 
Board [Qs 7c 7h Kc Ks]
Seat 1: Thing Different (big blind) folded on the River
Seat 2: woodyuk296 collected ($0.07)
Seat 3: MaksiDima folded before Flop (didn't bet)
Seat 4: nickyb25673 folded before Flop (didn't bet)
Seat 5: Lorpugo (button) folded on the River
Seat 6: Javelin-zp (small blind) folded before Flop



PokerStars Hand #241141751733:  Hold'em No Limit ($0.01/$0.02 USD) - 2023/01/14 14:36:12 ET
Table 'Klumpkea' 6-max Seat #6 is the button
Seat 1: Thing Different ($2.52 in chips) 
Seat 2: woodyuk296 ($2.38 in chips) 
Seat 3: MaksiDima ($2.01 in chips) 
Seat 4: nickyb25673 ($0.53 in chips) 
Seat 5: Lorpugo ($1.74 in chips) 
Seat 6: Javelin-zp ($2.97 in chips) 
Thing Different: posts small blind $0.01
woodyuk296: posts big blind $0.02
*** HOLE CARDS ***
Dealt to Lorpugo [3s 9c]
MaksiDima: raises $0.03 to $0.05
nickyb25673: folds 
Lorpugo: folds 
Javelin-zp: calls $0.05
Thing Different: folds 
woodyuk296: calls $0.03
*** FLOP *** [Ah 4s Qc]
woodyuk296: checks 
MaksiDima: bets $0.05
Javelin-zp: calls $0.05
woodyuk296: calls $0.05
*** TURN *** [Ah 4s Qc] [8h]
woodyuk296: checks 
MaksiDima: checks 
Javelin-zp: bets $0.10
woodyuk296: calls $0.10
MaksiDima: folds 
*** RIVER *** [Ah 4s Qc 8h] [4d]
woodyuk296: checks 
Javelin-zp: checks 
*** SHOW DOWN ***
woodyuk296: shows [Qd Ts] (two pair, Queens and Fours)
Javelin-zp: shows [Qh Jh] (two pair, Queens and Fours)
woodyuk296 collected $0.25 from pot
Javelin-zp collected $0.24 from pot
*** SUMMARY ***
Total pot $0.51 | Rake $0.02 
Board [Ah 4s Qc 8h 4d]
Seat 1: Thing Different (small blind) folded before Flop
Seat 2: woodyuk296 (big blind) showed [Qd Ts] and won ($0.25) with two pair, Queens and Fours
Seat 3: MaksiDima folded on the Turn
Seat 4: nickyb25673 folded before Flop (didn't bet)
Seat 5: Lorpugo folded before Flop (didn't bet)
Seat 6: Javelin-zp (button) showed [Qh Jh] and won ($0.24) with two pair, Queens and Fours



PokerStars Hand #241141773094:  Hold'em No Limit ($0.01/$0.02 USD) - 2023/01/14 14:37:01 ET
Table 'Klumpkea' 6-max Seat #1 is the button
Seat 1: Thing Different ($2.51 in chips) 
Seat 2: woodyuk296 ($2.43 in chips) 
Seat 3: MaksiDima ($2 in chips) 
Seat 4: nickyb25673 ($0.53 in chips) 
Seat 5: Lorpugo ($1.74 in chips) 
Seat 6: Javelin-zp ($3.01 in chips) 
woodyuk296: posts small blind $0.01
MaksiDima: posts big blind $0.02
*** HOLE CARDS ***
Dealt to Lorpugo [3s 8s]
nickyb25673: calls $0.02
Lorpugo: folds 
Javelin-zp: folds 
Thing Different: calls $0.02
woodyuk296: raises $0.02 to $0.04
MaksiDima: folds 
nickyb25673: raises $0.12 to $0.16
Thing Different: folds 
woodyuk296: raises $0.12 to $0.28
nickyb25673: calls $0.12
*** FLOP *** [9d Tc Ah]
woodyuk296: checks 
nickyb25673: bets $0.25 and is all-in
woodyuk296: calls $0.25
*** TURN *** [9d Tc Ah] [Kh]
*** RIVER *** [9d Tc Ah Kh] [6h]
*** SHOW DOWN ***
woodyuk296: shows [Qd Qh] (a pair of Queens)
nickyb25673: shows [8c 8d] (a pair of Eights)
woodyuk296 collected $1.06 from pot
*** SUMMARY ***
Total pot $1.10 | Rake $0.04 
Board [9d Tc Ah Kh 6h]
Seat 1: Thing Different (button) folded before Flop
Seat 2: woodyuk296 (small blind) showed [Qd Qh] and won ($1.06) with a pair of Queens
Seat 3: MaksiDima (big blind) folded before Flop
Seat 4: nickyb25673 showed [8c 8d] and lost with a pair of Eights
Seat 5: Lorpugo folded before Flop (didn't bet)
Seat 6: Javelin-zp folded before Flop (didn't bet)



PokerStars Hand #241141799411:  Hold'em No Limit ($0.01/$0.02 USD) - 2023/01/14 14:38:01 ET
Table 'Klumpkea' 6-max Seat #2 is the button
Seat 1: Thing Different ($2.49 in chips) 
Seat 2: woodyuk296 ($2.96 in chips) 
Seat 3: MaksiDima ($2 in chips) 
Seat 5: Lorpugo ($1.74 in chips) 
Seat 6: Javelin-zp ($3.01 in chips) 
MaksiDima: posts small blind $0.01
Lorpugo: posts big blind $0.02
*** HOLE CARDS ***
Dealt to Lorpugo [8h Jc]
Javelin-zp: folds 
nickyb25673 leaves the table
Thing Different: folds 
woodyuk296: calls $0.02
MaksiDima: raises $0.07 to $0.09
Lorpugo: folds 
woodyuk296: calls $0.07
*** FLOP *** [2c 8d Qh]
Sepp991 joins the table at seat #4 
MaksiDima: bets $0.06
woodyuk296: calls $0.06
*** TURN *** [2c 8d Qh] [Qs]
MaksiDima: checks 
woodyuk296: bets $0.06
MaksiDima: calls $0.06
*** RIVER *** [2c 8d Qh Qs] [8s]
MaksiDima: checks 
woodyuk296: bets $0.10
MaksiDima: calls $0.10
*** SHOW DOWN ***
woodyuk296: shows [Js Kc] (two pair, Queens and Eights)
MaksiDima: shows [Ac 7c] (two pair, Queens and Eights - Ace kicker)
MaksiDima collected $0.62 from pot
*** SUMMARY ***
Total pot $0.64 | Rake $0.02 
Board [2c 8d Qh Qs 8s]
Seat 1: Thing Different folded before Flop (didn't bet)
Seat 2: woodyuk296 (button) showed [Js Kc] and lost with two pair, Queens and Eights
Seat 3: MaksiDima (small blind) showed [Ac 7c] and won ($0.62) with two pair, Queens and Eights
Seat 5: Lorpugo (big blind) folded before Flop
Seat 6: Javelin-zp folded before Flop (didn't bet)



PokerStars Hand #241141817461:  Hold'em No Limit ($0.01/$0.02 USD) - 2023/01/14 14:38:43 ET
Table 'Klumpkea' 6-max Seat #3 is the button
Seat 1: Thing Different ($2.49 in chips) 
Seat 2: woodyuk296 ($2.65 in chips) 
Seat 3: MaksiDima ($2.31 in chips) 
Seat 5: Lorpugo ($1.72 in chips) 
Seat 6: Javelin-zp ($3.01 in chips) 
Lorpugo: posts small blind $0.01
Javelin-zp: posts big blind $0.02
*** HOLE CARDS ***
Dealt to Lorpugo [As 7h]
Thing Different: folds 
woodyuk296: calls $0.02
MaksiDima: folds 
Lorpugo: calls $0.01
Javelin-zp: checks 
*** FLOP *** [6s Ts 2h]
Lorpugo: checks 
Javelin-zp: bets $0.03
woodyuk296: calls $0.03
Lorpugo: folds 
*** TURN *** [6s Ts 2h] [Qc]
Javelin-zp: checks 
woodyuk296: checks 
*** RIVER *** [6s Ts 2h Qc] [8s]
Javelin-zp: checks 
woodyuk296: checks 
*** SHOW DOWN ***
Javelin-zp: shows [2c Jh] (a pair of Deuces)
woodyuk296: shows [Th 8d] (two pair, Tens and Eights)
woodyuk296 collected $0.12 from pot
*** SUMMARY ***
Total pot $0.12 | Rake $0 
Board [6s Ts 2h Qc 8s]
Seat 1: Thing Different folded before Flop (didn't bet)
Seat 2: woodyuk296 showed [Th 8d] and won ($0.12) with two pair, Tens and Eights
Seat 3: MaksiDima (button) folded before Flop (didn't bet)
Seat 5: Lorpugo (small blind) folded on the Flop
Seat 6: Javelin-zp (big blind) showed [2c Jh] and lost with a pair of Deuces



PokerStars Hand #241141840987:  Hold'em No Limit ($0.01/$0.02 USD) - 2023/01/14 14:39:37 ET
Table 'Klumpkea' 6-max Seat #5 is the button
Seat 1: Thing Different ($2.49 in chips) 
Seat 2: woodyuk296 ($2.72 in chips) 
Seat 3: MaksiDima ($2.31 in chips) 
Seat 4: Sepp991 ($1.60 in chips) 
Seat 5: Lorpugo ($1.70 in chips) 
Seat 6: Javelin-zp ($2.96 in chips) 
Javelin-zp: posts small blind $0.01
Thing Different: posts big blind $0.02
Sepp991: posts big blind $0.02
*** HOLE CARDS ***
Dealt to Lorpugo [8h Jd]
woodyuk296: calls $0.02
MaksiDima: raises $0.07 to $0.09
Sepp991: calls $0.07
Lorpugo: folds 
Javelin-zp: folds 
Thing Different: calls $0.07
woodyuk296: calls $0.07
*** FLOP *** [9h Ks 2d]
Thing Different: checks 
woodyuk296: checks 
MaksiDima: bets $0.11
Sepp991: folds 
Thing Different: folds 
woodyuk296: folds 
Uncalled bet ($0.11) returned to MaksiDima
MaksiDima collected $0.36 from pot
MaksiDima: doesn't show hand 
*** SUMMARY ***
Total pot $0.37 | Rake $0.01 
Board [9h Ks 2d]
Seat 1: Thing Different (big blind) folded on the Flop
Seat 2: woodyuk296 folded on the Flop
Seat 3: MaksiDima collected ($0.36)
Seat 4: Sepp991 folded on the Flop
Seat 5: Lorpugo (button) folded before Flop (didn't bet)
Seat 6: Javelin-zp (small blind) folded before Flop



PokerStars Hand #241141857548:  Hold'em No Limit ($0.01/$0.02 USD) - 2023/01/14 14:40:15 ET
Table 'Klumpkea' 6-max Seat #6 is the button
Seat 1: Thing Different ($2.40 in chips) 
Seat 2: woodyuk296 ($2.63 in chips) 
Seat 3: MaksiDima ($2.58 in chips) 
Seat 4: Sepp991 ($1.51 in chips) 
Seat 5: Lorpugo ($1.70 in chips) 
Seat 6: Javelin-zp ($2.95 in chips) 
Thing Different: posts small blind $0.01
woodyuk296: posts big blind $0.02
*** HOLE CARDS ***
Dealt to Lorpugo [As 6d]
MaksiDima: folds 
Sepp991: calls $0.02
Lorpugo: calls $0.02
Javelin-zp: folds 
Thing Different: folds 
woodyuk296: checks 
*** FLOP *** [Kh Ad 5h]
woodyuk296: checks 
Sepp991: bets $0.02
Lorpugo: calls $0.02
woodyuk296: calls $0.02
*** TURN *** [Kh Ad 5h] [9d]
woodyuk296: checks 
Sepp991: checks 
Lorpugo: bets $0.07
woodyuk296: calls $0.07
Sepp991: folds 
*** RIVER *** [Kh Ad 5h 9d] [5c]
woodyuk296: checks 
Lorpugo: checks 
*** SHOW DOWN ***
woodyuk296: shows [6s 7d] (a pair of Fives)
Lorpugo: shows [As 6d] (two pair, Aces and Fives)
Lorpugo collected $0.26 from pot
*** SUMMARY ***
Total pot $0.27 | Rake $0.01 
Board [Kh Ad 5h 9d 5c]
Seat 1: Thing Different (small blind) folded before Flop
Seat 2: woodyuk296 (big blind) showed [6s 7d] and lost with a pair of Fives
Seat 3: MaksiDima folded before Flop (didn't bet)
Seat 4: Sepp991 folded on the Turn
Seat 5: Lorpugo showed [As 6d] and won ($0.26) with two pair, Aces and Fives
Seat 6: Javelin-zp (button) folded before Flop (didn't bet)



PokerStars Hand #241141885619:  Hold'em No Limit ($0.01/$0.02 USD) - 2023/01/14 14:41:19 ET
Table 'Klumpkea' 6-max Seat #1 is the button
Seat 1: Thing Different ($2.39 in chips) 
Seat 2: woodyuk296 ($2.52 in chips) 
Seat 3: MaksiDima ($2.58 in chips) 
Seat 4: Sepp991 ($1.47 in chips) 
Seat 5: Lorpugo ($1.85 in chips) 
Seat 6: Javelin-zp ($2.95 in chips) 
woodyuk296: posts small blind $0.01
MaksiDima: posts big blind $0.02
*** HOLE CARDS ***
Dealt to Lorpugo [Tc 8d]
Sepp991: calls $0.02
Lorpugo: folds 
Javelin-zp: folds 
Thing Different: folds 
woodyuk296: calls $0.01
MaksiDima: checks 
*** FLOP *** [4s 9h 3d]
woodyuk296: checks 
MaksiDima: checks 
Sepp991: bets $0.06
woodyuk296: calls $0.06
MaksiDima: folds 
*** TURN *** [4s 9h 3d] [6h]
woodyuk296: checks 
Sepp991: bets $0.17
woodyuk296: raises $0.17 to $0.34
Sepp991: folds 
Uncalled bet ($0.17) returned to woodyuk296
woodyuk296 collected $0.50 from pot
*** SUMMARY ***
Total pot $0.52 | Rake $0.02 
Board [4s 9h 3d 6h]
Seat 1: Thing Different (button) folded before Flop (didn't bet)
Seat 2: woodyuk296 (small blind) collected ($0.50)
Seat 3: MaksiDima (big blind) folded on the Flop
Seat 4: Sepp991 folded on the Turn
Seat 5: Lorpugo folded before Flop (didn't bet)
Seat 6: Javelin-zp folded before Flop (didn't bet)



PokerStars Hand #241141906592:  Hold'em No Limit ($0.01/$0.02 USD) - 2023/01/14 14:42:08 ET
Table 'Klumpkea' 6-max Seat #2 is the button
Seat 1: Thing Different ($2.39 in chips) 
Seat 2: woodyuk296 ($2.77 in chips) 
Seat 3: MaksiDima ($2.56 in chips) 
Seat 4: Sepp991 ($1.22 in chips) 
Seat 5: Lorpugo ($1.85 in chips) 
Seat 6: Javelin-zp ($2.95 in chips) 
MaksiDima: posts small blind $0.01
Sepp991: posts big blind $0.02
*** HOLE CARDS ***
Dealt to Lorpugo [3d Td]
Lorpugo: folds 
Javelin-zp: folds 
Thing Different: calls $0.02
woodyuk296: calls $0.02
MaksiDima: raises $0.12 to $0.14
Sepp991: folds 
Thing Different: calls $0.12
woodyuk296: calls $0.12
*** FLOP *** [6s 2d 5h]
MaksiDima: checks 
Thing Different: checks 
woodyuk296: checks 
*** TURN *** [6s 2d 5h] [4c]
MaksiDima: checks 
Thing Different: bets $0.12
woodyuk296: calls $0.12
MaksiDima: folds 
*** RIVER *** [6s 2d 5h 4c] [Qs]
Thing Different: bets $0.60
woodyuk296: calls $0.60
*** SHOW DOWN ***
Thing Different: shows [3c 3h] (a straight, Deuce to Six)
woodyuk296: mucks hand 
Thing Different collected $1.81 from pot
*** SUMMARY ***
Total pot $1.88 | Rake $0.07 
Board [6s 2d 5h 4c Qs]
Seat 1: Thing Different showed [3c 3h] and won ($1.81) with a straight, Deuce to Six
Seat 2: woodyuk296 (button) mucked [Qc 6c]
Seat 3: MaksiDima (small blind) folded on the Turn
Seat 4: Sepp991 (big blind) folded before Flop
Seat 5: Lorpugo folded before Flop (didn't bet)
Seat 6: Javelin-zp folded before Flop (didn't bet)



PokerStars Hand #241141931212:  Hold'em No Limit ($0.01/$0.02 USD) - 2023/01/14 14:43:05 ET
Table 'Klumpkea' 6-max Seat #3 is the button
Seat 1: Thing Different ($3.34 in chips) 
Seat 2: woodyuk296 ($1.91 in chips) 
Seat 3: MaksiDima ($2.42 in chips) 
Seat 4: Sepp991 ($1.40 in chips) 
Seat 5: Lorpugo ($1.85 in chips) 
Seat 6: Javelin-zp ($2.95 in chips) 
Sepp991: posts small blind $0.01
Lorpugo: posts big blind $0.02
*** HOLE CARDS ***
Dealt to Lorpugo [4s Qs]
Javelin-zp: folds 
Thing Different: calls $0.02
woodyuk296: calls $0.02
MaksiDima: raises $0.07 to $0.09
Sepp991: calls $0.08
Lorpugo: folds 
Thing Different: calls $0.07
woodyuk296: folds 
*** FLOP *** [Kc Qc Kh]
Sepp991: checks 
Thing Different: checks 
MaksiDima: bets $0.10
Sepp991: folds 
Thing Different: calls $0.10
*** TURN *** [Kc Qc Kh] [9h]
Thing Different: checks 
MaksiDima: checks 
*** RIVER *** [Kc Qc Kh 9h] [Qh]
Thing Different: bets $1
MaksiDima: folds 
Uncalled bet ($1) returned to Thing Different
Thing Different collected $0.49 from pot
Thing Different: doesn't show hand 
*** SUMMARY ***
Total pot $0.51 | Rake $0.02 
Board [Kc Qc Kh 9h Qh]
Seat 1: Thing Different collected ($0.49)
Seat 2: woodyuk296 folded before Flop
Seat 3: MaksiDima (button) folded on the River
Seat 4: Sepp991 (small blind) folded on the Flop
Seat 5: Lorpugo (big blind) folded before Flop
Seat 6: Javelin-zp folded before Flop (didn't bet)



PokerStars Hand #241141951775:  Hold'em No Limit ($0.01/$0.02 USD) - 2023/01/14 14:43:53 ET
Table 'Klumpkea' 6-max Seat #4 is the button
Seat 1: Thing Different ($3.64 in chips) 
Seat 2: woodyuk296 ($1.89 in chips) 
Seat 3: MaksiDima ($2.23 in chips) 
Seat 4: Sepp991 ($1.31 in chips) 
Seat 5: Lorpugo ($1.83 in chips) 
Seat 6: Javelin-zp ($2.95 in chips) 
Lorpugo: posts small blind $0.01
Javelin-zp: posts big blind $0.02
*** HOLE CARDS ***
Dealt to Lorpugo [Th 3c]
Thing Different: calls $0.02
woodyuk296: calls $0.02
MaksiDima: folds 
Sepp991: folds 
Lorpugo: folds 
Javelin-zp: checks 
*** FLOP *** [8h 4d Ts]
Javelin-zp: bets $0.04
Thing Different: calls $0.04
woodyuk296: calls $0.04
*** TURN *** [8h 4d Ts] [Ac]
Javelin-zp: checks 
Thing Different: checks 
woodyuk296: checks 
*** RIVER *** [8h 4d Ts Ac] [Ah]
Javelin-zp: checks 
Thing Different: bets $0.08
woodyuk296: calls $0.08
Javelin-zp: folds 
*** SHOW DOWN ***
Thing Different: shows [Tc Qd] (two pair, Aces and Tens)
woodyuk296: mucks hand 
Thing Different collected $0.34 from pot
*** SUMMARY ***
Total pot $0.35 | Rake $0.01 
Board [8h 4d Ts Ac Ah]
Seat 1: Thing Different showed [Tc Qd] and won ($0.34) with two pair, Aces and Tens
Seat 2: woodyuk296 mucked [7d 8c]
Seat 3: MaksiDima folded before Flop (didn't bet)
Seat 4: Sepp991 (button) folded before Flop (didn't bet)
Seat 5: Lorpugo (small blind) folded before Flop
Seat 6: Javelin-zp (big blind) folded on the River



PokerStars Hand #241141970905:  Hold'em No Limit ($0.01/$0.02 USD) - 2023/01/14 14:44:39 ET
Table 'Klumpkea' 6-max Seat #5 is the button
Seat 1: Thing Different ($3.84 in chips) 
Seat 2: woodyuk296 ($1.75 in chips) 
Seat 3: MaksiDima ($2.23 in chips) 
Seat 4: Sepp991 ($1.31 in chips) 
Seat 5: Lorpugo ($1.82 in chips) 
Seat 6: Javelin-zp ($2.89 in chips) 
Javelin-zp: posts small blind $0.01
Thing Different: posts big blind $0.02
*** HOLE CARDS ***
Dealt to Lorpugo [8d Qc]
woodyuk296: calls $0.02
MaksiDima: raises $0.05 to $0.07
Sepp991: calls $0.07
Lorpugo: folds 
Javelin-zp: folds 
Thing Different: calls $0.05
woodyuk296: calls $0.05
*** FLOP *** [Ts Kc Js]
Thing Different: checks 
woodyuk296: checks 
MaksiDima: checks 
Sepp991: bets $0.02
Thing Different: calls $0.02
woodyuk296: calls $0.02
MaksiDima: folds 
*** TURN *** [Ts Kc Js] [9d]
Thing Different: checks 
woodyuk296: checks 
Sepp991: bets $0.17
Thing Different: calls $0.17
woodyuk296: folds 
*** RIVER *** [Ts Kc Js 9d] [6s]
Thing Different: bets $0.14
Sepp991: calls $0.14
*** SHOW DOWN ***
Thing Different: shows [3s Kh] (a pair of Kings)
Sepp991: shows [9s 9h] (three of a kind, Nines)
Sepp991 collected $0.93 from pot
*** SUMMARY ***
Total pot $0.97 | Rake $0.04 
Board [Ts Kc Js 9d 6s]
Seat 1: Thing Different (big blind) showed [3s Kh] and lost with a pair of Kings
Seat 2: woodyuk296 folded on the Turn
Seat 3: MaksiDima folded on the Flop
Seat 4: Sepp991 showed [9s 9h] and won ($0.93) with three of a kind, Nines
Seat 5: Lorpugo (button) folded before Flop (didn't bet)
Seat 6: Javelin-zp (small blind) folded before Flop



PokerStars Hand #241141993369:  Hold'em No Limit ($0.01/$0.02 USD) - 2023/01/14 14:45:32 ET
Table 'Klumpkea' 6-max Seat #6 is the button
Seat 1: Thing Different ($3.44 in chips) 
Seat 2: woodyuk296 ($1.66 in chips) 
Seat 3: MaksiDima ($2.16 in chips) 
Seat 4: Sepp991 ($1.84 in chips) 
Seat 5: Lorpugo ($1.82 in chips) 
Seat 6: Javelin-zp ($2.88 in chips) 
Thing Different: posts small blind $0.01
woodyuk296: posts big blind $0.02
*** HOLE CARDS ***
Dealt to Lorpugo [2c Qd]
MaksiDima: folds 
Sepp991: calls $0.02
Lorpugo: folds 
Javelin-zp: folds 
Thing Different: calls $0.01
woodyuk296: raises $0.02 to $0.04
Sepp991: calls $0.02
Thing Different: calls $0.02
*** FLOP *** [3c Td 7d]
Thing Different: checks 
woodyuk296: bets $0.06
Sepp991: folds 
Thing Different: calls $0.06
*** TURN *** [3c Td 7d] [Qs]
Thing Different: checks 
woodyuk296: bets $0.02
Thing Different: calls $0.02
*** RIVER *** [3c Td 7d Qs] [3h]
Thing Different: bets $0.20
woodyuk296: folds 
Uncalled bet ($0.20) returned to Thing Different
Thing Different collected $0.27 from pot
Thing Different: doesn't show hand 
*** SUMMARY ***
Total pot $0.28 | Rake $0.01 
Board [3c Td 7d Qs 3h]
Seat 1: Thing Different (small blind) collected ($0.27)
Seat 2: woodyuk296 (big blind) folded on the River
Seat 3: MaksiDima folded before Flop (didn't bet)
Seat 4: Sepp991 folded on the Flop
Seat 5: Lorpugo folded before Flop (didn't bet)
Seat 6: Javelin-zp (button) folded before Flop (didn't bet)



PokerStars Hand #241142013379:  Hold'em No Limit ($0.01/$0.02 USD) - 2023/01/14 14:46:19 ET
Table 'Klumpkea' 6-max Seat #1 is the button
Seat 1: Thing Different ($3.59 in chips) 
Seat 2: woodyuk296 ($1.54 in chips) 
Seat 3: MaksiDima ($2.16 in chips) 
Seat 4: Sepp991 ($1.80 in chips) 
Seat 5: Lorpugo ($1.82 in chips) 
Seat 6: Javelin-zp ($2.88 in chips) 
woodyuk296: posts small blind $0.01
MaksiDima: posts big blind $0.02
*** HOLE CARDS ***
Dealt to Lorpugo [Jh Qd]
Sepp991: calls $0.02
Lorpugo: calls $0.02
Javelin-zp: folds 
Thing Different: calls $0.02
woodyuk296: calls $0.01
MaksiDima: checks 
*** FLOP *** [Ad Qc Jd]
woodyuk296: bets $0.02
MaksiDima: calls $0.02
Sepp991: calls $0.02
Lorpugo: raises $0.12 to $0.14
Thing Different: calls $0.14
woodyuk296: calls $0.12
MaksiDima: folds 
Sepp991: folds 
*** TURN *** [Ad Qc Jd] [2s]
woodyuk296: checks 
Lorpugo: bets $1.66 and is all-in
Thing Different: folds 
woodyuk296: calls $1.38 and is all-in
Uncalled bet ($0.28) returned to Lorpugo
*** RIVER *** [Ad Qc Jd 2s] [8h]
*** SHOW DOWN ***
woodyuk296: shows [2d 8d] (two pair, Eights and Deuces)
Lorpugo: shows [Jh Qd] (two pair, Queens and Jacks)
Lorpugo collected $3.20 from pot
*** SUMMARY ***
Total pot $3.32 | Rake $0.12 
Board [Ad Qc Jd 2s 8h]
Seat 1: Thing Different (button) folded on the Turn
Seat 2: woodyuk296 (small blind) showed [2d 8d] and lost with two pair, Eights and Deuces
Seat 3: MaksiDima (big blind) folded on the Flop
Seat 4: Sepp991 folded on the Flop
Seat 5: Lorpugo showed [Jh Qd] and won ($3.20) with two pair, Queens and Jacks
Seat 6: Javelin-zp folded before Flop (didn't bet)



PokerStars Hand #241142047890:  Hold'em No Limit ($0.01/$0.02 USD) - 2023/01/14 14:47:39 ET
Table 'Klumpkea' 6-max Seat #3 is the button
Seat 1: Thing Different ($3.43 in chips) 
Seat 3: MaksiDima ($2.12 in chips) 
Seat 4: Sepp991 ($1.76 in chips) 
Seat 5: Lorpugo ($3.48 in chips) 
Seat 6: Javelin-zp ($2.88 in chips) 
Sepp991: posts small blind $0.01
Lorpugo: posts big blind $0.02
*** HOLE CARDS ***
Dealt to Lorpugo [3d 2s]
Javelin-zp: folds 
woodyuk296 is disconnected 
Thing Different: folds 
MaksiDima: raises $0.03 to $0.05
Sepp991: folds 
Lorpugo: folds 
Uncalled bet ($0.03) returned to MaksiDima
MaksiDima collected $0.05 from pot
MaksiDima: doesn't show hand 
*** SUMMARY ***
Total pot $0.05 | Rake $0 
Seat 1: Thing Different folded before Flop (didn't bet)
Seat 3: MaksiDima (button) collected ($0.05)
Seat 4: Sepp991 (small blind) folded before Flop
Seat 5: Lorpugo (big blind) folded before Flop
Seat 6: Javelin-zp folded before Flop (didn't bet)



PokerStars Hand #241142056138:  Hold'em No Limit ($0.01/$0.02 USD) - 2023/01/14 14:47:59 ET
Table 'Klumpkea' 6-max Seat #4 is the button
Seat 1: Thing Different ($3.43 in chips) 
Seat 3: MaksiDima ($2.15 in chips) 
Seat 4: Sepp991 ($1.75 in chips) 
Seat 5: Lorpugo ($3.46 in chips) 
Seat 6: Javelin-zp ($2.88 in chips) 
Lorpugo: posts small blind $0.01
Javelin-zp: posts big blind $0.02
*** HOLE CARDS ***
Dealt to Lorpugo [3c 8c]
Thing Different: calls $0.02
MaksiDima: folds 
Sepp991: calls $0.02
Lorpugo: calls $0.01
Javelin-zp: checks 
*** FLOP *** [3s Ts Kh]
Lorpugo: checks 
Javelin-zp: bets $0.04
Thing Different: calls $0.04
Sepp991: folds 
Lorpugo: folds 
*** TURN *** [3s Ts Kh] [5d]
Javelin-zp: bets $0.05
Thing Different: calls $0.05
*** RIVER *** [3s Ts Kh 5d] [Tc]
Javelin-zp: checks 
Thing Different: bets $0.40
Javelin-zp: folds 
Uncalled bet ($0.40) returned to Thing Different
Thing Different collected $0.25 from pot
Thing Different: doesn't show hand 
*** SUMMARY ***
Total pot $0.26 | Rake $0.01 
Board [3s Ts Kh 5d Tc]
Seat 1: Thing Different collected ($0.25)
Seat 3: MaksiDima folded before Flop (didn't bet)
Seat 4: Sepp991 (button) folded on the Flop
Seat 5: Lorpugo (small blind) folded on the Flop
Seat 6: Javelin-zp (big blind) folded on the River



PokerStars Hand #241142085009:  Hold'em No Limit ($0.01/$0.02 USD) - 2023/01/14 14:49:06 ET
Table 'Klumpkea' 6-max Seat #5 is the button
Seat 1: Thing Different ($3.57 in chips) 
Seat 3: MaksiDima ($2.15 in chips) 
Seat 4: Sepp991 ($1.73 in chips) 
Seat 5: Lorpugo ($3.44 in chips) 
Seat 6: Javelin-zp ($2.77 in chips) 
Javelin-zp: posts small blind $0.01
Thing Different: posts big blind $0.02
*** HOLE CARDS ***
Dealt to Lorpugo [As 5d]
MaksiDima: folds 
Sepp991: raises $0.02 to $0.04
Lorpugo: calls $0.04
Javelin-zp: calls $0.03
Thing Different: calls $0.02
*** FLOP *** [Qs 4c 8d]
Javelin-zp: checks 
Thing Different: checks 
Sepp991: bets $0.02
Lorpugo: folds 
Javelin-zp: calls $0.02
Thing Different: calls $0.02
*** TURN *** [Qs 4c 8d] [5h]
Javelin-zp: checks 
Thing Different: checks 
Sepp991: bets $0.02
Javelin-zp: calls $0.02
Thing Different: calls $0.02
*** RIVER *** [Qs 4c 8d 5h] [3h]
Javelin-zp: checks 
Thing Different: checks 
Sepp991: checks 
*** SHOW DOWN ***
Javelin-zp: shows [7h 7s] (a pair of Sevens)
Thing Different: mucks hand 
Sepp991: shows [Ad Ac] (a pair of Aces)
Sepp991 collected $0.27 from pot
*** SUMMARY ***
Total pot $0.28 | Rake $0.01 
Board [Qs 4c 8d 5h 3h]
Seat 1: Thing Different (big blind) mucked [Kd Td]
Seat 3: MaksiDima folded before Flop (didn't bet)
Seat 4: Sepp991 showed [Ad Ac] and won ($0.27) with a pair of Aces
Seat 5: Lorpugo (button) folded on the Flop
Seat 6: Javelin-zp (small blind) showed [7h 7s] and lost with a pair of Sevens



PokerStars Hand #241142116170:  Hold'em No Limit ($0.01/$0.02 USD) - 2023/01/14 14:50:19 ET
Table 'Klumpkea' 6-max Seat #6 is the button
Seat 1: Thing Different ($3.49 in chips) 
Seat 3: MaksiDima ($2.15 in chips) 
Seat 4: Sepp991 ($1.92 in chips) 
Seat 5: Lorpugo ($3.40 in chips) 
Seat 6: Javelin-zp ($2.69 in chips) 
Thing Different: posts small blind $0.01
MaksiDima: posts big blind $0.02
*** HOLE CARDS ***
Dealt to Lorpugo [Ts 4h]
Sepp991: folds 
Lorpugo: folds 
Javelin-zp: folds 
Thing Different: calls $0.01
MaksiDima: checks 
*** FLOP *** [2d Kc 8c]
Thing Different: checks 
MaksiDima: checks 
*** TURN *** [2d Kc 8c] [4c]
Thing Different: checks 
MaksiDima: checks 
*** RIVER *** [2d Kc 8c 4c] [6s]
Thing Different: checks 
MaksiDima: checks 
*** SHOW DOWN ***
Thing Different: shows [Jh 8h] (a pair of Eights)
MaksiDima: mucks hand 
Thing Different collected $0.04 from pot
*** SUMMARY ***
Total pot $0.04 | Rake $0 
Board [2d Kc 8c 4c 6s]
Seat 1: Thing Different (small blind) showed [Jh 8h] and won ($0.04) with a pair of Eights
Seat 3: MaksiDima (big blind) mucked [3d 6d]
Seat 4: Sepp991 folded before Flop (didn't bet)
Seat 5: Lorpugo folded before Flop (didn't bet)
Seat 6: Javelin-zp (button) folded before Flop (didn't bet)



PokerStars Hand #241142128448:  Hold'em No Limit ($0.01/$0.02 USD) - 2023/01/14 14:50:48 ET
Table 'Klumpkea' 6-max Seat #1 is the button
Seat 1: Thing Different ($3.51 in chips) 
Seat 3: MaksiDima ($2.13 in chips) 
Seat 4: Sepp991 ($1.92 in chips) 
Seat 5: Lorpugo ($3.40 in chips) 
Seat 6: Javelin-zp ($2.69 in chips) 
MaksiDima: posts small blind $0.01
Sepp991: posts big blind $0.02
*** HOLE CARDS ***
Dealt to Lorpugo [3d 6d]
Lorpugo: folds 
Javelin-zp: raises $0.03 to $0.05
Thing Different: calls $0.05
MaksiDima: folds 
Sepp991: folds 
*** FLOP *** [As Ah Qh]
Javelin-zp: checks 
Thing Different: bets $0.12
Javelin-zp: folds 
Uncalled bet ($0.12) returned to Thing Different
Thing Different collected $0.13 from pot
Thing Different: doesn't show hand 
*** SUMMARY ***
Total pot $0.13 | Rake $0 
Board [As Ah Qh]
Seat 1: Thing Different (button) collected ($0.13)
Seat 3: MaksiDima (small blind) folded before Flop
Seat 4: Sepp991 (big blind) folded before Flop
Seat 5: Lorpugo folded before Flop (didn't bet)
Seat 6: Javelin-zp folded on the Flop



PokerStars Hand #241142143664:  Hold'em No Limit ($0.01/$0.02 USD) - 2023/01/14 14:51:23 ET
Table 'Klumpkea' 6-max Seat #3 is the button
Seat 1: Thing Different ($3.59 in chips) 
Seat 3: MaksiDima ($2.12 in chips) 
Seat 4: Sepp991 ($1.90 in chips) 
Seat 5: Lorpugo ($3.40 in chips) 
Seat 6: Javelin-zp ($2.64 in chips) 
Sepp991: posts small blind $0.01
Lorpugo: posts big blind $0.02
*** HOLE CARDS ***
Dealt to Lorpugo [Ac Th]
Javelin-zp: raises $0.03 to $0.05
Thing Different: calls $0.05
MaksiDima: calls $0.05
Sepp991: folds 
Lorpugo: calls $0.03
*** FLOP *** [Td 8c 2d]
Lorpugo: bets $0.07
Javelin-zp: calls $0.07
Thing Different: calls $0.07
MaksiDima: folds 
*** TURN *** [Td 8c 2d] [5h]
Lorpugo: bets $0.21
Javelin-zp: folds 
Thing Different: folds 
Uncalled bet ($0.21) returned to Lorpugo
Lorpugo collected $0.41 from pot
Lorpugo: doesn't show hand 
*** SUMMARY ***
Total pot $0.42 | Rake $0.01 
Board [Td 8c 2d 5h]
Seat 1: Thing Different folded on the Turn
Seat 3: MaksiDima (button) folded on the Flop
Seat 4: Sepp991 (small blind) folded before Flop
Seat 5: Lorpugo (big blind) collected ($0.41)
Seat 6: Javelin-zp folded on the Turn



PokerStars Hand #241142158875:  Hold'em No Limit ($0.01/$0.02 USD) - 2023/01/14 14:51:59 ET
Table 'Klumpkea' 6-max Seat #4 is the button
Seat 1: Thing Different ($3.47 in chips) 
Seat 3: MaksiDima ($2.07 in chips) 
Seat 4: Sepp991 ($1.89 in chips) 
Seat 5: Lorpugo ($3.69 in chips) 
Seat 6: Javelin-zp ($2.52 in chips) 
Lorpugo: posts small blind $0.01
Javelin-zp: posts big blind $0.02
*** HOLE CARDS ***
Dealt to Lorpugo [8d Ac]
Thing Different: calls $0.02
MaksiDima: folds 
Sepp991: folds 
Lorpugo: calls $0.01
Javelin-zp: raises $0.03 to $0.05
Thing Different: calls $0.03
Lorpugo: calls $0.03
*** FLOP *** [Tc Jh Jd]
Lorpugo: checks 
Javelin-zp: checks 
Thing Different: checks 
*** TURN *** [Tc Jh Jd] [4s]
Lorpugo: bets $0.02
Javelin-zp: folds 
Thing Different: calls $0.02
*** RIVER *** [Tc Jh Jd 4s] [2s]
Lorpugo: checks 
Thing Different: checks 
*** SHOW DOWN ***
Lorpugo: shows [8d Ac] (a pair of Jacks)
Thing Different: mucks hand 
Lorpugo collected $0.18 from pot
*** SUMMARY ***
Total pot $0.19 | Rake $0.01 
Board [Tc Jh Jd 4s 2s]
Seat 1: Thing Different mucked [6d Kc]
Seat 3: MaksiDima folded before Flop (didn't bet)
Seat 4: Sepp991 (button) folded before Flop (didn't bet)
Seat 5: Lorpugo (small blind) showed [8d Ac] and won ($0.18) with a pair of Jacks
Seat 6: Javelin-zp (big blind) folded on the Turn



PokerStars Hand #241142182744:  Hold'em No Limit ($0.01/$0.02 USD) - 2023/01/14 14:52:55 ET
Table 'Klumpkea' 6-max Seat #5 is the button
Seat 1: Thing Different ($3.40 in chips) 
Seat 3: MaksiDima ($2.07 in chips) 
Seat 4: Sepp991 ($1.89 in chips) 
Seat 5: Lorpugo ($3.80 in chips) 
Seat 6: Javelin-zp ($2.47 in chips) 
Javelin-zp: posts small blind $0.01
Thing Different: posts big blind $0.02
*** HOLE CARDS ***
Dealt to Lorpugo [8h 5s]
MaksiDima: folds 
Sepp991: folds 
Lorpugo: folds 
Javelin-zp: folds 
Uncalled bet ($0.01) returned to Thing Different
Thing Different collected $0.02 from pot
Thing Different: doesn't show hand 
*** SUMMARY ***
Total pot $0.02 | Rake $0 
Seat 1: Thing Different (big blind) collected ($0.02)
Seat 3: MaksiDima folded before Flop (didn't bet)
Seat 4: Sepp991 folded before Flop (didn't bet)
Seat 5: Lorpugo (button) folded before Flop (didn't bet)
Seat 6: Javelin-zp (small blind) folded before Flop



PokerStars Hand #241142186996:  Hold'em No Limit ($0.01/$0.02 USD) - 2023/01/14 14:53:05 ET
Table 'Klumpkea' 6-max Seat #6 is the button
Seat 1: Thing Different ($3.41 in chips) 
Seat 3: MaksiDima ($2.07 in chips) 
Seat 4: Sepp991 ($1.89 in chips) 
Seat 5: Lorpugo ($3.80 in chips) 
Seat 6: Javelin-zp ($2.46 in chips) 
Thing Different: posts small blind $0.01
MaksiDima: posts big blind $0.02
*** HOLE CARDS ***
Dealt to Lorpugo [9c Qh]
Sepp991: calls $0.02
Lorpugo: folds 
Javelin-zp: folds 
Thing Different: calls $0.01
MaksiDima: checks 
*** FLOP *** [2s 6h 5s]
Thing Different: checks 
MaksiDima: checks 
Sepp991: bets $0.06
Thing Different: calls $0.06
MaksiDima: folds 
*** TURN *** [2s 6h 5s] [Kc]
Thing Different: checks 
Sepp991: checks 
*** RIVER *** [2s 6h 5s Kc] [4s]
Thing Different: bets $0.82
Sepp991: folds 
Uncalled bet ($0.82) returned to Thing Different
Thing Different collected $0.17 from pot
Thing Different: doesn't show hand 
*** SUMMARY ***
Total pot $0.18 | Rake $0.01 
Board [2s 6h 5s Kc 4s]
Seat 1: Thing Different (small blind) collected ($0.17)
Seat 3: MaksiDima (big blind) folded on the Flop
Seat 4: Sepp991 folded on the River
Seat 5: Lorpugo folded before Flop (didn't bet)
Seat 6: Javelin-zp (button) folded before Flop (didn't bet)



PokerStars Hand #241142213166:  Hold'em No Limit ($0.01/$0.02 USD) - 2023/01/14 14:54:06 ET
Table 'Klumpkea' 6-max Seat #1 is the button
Seat 1: Thing Different ($3.50 in chips) 
Seat 3: MaksiDima ($2.05 in chips) 
Seat 4: Sepp991 ($1.81 in chips) 
Seat 5: Lorpugo ($3.80 in chips) 
Seat 6: Javelin-zp ($2.46 in chips) 
MaksiDima: posts small blind $0.01
Sepp991: posts big blind $0.02
*** HOLE CARDS ***
Dealt to Lorpugo [Jd Ah]
Lorpugo: raises $0.03 to $0.05
Javelin-zp: folds 
Thing Different: calls $0.05
MaksiDima: folds 
Sepp991: folds 
*** FLOP *** [6c Kh 3c]
Lorpugo: bets $0.04
Thing Different: calls $0.04
*** TURN *** [6c Kh 3c] [8c]
Lorpugo: checks 
Thing Different: checks 
*** RIVER *** [6c Kh 3c 8c] [5s]
Lorpugo: checks 
Thing Different: checks 
*** SHOW DOWN ***
Lorpugo: shows [Jd Ah] (high card Ace)
Thing Different: mucks hand 
Lorpugo collected $0.20 from pot
*** SUMMARY ***
Total pot $0.21 | Rake $0.01 
Board [6c Kh 3c 8c 5s]
Seat 1: Thing Different (button) mucked [Qs 7d]
Seat 3: MaksiDima (small blind) folded before Flop
Seat 4: Sepp991 (big blind) folded before Flop
Seat 5: Lorpugo showed [Jd Ah] and won ($0.20) with high card Ace
Seat 6: Javelin-zp folded before Flop (didn't bet)



PokerStars Hand #241142232926:  Hold'em No Limit ($0.01/$0.02 USD) - 2023/01/14 14:54:52 ET
Table 'Klumpkea' 6-max Seat #3 is the button
Seat 1: Thing Different ($3.41 in chips) 
Seat 3: MaksiDima ($2.04 in chips) 
Seat 4: Sepp991 ($1.79 in chips) 
Seat 5: Lorpugo ($3.91 in chips) 
Seat 6: Javelin-zp ($2.46 in chips) 
Sepp991: posts small blind $0.01
Lorpugo: posts big blind $0.02
*** HOLE CARDS ***
Dealt to Lorpugo [3d Ac]
Javelin-zp: folds 
Thing Different: calls $0.02
MaksiDima: raises $0.05 to $0.07
Sepp991: folds 
Lorpugo: folds 
Thing Different: calls $0.05
*** FLOP *** [2s 4h Kc]
Thing Different: checks 
MaksiDima: bets $0.05
Thing Different: calls $0.05
*** TURN *** [2s 4h Kc] [3h]
Thing Different: checks 
MaksiDima: checks 
*** RIVER *** [2s 4h Kc 3h] [4d]
Thing Different: bets $0.44
MaksiDima: calls $0.44
*** SHOW DOWN ***
Thing Different: shows [4c 6c] (three of a kind, Fours)
MaksiDima: mucks hand 
Thing Different collected $1.11 from pot
*** SUMMARY ***
Total pot $1.15 | Rake $0.04 
Board [2s 4h Kc 3h 4d]
Seat 1: Thing Different showed [4c 6c] and won ($1.11) with three of a kind, Fours
Seat 3: MaksiDima (button) mucked [Ah Td]
Seat 4: Sepp991 (small blind) folded before Flop
Seat 5: Lorpugo (big blind) folded before Flop
Seat 6: Javelin-zp folded before Flop (didn't bet)



PokerStars Hand #241142249677:  Hold'em No Limit ($0.01/$0.02 USD) - 2023/01/14 14:55:40 ET
Table 'Klumpkea' 6-max Seat #4 is the button
Seat 1: Thing Different ($3.96 in chips) 
Seat 3: MaksiDima ($2 in chips) 
Seat 4: Sepp991 ($1.78 in chips) 
Seat 5: Lorpugo ($3.89 in chips) 
Seat 6: Javelin-zp ($2.46 in chips) 
Lorpugo: posts small blind $0.01
Javelin-zp: posts big blind $0.02
*** HOLE CARDS ***
Dealt to Lorpugo [9s 5h]
Thing Different: calls $0.02
MaksiDima: raises $0.05 to $0.07
Sepp991: folds 
Lorpugo: folds 
Javelin-zp: calls $0.05
Thing Different: calls $0.05
*** FLOP *** [3d Td Ad]
Javelin-zp: checks 
Thing Different: checks 
MaksiDima: checks 
*** TURN *** [3d Td Ad] [6c]
Javelin-zp: bets $0.07
Thing Different: calls $0.07
MaksiDima: folds 
*** RIVER *** [3d Td Ad 6c] [8d]
Javelin-zp: bets $0.26
Thing Different: calls $0.26
*** SHOW DOWN ***
Javelin-zp: shows [Kd Ah] (a flush, Ace high)
Thing Different: mucks hand 
Javelin-zp collected $0.85 from pot
*** SUMMARY ***
Total pot $0.88 | Rake $0.03 
Board [3d Td Ad 6c 8d]
Seat 1: Thing Different mucked [Ac 4c]
Seat 3: MaksiDima folded on the Turn
Seat 4: Sepp991 (button) folded before Flop (didn't bet)
Seat 5: Lorpugo (small blind) folded before Flop
Seat 6: Javelin-zp (big blind) showed [Kd Ah] and won ($0.85) with a flush, Ace high



PokerStars Hand #241142265703:  Hold'em No Limit ($0.01/$0.02 USD) - 2023/01/14 14:56:35 ET
Table 'Klumpkea' 6-max Seat #5 is the button
Seat 1: Thing Different ($3.56 in chips) 
Seat 3: MaksiDima ($2 in chips) 
Seat 4: Sepp991 ($1.78 in chips) 
Seat 5: Lorpugo ($3.88 in chips) 
Seat 6: Javelin-zp ($2.91 in chips) 
Javelin-zp: posts small blind $0.01
Thing Different: posts big blind $0.02
*** HOLE CARDS ***
Dealt to Lorpugo [5d Qc]
MaksiDima: folds 
Sepp991: calls $0.02
Lorpugo: folds 
Javelin-zp: folds 
Thing Different: checks 
*** FLOP *** [2s 2h 3h]
Thing Different: checks 
Sepp991: bets $0.05
Thing Different: calls $0.05
*** TURN *** [2s 2h 3h] [Ah]
Thing Different: checks 
Sepp991: checks 
*** RIVER *** [2s 2h 3h Ah] [6s]
Thing Different: bets $0.36
Sepp991: folds 
Uncalled bet ($0.36) returned to Thing Different
Thing Different collected $0.14 from pot
Thing Different: doesn't show hand 
*** SUMMARY ***
Total pot $0.15 | Rake $0.01 
Board [2s 2h 3h Ah 6s]
Seat 1: Thing Different (big blind) collected ($0.14)
Seat 3: MaksiDima folded before Flop (didn't bet)
Seat 4: Sepp991 folded on the River
Seat 5: Lorpugo (button) folded before Flop (didn't bet)
Seat 6: Javelin-zp (small blind) folded before Flop



PokerStars Hand #241142279433:  Hold'em No Limit ($0.01/$0.02 USD) - 2023/01/14 14:57:22 ET
Table 'Klumpkea' 6-max Seat #6 is the button
Seat 1: Thing Different ($3.63 in chips) 
Seat 3: MaksiDima ($2 in chips) 
Seat 4: Sepp991 ($1.71 in chips) 
Seat 5: Lorpugo ($3.88 in chips) 
Seat 6: Javelin-zp ($2.90 in chips) 
Thing Different: posts small blind $0.01
MaksiDima: posts big blind $0.02
*** HOLE CARDS ***
Dealt to Lorpugo [2s Ad]
Sepp991: folds 
Lorpugo: raises $0.02 to $0.04
Javelin-zp: folds 
Thing Different: calls $0.03
MaksiDima: folds 
*** FLOP *** [Jc 9d 7d]
Thing Different: checks 
Lorpugo: checks 
*** TURN *** [Jc 9d 7d] [7s]
woodyuk296 leaves the table
Thing Different: checks 
Lorpugo: bets $0.03
Thing Different: calls $0.03
*** RIVER *** [Jc 9d 7d 7s] [Ah]
Thing Different: bets $0.18
Lorpugo: calls $0.18
*** SHOW DOWN ***
Thing Different: shows [As 2h] (two pair, Aces and Sevens)
Lorpugo: shows [2s Ad] (two pair, Aces and Sevens)
fila2748 joins the table at seat #2 
Thing Different collected $0.25 from pot
Lorpugo collected $0.25 from pot
*** SUMMARY ***
Total pot $0.52 | Rake $0.02 
Board [Jc 9d 7d 7s Ah]
Seat 1: Thing Different (small blind) showed [As 2h] and won ($0.25) with two pair, Aces and Sevens
Seat 3: MaksiDima (big blind) folded before Flop
Seat 4: Sepp991 folded before Flop (didn't bet)
Seat 5: Lorpugo showed [2s Ad] and won ($0.25) with two pair, Aces and Sevens
Seat 6: Javelin-zp (button) folded before Flop (didn't bet)



PokerStars Hand #241142290835:  Hold'em No Limit ($0.01/$0.02 USD) - 2023/01/14 14:58:02 ET
Table 'Klumpkea' 6-max Seat #1 is the button
Seat 1: Thing Different ($3.63 in chips) 
Seat 3: MaksiDima ($2 in chips) 
Seat 4: Sepp991 ($1.71 in chips) 
Seat 5: Lorpugo ($3.88 in chips) 
Seat 6: Javelin-zp ($2.90 in chips) 
MaksiDima: posts small blind $0.01
Sepp991: posts big blind $0.02
*** HOLE CARDS ***
Dealt to Lorpugo [8h Kh]
Lorpugo: folds 
Javelin-zp: folds 
Thing Different: folds 
MaksiDima: raises $0.05 to $0.07
Sepp991: folds 
Uncalled bet ($0.05) returned to MaksiDima
MaksiDima collected $0.04 from pot
MaksiDima: doesn't show hand 
*** SUMMARY ***
Total pot $0.04 | Rake $0 
Seat 1: Thing Different (button) folded before Flop (didn't bet)
Seat 3: MaksiDima (small blind) collected ($0.04)
Seat 4: Sepp991 (big blind) folded before Flop
Seat 5: Lorpugo folded before Flop (didn't bet)
Seat 6: Javelin-zp folded before Flop (didn't bet)



PokerStars Hand #241142294415:  Hold'em No Limit ($0.01/$0.02 USD) - 2023/01/14 14:58:14 ET
Table 'Klumpkea' 6-max Seat #3 is the button
Seat 1: Thing Different ($3.63 in chips) 
Seat 3: MaksiDima ($2.02 in chips) 
Seat 4: Sepp991 ($1.69 in chips) 
Seat 5: Lorpugo ($3.88 in chips) 
Seat 6: Javelin-zp ($2.90 in chips) 
Sepp991: posts small blind $0.01
Lorpugo: posts big blind $0.02
*** HOLE CARDS ***
Dealt to Lorpugo [Ks Qd]
Javelin-zp: folds 
Thing Different: calls $0.02
MaksiDima: folds 
Sepp991: folds 
Lorpugo: raises $0.08 to $0.10
Thing Different: calls $0.08
*** FLOP *** [7c 8c Ts]
Lorpugo: checks 
Thing Different: checks 
*** TURN *** [7c 8c Ts] [Kc]
Lorpugo: bets $0.13
Thing Different: calls $0.13
*** RIVER *** [7c 8c Ts Kc] [9c]
Lorpugo: checks 
Thing Different: bets $0.38
Lorpugo: folds 
Uncalled bet ($0.38) returned to Thing Different
Thing Different collected $0.45 from pot
Thing Different: doesn't show hand 
*** SUMMARY ***
Total pot $0.47 | Rake $0.02 
Board [7c 8c Ts Kc 9c]
Seat 1: Thing Different collected ($0.45)
Seat 3: MaksiDima (button) folded before Flop (didn't bet)
Seat 4: Sepp991 (small blind) folded before Flop
Seat 5: Lorpugo (big blind) folded on the River
Seat 6: Javelin-zp folded before Flop (didn't bet)



PokerStars Hand #241142308934:  Hold'em No Limit ($0.01/$0.02 USD) - 2023/01/14 14:59:04 ET
Table 'Klumpkea' 6-max Seat #4 is the button
Seat 1: Thing Different ($3.85 in chips) 
Seat 3: MaksiDima ($2.02 in chips) 
Seat 4: Sepp991 ($1.68 in chips) 
Seat 5: Lorpugo ($3.65 in chips) 
Seat 6: Javelin-zp ($2.90 in chips) 
Lorpugo: posts small blind $0.01
Javelin-zp: posts big blind $0.02
*** HOLE CARDS ***
Dealt to Lorpugo [9d 5s]
Thing Different: folds 
MaksiDima: raises $0.03 to $0.05
Sepp991: calls $0.05
Lorpugo: folds 
Javelin-zp: folds 
*** FLOP *** [Th Kh 8s]
MaksiDima: bets $0.09
Sepp991: folds 
Uncalled bet ($0.09) returned to MaksiDima
MaksiDima collected $0.13 from pot
MaksiDima: doesn't show hand 
*** SUMMARY ***
Total pot $0.13 | Rake $0 
Board [Th Kh 8s]
Seat 1: Thing Different folded before Flop (didn't bet)
Seat 3: MaksiDima collected ($0.13)
Seat 4: Sepp991 (button) folded on the Flop
Seat 5: Lorpugo (small blind) folded before Flop
Seat 6: Javelin-zp (big blind) folded before Flop



PokerStars Hand #241142319332:  Hold'em No Limit ($0.01/$0.02 USD) - 2023/01/14 14:59:39 ET
Table 'Klumpkea' 6-max Seat #5 is the button
Seat 1: Thing Different ($3.85 in chips) 
Seat 3: MaksiDima ($2.10 in chips) 
Seat 4: Sepp991 ($1.63 in chips) 
Seat 5: Lorpugo ($3.64 in chips) 
Seat 6: Javelin-zp ($2.88 in chips) 
Javelin-zp: posts small blind $0.01
Thing Different: posts big blind $0.02
*** HOLE CARDS ***
Dealt to Lorpugo [7h 9s]
MaksiDima: raises $0.03 to $0.05
Sepp991: calls $0.05
Lorpugo: folds 
Javelin-zp: folds 
Thing Different: calls $0.03
*** FLOP *** [Jd Th 2c]
Thing Different: checks 
MaksiDima: bets $0.10
Sepp991: folds 
Thing Different: folds 
Uncalled bet ($0.10) returned to MaksiDima
MaksiDima collected $0.15 from pot
MaksiDima: doesn't show hand 
*** SUMMARY ***
Total pot $0.16 | Rake $0.01 
Board [Jd Th 2c]
Seat 1: Thing Different (big blind) folded on the Flop
Seat 3: MaksiDima collected ($0.15)
Seat 4: Sepp991 folded on the Flop
Seat 5: Lorpugo (button) folded before Flop (didn't bet)
Seat 6: Javelin-zp (small blind) folded before Flop



PokerStars Hand #241142325989:  Hold'em No Limit ($0.01/$0.02 USD) - 2023/01/14 15:00:01 ET
Table 'Klumpkea' 6-max Seat #6 is the button
Seat 1: Thing Different ($3.80 in chips) 
Seat 2: fila2748 ($2 in chips) 
Seat 3: MaksiDima ($2.20 in chips) 
Seat 4: Sepp991 ($1.58 in chips) 
Seat 5: Lorpugo ($3.64 in chips) 
Seat 6: Javelin-zp ($2.87 in chips) 
Thing Different: posts small blind $0.01
fila2748: posts big blind $0.02
*** HOLE CARDS ***
Dealt to Lorpugo [5s 8d]
MaksiDima: raises $0.03 to $0.05
Sepp991: folds 
Lorpugo: folds 
Javelin-zp: folds 
Thing Different: calls $0.04
fila2748: folds 
*** FLOP *** [Jh 9c 7c]
Thing Different: checks 
MaksiDima: checks 
*** TURN *** [Jh 9c 7c] [As]
Thing Different: checks 
MaksiDima: bets $0.08
Thing Different: folds 
Uncalled bet ($0.08) returned to MaksiDima
MaksiDima collected $0.12 from pot
MaksiDima: doesn't show hand 
*** SUMMARY ***
Total pot $0.12 | Rake $0 
Board [Jh 9c 7c As]
Seat 1: Thing Different (small blind) folded on the Turn
Seat 2: fila2748 (big blind) folded before Flop
Seat 3: MaksiDima collected ($0.12)
Seat 4: Sepp991 folded before Flop (didn't bet)
Seat 5: Lorpugo folded before Flop (didn't bet)
Seat 6: Javelin-zp (button) folded before Flop (didn't bet)



PokerStars Hand #241142348548:  Hold'em No Limit ($0.01/$0.02 USD) - 2023/01/14 15:01:11 ET
Table 'Klumpkea' 6-max Seat #1 is the button
Seat 1: Thing Different ($3.75 in chips) 
Seat 2: fila2748 ($1.98 in chips) 
Seat 3: MaksiDima ($2.27 in chips) 
Seat 4: Sepp991 ($1.58 in chips) 
Seat 5: Lorpugo ($3.64 in chips) 
Seat 6: Javelin-zp ($2.87 in chips) 
fila2748: posts small blind $0.01
MaksiDima: posts big blind $0.02
*** HOLE CARDS ***
Dealt to Lorpugo [2d 9h]
Sepp991: folds 
Lorpugo: folds 
Javelin-zp: folds 
Thing Different: calls $0.02
fila2748: folds 
MaksiDima: checks 
*** FLOP *** [Ac Jh Kd]
MaksiDima: checks 
Thing Different: checks 
*** TURN *** [Ac Jh Kd] [8d]
MaksiDima: checks 
Thing Different: checks 
*** RIVER *** [Ac Jh Kd 8d] [Qs]
MaksiDima: checks 
Thing Different: checks 
*** SHOW DOWN ***
MaksiDima: shows [2s 4d] (high card Ace)
Thing Different: shows [3s 7s] (high card Ace)
MaksiDima collected $0.03 from pot
Thing Different collected $0.02 from pot
*** SUMMARY ***
Total pot $0.05 | Rake $0 
Board [Ac Jh Kd 8d Qs]
Seat 1: Thing Different (button) showed [3s 7s] and won ($0.02) with high card Ace
Seat 2: fila2748 (small blind) folded before Flop
Seat 3: MaksiDima (big blind) showed [2s 4d] and won ($0.03) with high card Ace
Seat 4: Sepp991 folded before Flop (didn't bet)
Seat 5: Lorpugo folded before Flop (didn't bet)
Seat 6: Javelin-zp folded before Flop (didn't bet)



PokerStars Hand #241142360975:  Hold'em No Limit ($0.01/$0.02 USD) - 2023/01/14 15:01:46 ET
Table 'Klumpkea' 6-max Seat #2 is the button
Seat 1: Thing Different ($3.75 in chips) 
Seat 2: fila2748 ($1.97 in chips) 
Seat 3: MaksiDima ($2.28 in chips) 
Seat 4: Sepp991 ($1.58 in chips) 
Seat 5: Lorpugo ($3.64 in chips) 
Seat 6: Javelin-zp ($2.87 in chips) 
MaksiDima: posts small blind $0.01
Sepp991: posts big blind $0.02
*** HOLE CARDS ***
Dealt to Lorpugo [As 3h]
Lorpugo: folds 
Javelin-zp: folds 
Thing Different: calls $0.02
fila2748: folds 
MaksiDima: raises $0.07 to $0.09
fila2748 leaves the table
Sepp991: folds 
Thing Different: calls $0.07
*** FLOP *** [2d 5h 6s]
MaksiDima: checks 
Thing Different: checks 
*** TURN *** [2d 5h 6s] [Ks]
MaksiDima: checks 
Thing Different: checks 
*** RIVER *** [2d 5h 6s Ks] [Th]
genivalpoker joins the table at seat #2 
MaksiDima: bets $0.26
Thing Different: folds 
Uncalled bet ($0.26) returned to MaksiDima
MaksiDima collected $0.19 from pot
MaksiDima: doesn't show hand 
*** SUMMARY ***
Total pot $0.20 | Rake $0.01 
Board [2d 5h 6s Ks Th]
Seat 1: Thing Different folded on the River
Seat 2: fila2748 (button) folded before Flop (didn't bet)
Seat 3: MaksiDima (small blind) collected ($0.19)
Seat 4: Sepp991 (big blind) folded before Flop
Seat 5: Lorpugo folded before Flop (didn't bet)
Seat 6: Javelin-zp folded before Flop (didn't bet)



PokerStars Hand #241142375142:  Hold'em No Limit ($0.01/$0.02 USD) - 2023/01/14 15:02:21 ET
Table 'Klumpkea' 6-max Seat #3 is the button
Seat 1: Thing Different ($3.66 in chips) 
Seat 2: genivalpoker ($0.80 in chips) 
Seat 3: MaksiDima ($2.38 in chips) 
Seat 4: Sepp991 ($1.56 in chips) 
Seat 5: Lorpugo ($3.64 in chips) 
Seat 6: Javelin-zp ($2.87 in chips) 
Sepp991: posts small blind $0.01
Lorpugo: posts big blind $0.02
genivalpoker: posts big blind $0.02
*** HOLE CARDS ***
Dealt to Lorpugo [Jd 4h]
Javelin-zp: raises $0.03 to $0.05
Thing Different: folds 
genivalpoker: folds 
MaksiDima: folds 
Sepp991: folds 
Lorpugo: folds 
Uncalled bet ($0.03) returned to Javelin-zp
Javelin-zp collected $0.07 from pot
Javelin-zp: doesn't show hand 
*** SUMMARY ***
Total pot $0.07 | Rake $0 
Seat 1: Thing Different folded before Flop (didn't bet)
Seat 2: genivalpoker folded before Flop (didn't bet)
Seat 3: MaksiDima (button) folded before Flop (didn't bet)
Seat 4: Sepp991 (small blind) folded before Flop
Seat 5: Lorpugo (big blind) folded before Flop
Seat 6: Javelin-zp collected ($0.07)



PokerStars Hand #241142380220:  Hold'em No Limit ($0.01/$0.02 USD) - 2023/01/14 15:02:34 ET
Table 'Klumpkea' 6-max Seat #4 is the button
Seat 1: Thing Different ($3.66 in chips) 
Seat 2: genivalpoker ($0.78 in chips) 
Seat 3: MaksiDima ($2.38 in chips) 
Seat 4: Sepp991 ($1.55 in chips) 
Seat 5: Lorpugo ($3.62 in chips) 
Seat 6: Javelin-zp ($2.92 in chips) 
Lorpugo: posts small blind $0.01
Javelin-zp: posts big blind $0.02
*** HOLE CARDS ***
Dealt to Lorpugo [9h Ks]
Thing Different: calls $0.02
genivalpoker: folds 
MaksiDima: folds 
Sepp991: folds 
Lorpugo: folds 
Javelin-zp: checks 
*** FLOP *** [Ac Qh 7h]
Javelin-zp: checks 
Thing Different: checks 
*** TURN *** [Ac Qh 7h] [Th]
Javelin-zp: checks 
Thing Different: bets $0.08
Javelin-zp: folds 
Uncalled bet ($0.08) returned to Thing Different
Thing Different collected $0.05 from pot
Thing Different: doesn't show hand 
*** SUMMARY ***
Total pot $0.05 | Rake $0 
Board [Ac Qh 7h Th]
Seat 1: Thing Different collected ($0.05)
Seat 2: genivalpoker folded before Flop (didn't bet)
Seat 3: MaksiDima folded before Flop (didn't bet)
Seat 4: Sepp991 (button) folded before Flop (didn't bet)
Seat 5: Lorpugo (small blind) folded before Flop
Seat 6: Javelin-zp (big blind) folded on the Turn



PokerStars Hand #241142407591:  Hold'em No Limit ($0.01/$0.02 USD) - 2023/01/14 15:03:39 ET
Table 'Klumpkea' 6-max Seat #5 is the button
Seat 1: Thing Different ($3.69 in chips) 
Seat 2: genivalpoker ($0.78 in chips) 
Seat 3: MaksiDima ($2.38 in chips) 
Seat 4: Sepp991 ($1.55 in chips) 
Seat 5: Lorpugo ($3.61 in chips) 
Seat 6: Javelin-zp ($2.90 in chips) 
Javelin-zp: posts small blind $0.01
Thing Different: posts big blind $0.02
*** HOLE CARDS ***
Dealt to Lorpugo [6h As]
genivalpoker: folds 
MaksiDima: folds 
Sepp991: calls $0.02
Lorpugo: raises $0.08 to $0.10
Javelin-zp: folds 
Thing Different: calls $0.08
Sepp991: folds 
*** FLOP *** [Qh Js 3d]
Thing Different: checks 
Lorpugo: checks 
*** TURN *** [Qh Js 3d] [8h]
Thing Different: checks 
Lorpugo: checks 
*** RIVER *** [Qh Js 3d 8h] [3s]
Thing Different: checks 
Lorpugo: checks 
*** SHOW DOWN ***
Thing Different: shows [5d Ah] (a pair of Threes)
Lorpugo: shows [6h As] (a pair of Threes)
Thing Different collected $0.11 from pot
Lorpugo collected $0.11 from pot
*** SUMMARY ***
Total pot $0.23 | Rake $0.01 
Board [Qh Js 3d 8h 3s]
Seat 1: Thing Different (big blind) showed [5d Ah] and won ($0.11) with a pair of Threes
Seat 2: genivalpoker folded before Flop (didn't bet)
Seat 3: MaksiDima folded before Flop (didn't bet)
Seat 4: Sepp991 folded before Flop
Seat 5: Lorpugo (button) showed [6h As] and won ($0.11) with a pair of Threes
Seat 6: Javelin-zp (small blind) folded before Flop



PokerStars Hand #241142430809:  Hold'em No Limit ($0.01/$0.02 USD) - 2023/01/14 15:04:33 ET
Table 'Klumpkea' 6-max Seat #6 is the button
Seat 1: Thing Different ($3.70 in chips) 
Seat 2: genivalpoker ($0.78 in chips) 
Seat 3: MaksiDima ($2.38 in chips) 
Seat 4: Sepp991 ($1.53 in chips) 
Seat 5: Lorpugo ($3.62 in chips) 
Seat 6: Javelin-zp ($2.89 in chips) 
Thing Different: posts small blind $0.01
genivalpoker: posts big blind $0.02
*** HOLE CARDS ***
Dealt to Lorpugo [Ts 8d]
MaksiDima: folds 
Sepp991: folds 
Lorpugo: folds 
Javelin-zp: folds 
Thing Different: calls $0.01
genivalpoker: checks 
*** FLOP *** [Kh 7c 6d]
Thing Different: checks 
genivalpoker: bets $0.02
Thing Different: calls $0.02
*** TURN *** [Kh 7c 6d] [Th]
Thing Different: checks 
genivalpoker: bets $0.04
Thing Different: calls $0.04
*** RIVER *** [Kh 7c 6d Th] [9c]
Thing Different: bets $0.38
genivalpoker: calls $0.38
*** SHOW DOWN ***
Thing Different: shows [6s 8s] (a straight, Six to Ten)
genivalpoker: mucks hand 
Thing Different collected $0.89 from pot
*** SUMMARY ***
Total pot $0.92 | Rake $0.03 
Board [Kh 7c 6d Th 9c]
Seat 1: Thing Different (small blind) showed [6s 8s] and won ($0.89) with a straight, Six to Ten
Seat 2: genivalpoker (big blind) mucked [2s 7s]
Seat 3: MaksiDima folded before Flop (didn't bet)
Seat 4: Sepp991 folded before Flop (didn't bet)
Seat 5: Lorpugo folded before Flop (didn't bet)
Seat 6: Javelin-zp (button) folded before Flop (didn't bet)



PokerStars Hand #241142458468:  Hold'em No Limit ($0.01/$0.02 USD) - 2023/01/14 15:05:33 ET
Table 'Klumpkea' 6-max Seat #1 is the button
Seat 1: Thing Different ($4.13 in chips) 
Seat 2: genivalpoker ($0.32 in chips) 
Seat 3: MaksiDima ($2.38 in chips) 
Seat 4: Sepp991 ($1.53 in chips) 
Seat 5: Lorpugo ($3.62 in chips) 
Seat 6: Javelin-zp ($2.89 in chips) 
genivalpoker: posts small blind $0.01
MaksiDima: posts big blind $0.02
*** HOLE CARDS ***
Dealt to Lorpugo [3c 7h]
Sepp991: calls $0.02
Lorpugo: folds 
Javelin-zp: raises $0.04 to $0.06
Thing Different: calls $0.06
genivalpoker: folds 
MaksiDima: raises $0.22 to $0.28
Sepp991: folds 
Javelin-zp: folds 
Thing Different: folds 
Uncalled bet ($0.22) returned to MaksiDima
MaksiDima collected $0.21 from pot
MaksiDima: doesn't show hand 
*** SUMMARY ***
Total pot $0.21 | Rake $0 
Seat 1: Thing Different (button) folded before Flop
Seat 2: genivalpoker (small blind) folded before Flop
Seat 3: MaksiDima (big blind) collected ($0.21)
Seat 4: Sepp991 folded before Flop
Seat 5: Lorpugo folded before Flop (didn't bet)
Seat 6: Javelin-zp folded before Flop



PokerStars Hand #241142478268:  Hold'em No Limit ($0.01/$0.02 USD) - 2023/01/14 15:06:17 ET
Table 'Klumpkea' 6-max Seat #2 is the button
Seat 1: Thing Different ($4.07 in chips) 
Seat 2: genivalpoker ($0.31 in chips) 
Seat 3: MaksiDima ($2.53 in chips) 
Seat 4: Sepp991 ($1.51 in chips) 
Seat 5: Lorpugo ($3.62 in chips) 
Seat 6: Javelin-zp ($2.83 in chips) 
MaksiDima: posts small blind $0.01
Sepp991: posts big blind $0.02
*** HOLE CARDS ***
Dealt to Lorpugo [Jc 5s]
Lorpugo: folds 
Javelin-zp: folds 
Thing Different: calls $0.02
genivalpoker: folds 
MaksiDima: calls $0.01
Sepp991: checks 
*** FLOP *** [7h Td Ac]
MaksiDima: checks 
Sepp991: checks 
Thing Different: checks 
*** TURN *** [7h Td Ac] [4d]
MaksiDima: checks 
Sepp991: checks 
Thing Different: bets $0.14
MaksiDima: folds 
Sepp991: folds 
Uncalled bet ($0.14) returned to Thing Different
Thing Different collected $0.06 from pot
Thing Different: doesn't show hand 
*** SUMMARY ***
Total pot $0.06 | Rake $0 
Board [7h Td Ac 4d]
Seat 1: Thing Different collected ($0.06)
Seat 2: genivalpoker (button) folded before Flop (didn't bet)
Seat 3: MaksiDima (small blind) folded on the Turn
Seat 4: Sepp991 (big blind) folded on the Turn
Seat 5: Lorpugo folded before Flop (didn't bet)
Seat 6: Javelin-zp folded before Flop (didn't bet)



PokerStars Hand #241142496168:  Hold'em No Limit ($0.01/$0.02 USD) - 2023/01/14 15:06:56 ET
Table 'Klumpkea' 6-max Seat #3 is the button
Seat 1: Thing Different ($4.11 in chips) 
Seat 2: genivalpoker ($0.31 in chips) 
Seat 3: MaksiDima ($2.51 in chips) 
Seat 4: Sepp991 ($1.49 in chips) 
Seat 5: Lorpugo ($3.62 in chips) 
Seat 6: Javelin-zp ($2.83 in chips) 
Sepp991: posts small blind $0.01
Lorpugo: posts big blind $0.02
*** HOLE CARDS ***
Dealt to Lorpugo [Td 3c]
Javelin-zp: folds 
Thing Different: calls $0.02
genivalpoker: folds 
MaksiDima: folds 
Sepp991: calls $0.01
Lorpugo: checks 
*** FLOP *** [Qd 8c 6c]
Sepp991: bets $0.03
Lorpugo: folds 
Thing Different: calls $0.03
*** TURN *** [Qd 8c 6c] [Ad]
Sepp991: bets $0.02
Thing Different: calls $0.02
*** RIVER *** [Qd 8c 6c Ad] [Ah]
Sepp991: bets $0.02
Thing Different: calls $0.02
*** SHOW DOWN ***
Sepp991: shows [Qc 9h] (two pair, Aces and Queens)
Thing Different: mucks hand 
Sepp991 collected $0.19 from pot
*** SUMMARY ***
Total pot $0.20 | Rake $0.01 
Board [Qd 8c 6c Ad Ah]
Seat 1: Thing Different mucked [Ks 9d]
Seat 2: genivalpoker folded before Flop (didn't bet)
Seat 3: MaksiDima (button) folded before Flop (didn't bet)
Seat 4: Sepp991 (small blind) showed [Qc 9h] and won ($0.19) with two pair, Aces and Queens
Seat 5: Lorpugo (big blind) folded on the Flop
Seat 6: Javelin-zp folded before Flop (didn't bet)



PokerStars Hand #241142527041:  Hold'em No Limit ($0.01/$0.02 USD) - 2023/01/14 15:08:03 ET
Table 'Klumpkea' 6-max Seat #4 is the button
Seat 1: Thing Different ($4.02 in chips) 
Seat 2: genivalpoker ($0.31 in chips) 
Seat 3: MaksiDima ($2.51 in chips) 
Seat 4: Sepp991 ($1.59 in chips) 
Seat 5: Lorpugo ($3.60 in chips) 
Seat 6: Javelin-zp ($2.83 in chips) 
Lorpugo: posts small blind $0.01
Javelin-zp: posts big blind $0.02
*** HOLE CARDS ***
Dealt to Lorpugo [5d 8d]
Thing Different: calls $0.02
genivalpoker: folds 
MaksiDima: folds 
Sepp991: folds 
Lorpugo: calls $0.01
Javelin-zp: checks 
*** FLOP *** [9d 2h 8c]
Lorpugo: bets $0.02
Javelin-zp: folds 
Thing Different: calls $0.02
*** TURN *** [9d 2h 8c] [4s]
Lorpugo: bets $0.02
Thing Different: calls $0.02
*** RIVER *** [9d 2h 8c 4s] [As]
Lorpugo: checks 
Thing Different: checks 
*** SHOW DOWN ***
Lorpugo: shows [5d 8d] (a pair of Eights)
Thing Different: shows [Qd 8s] (a pair of Eights - Ace+Queen kicker)
Thing Different collected $0.14 from pot
*** SUMMARY ***
Total pot $0.14 | Rake $0 
Board [9d 2h 8c 4s As]
Seat 1: Thing Different showed [Qd 8s] and won ($0.14) with a pair of Eights
Seat 2: genivalpoker folded before Flop (didn't bet)
Seat 3: MaksiDima folded before Flop (didn't bet)
Seat 4: Sepp991 (button) folded before Flop (didn't bet)
Seat 5: Lorpugo (small blind) showed [5d 8d] and lost with a pair of Eights
Seat 6: Javelin-zp (big blind) folded on the Flop



PokerStars Hand #241142548335:  Hold'em No Limit ($0.01/$0.02 USD) - 2023/01/14 15:08:49 ET
Table 'Klumpkea' 6-max Seat #5 is the button
Seat 1: Thing Different ($4.10 in chips) 
Seat 2: genivalpoker ($0.31 in chips) 
Seat 3: MaksiDima ($2.51 in chips) 
Seat 4: Sepp991 ($1.59 in chips) 
Seat 5: Lorpugo ($3.54 in chips) 
Seat 6: Javelin-zp ($2.81 in chips) 
Javelin-zp: posts small blind $0.01
Thing Different: posts big blind $0.02
*** HOLE CARDS ***
Dealt to Lorpugo [Ac 3s]
genivalpoker: raises $0.02 to $0.04
MaksiDima: folds 
Sepp991: folds 
Lorpugo: calls $0.04
Javelin-zp: calls $0.03
Thing Different: calls $0.02
*** FLOP *** [2d 7c 8c]
Javelin-zp: checks 
Thing Different: checks 
genivalpoker: bets $0.15
Lorpugo: folds 
Javelin-zp: folds 
Thing Different: calls $0.15
*** TURN *** [2d 7c 8c] [2c]
Thing Different: checks 
genivalpoker: bets $0.12 and is all-in
Thing Different: folds 
Uncalled bet ($0.12) returned to genivalpoker
genivalpoker collected $0.44 from pot
genivalpoker: doesn't show hand 
*** SUMMARY ***
Total pot $0.46 | Rake $0.02 
Board [2d 7c 8c 2c]
Seat 1: Thing Different (big blind) folded on the Turn
Seat 2: genivalpoker collected ($0.44)
Seat 3: MaksiDima folded before Flop (didn't bet)
Seat 4: Sepp991 folded before Flop (didn't bet)
Seat 5: Lorpugo (button) folded on the Flop
Seat 6: Javelin-zp (small blind) folded on the Flop



PokerStars Hand #241142571370:  Hold'em No Limit ($0.01/$0.02 USD) - 2023/01/14 15:09:39 ET
Table 'Klumpkea' 6-max Seat #6 is the button
Seat 1: Thing Different ($3.91 in chips) 
Seat 2: genivalpoker ($0.56 in chips) 
Seat 3: MaksiDima ($2.51 in chips) 
Seat 4: Sepp991 ($1.59 in chips) 
Seat 5: Lorpugo ($3.50 in chips) 
Seat 6: Javelin-zp ($2.77 in chips) 
Thing Different: posts small blind $0.01
genivalpoker: posts big blind $0.02
*** HOLE CARDS ***
Dealt to Lorpugo [Qc 2h]
MaksiDima: folds 
Sepp991: calls $0.02
Lorpugo: folds 
Javelin-zp: folds 
Thing Different: calls $0.01
genivalpoker: checks 
*** FLOP *** [7d Js 9d]
Thing Different: checks 
genivalpoker: checks 
Sepp991: checks 
*** TURN *** [7d Js 9d] [6c]
Thing Different: checks 
genivalpoker: bets $0.03
Sepp991: folds 
Thing Different: calls $0.03
*** RIVER *** [7d Js 9d 6c] [3d]
Thing Different: checks 
genivalpoker: bets $0.51 and is all-in
Thing Different: folds 
Uncalled bet ($0.51) returned to genivalpoker
genivalpoker collected $0.12 from pot
genivalpoker: doesn't show hand 
*** SUMMARY ***
Total pot $0.12 | Rake $0 
Board [7d Js 9d 6c 3d]
Seat 1: Thing Different (small blind) folded on the River
Seat 2: genivalpoker (big blind) collected ($0.12)
Seat 3: MaksiDima folded before Flop (didn't bet)
Seat 4: Sepp991 folded on the Turn
Seat 5: Lorpugo folded before Flop (didn't bet)
Seat 6: Javelin-zp (button) folded before Flop (didn't bet)



PokerStars Hand #241142607162:  Hold'em No Limit ($0.01/$0.02 USD) - 2023/01/14 15:10:58 ET
Table 'Klumpkea' 6-max Seat #1 is the button
Seat 1: Thing Different ($3.86 in chips) 
Seat 2: genivalpoker ($0.63 in chips) 
Seat 3: MaksiDima ($2.51 in chips) 
Seat 4: Sepp991 ($1.57 in chips) 
Seat 5: Lorpugo ($3.50 in chips) 
Seat 6: Javelin-zp ($2.77 in chips) 
genivalpoker: posts small blind $0.01
MaksiDima: posts big blind $0.02
*** HOLE CARDS ***
Dealt to Lorpugo [3d 4s]
Sepp991: folds 
Lorpugo: folds 
Javelin-zp: raises $0.06 to $0.08
Thing Different: calls $0.08
genivalpoker: folds 
MaksiDima: calls $0.06
*** FLOP *** [Kd 5d 7c]
MaksiDima: checks 
Javelin-zp: checks 
Thing Different: checks 
*** TURN *** [Kd 5d 7c] [Td]
MaksiDima: bets $0.16
Javelin-zp: folds 
Thing Different: folds 
Uncalled bet ($0.16) returned to MaksiDima
MaksiDima collected $0.24 from pot
MaksiDima: doesn't show hand 
*** SUMMARY ***
Total pot $0.25 | Rake $0.01 
Board [Kd 5d 7c Td]
Seat 1: Thing Different (button) folded on the Turn
Seat 2: genivalpoker (small blind) folded before Flop
Seat 3: MaksiDima (big blind) collected ($0.24)
Seat 4: Sepp991 folded before Flop (didn't bet)
Seat 5: Lorpugo folded before Flop (didn't bet)
Seat 6: Javelin-zp folded on the Turn



PokerStars Hand #241142628301:  Hold'em No Limit ($0.01/$0.02 USD) - 2023/01/14 15:11:44 ET
Table 'Klumpkea' 6-max Seat #2 is the button
Seat 1: Thing Different ($3.78 in chips) 
Seat 2: genivalpoker ($0.62 in chips) 
Seat 3: MaksiDima ($2.67 in chips) 
Seat 4: Sepp991 ($1.57 in chips) 
Seat 5: Lorpugo ($3.50 in chips) 
Seat 6: Javelin-zp ($2.69 in chips) 
MaksiDima: posts small blind $0.01
Sepp991: posts big blind $0.02
*** HOLE CARDS ***
Dealt to Lorpugo [Td Ks]
Lorpugo: folds 
Javelin-zp: folds 
Thing Different: calls $0.02
genivalpoker: folds 
MaksiDima: folds 
Sepp991: checks 
*** FLOP *** [4s Jc 7h]
Sepp991: bets $0.02
Thing Different: calls $0.02
*** TURN *** [4s Jc 7h] [3d]
Sepp991: bets $0.09
Thing Different: calls $0.09
*** RIVER *** [4s Jc 7h 3d] [Ac]
Sepp991: bets $0.02
Thing Different: folds 
Uncalled bet ($0.02) returned to Sepp991
Sepp991 collected $0.26 from pot
Sepp991: doesn't show hand 
*** SUMMARY ***
Total pot $0.27 | Rake $0.01 
Board [4s Jc 7h 3d Ac]
Seat 1: Thing Different folded on the River
Seat 2: genivalpoker (button) folded before Flop (didn't bet)
Seat 3: MaksiDima (small blind) folded before Flop
Seat 4: Sepp991 (big blind) collected ($0.26)
Seat 5: Lorpugo folded before Flop (didn't bet)
Seat 6: Javelin-zp folded before Flop (didn't bet)



PokerStars Hand #241142652658:  Hold'em No Limit ($0.01/$0.02 USD) - 2023/01/14 15:12:38 ET
Table 'Klumpkea' 6-max Seat #3 is the button
Seat 1: Thing Different ($3.65 in chips) 
Seat 2: genivalpoker ($0.62 in chips) 
Seat 3: MaksiDima ($2.66 in chips) 
Seat 4: Sepp991 ($1.70 in chips) 
Seat 5: Lorpugo ($3.50 in chips) 
Seat 6: Javelin-zp ($2.69 in chips) 
Sepp991: posts small blind $0.01
Lorpugo: posts big blind $0.02
*** HOLE CARDS ***
Dealt to Lorpugo [3h 7s]
Javelin-zp has timed out
Javelin-zp: folds 
Thing Different: folds 
genivalpoker: folds 
MaksiDima: folds 
Sepp991: folds 
Uncalled bet ($0.01) returned to Lorpugo
Lorpugo collected $0.02 from pot
Lorpugo: doesn't show hand 
*** SUMMARY ***
Total pot $0.02 | Rake $0 
Seat 1: Thing Different folded before Flop (didn't bet)
Seat 2: genivalpoker folded before Flop (didn't bet)
Seat 3: MaksiDima (button) folded before Flop (didn't bet)
Seat 4: Sepp991 (small blind) folded before Flop
Seat 5: Lorpugo (big blind) collected ($0.02)
Seat 6: Javelin-zp folded before Flop (didn't bet)



PokerStars Hand #241142662658:  Hold'em No Limit ($0.01/$0.02 USD) - 2023/01/14 15:12:59 ET
Table 'Klumpkea' 6-max Seat #4 is the button
Seat 1: Thing Different ($3.65 in chips) 
Seat 2: genivalpoker ($0.62 in chips) 
Seat 3: MaksiDima ($2.66 in chips) 
Seat 4: Sepp991 ($1.69 in chips) 
Seat 5: Lorpugo ($3.51 in chips) 
Seat 6: Javelin-zp ($2.69 in chips) 
Lorpugo: posts small blind $0.01
Javelin-zp: posts big blind $0.02
*** HOLE CARDS ***
Dealt to Lorpugo [9s 4s]
Thing Different: calls $0.02
genivalpoker: folds 
MaksiDima: folds 
Sepp991: folds 
Lorpugo: folds 
Javelin-zp: checks 
*** FLOP *** [8c Jd 2s]
Javelin-zp: checks 
Thing Different: bets $0.10
Javelin-zp: folds 
Uncalled bet ($0.10) returned to Thing Different
Thing Different collected $0.05 from pot
Thing Different: doesn't show hand 
*** SUMMARY ***
Total pot $0.05 | Rake $0 
Board [8c Jd 2s]
Seat 1: Thing Different collected ($0.05)
Seat 2: genivalpoker folded before Flop (didn't bet)
Seat 3: MaksiDima folded before Flop (didn't bet)
Seat 4: Sepp991 (button) folded before Flop (didn't bet)
Seat 5: Lorpugo (small blind) folded before Flop
Seat 6: Javelin-zp (big blind) folded on the Flop



PokerStars Hand #241142675937:  Hold'em No Limit ($0.01/$0.02 USD) - 2023/01/14 15:13:28 ET
Table 'Klumpkea' 6-max Seat #5 is the button
Seat 1: Thing Different ($3.68 in chips) 
Seat 2: genivalpoker ($0.62 in chips) 
Seat 3: MaksiDima ($2.66 in chips) 
Seat 4: Sepp991 ($1.69 in chips) 
Seat 5: Lorpugo ($3.50 in chips) 
Seat 6: Javelin-zp ($2.67 in chips) 
Javelin-zp: posts small blind $0.01
Thing Different: posts big blind $0.02
*** HOLE CARDS ***
Dealt to Lorpugo [3h Ah]
genivalpoker: raises $0.02 to $0.04
MaksiDima: folds 
Sepp991: folds 
Lorpugo: folds 
Javelin-zp: calls $0.03
Thing Different: calls $0.02
*** FLOP *** [5h 2s 3s]
Javelin-zp: checks 
Thing Different: checks 
genivalpoker: checks 
*** TURN *** [5h 2s 3s] [5s]
Javelin-zp: checks 
Thing Different: checks 
genivalpoker: checks 
*** RIVER *** [5h 2s 3s 5s] [3d]
Javelin-zp: checks 
Thing Different: checks 
genivalpoker: bets $0.02
Javelin-zp: calls $0.02
Thing Different: folds 
*** SHOW DOWN ***
genivalpoker: shows [Jh Kd] (two pair, Fives and Threes)
Javelin-zp: shows [Ks Th] (two pair, Fives and Threes)
Javelin-zp collected $0.08 from pot
genivalpoker collected $0.07 from pot
*** SUMMARY ***
Total pot $0.16 | Rake $0.01 
Board [5h 2s 3s 5s 3d]
Seat 1: Thing Different (big blind) folded on the River
Seat 2: genivalpoker showed [Jh Kd] and won ($0.07) with two pair, Fives and Threes
Seat 3: MaksiDima folded before Flop (didn't bet)
Seat 4: Sepp991 folded before Flop (didn't bet)
Seat 5: Lorpugo (button) folded before Flop (didn't bet)
Seat 6: Javelin-zp (small blind) showed [Ks Th] and won ($0.08) with two pair, Fives and Threes



