PokerStars Hand #240642077917:  Hold'em No Limit ($0.01/$0.02 USD) - 2022/12/23 11:39:29 ET
Table 'Siri' 6-max Seat #3 is the button
Seat 1: Cranzilla ($2.44 in chips) 
Seat 3: Zogu255 ($2.07 in chips) 
Seat 4: esta4u1988 ($1.94 in chips) 
Seat 5: Lorpugo ($1.60 in chips) 
Seat 6: Kunet ($4.65 in chips) 
esta4u1988: posts small blind $0.01
Lorpugo: posts big blind $0.02
*** HOLE CARDS ***
Dealt to Lorpugo [2h 9c]
Kunet: folds 
Cranzilla: folds 
Zogu255: raises $0.02 to $0.04
esta4u1988: raises $0.10 to $0.14
Lorpugo: folds 
Zogu255: calls $0.10
*** FLOP *** [Ah Ks 5h]
esta4u1988: bets $0.15
Zogu255: folds 
Uncalled bet ($0.15) returned to esta4u1988
esta4u1988 collected $0.29 from pot
*** SUMMARY ***
Total pot $0.30 | Rake $0.01 
Board [Ah Ks 5h]
Seat 1: Cranzilla folded before Flop (didn't bet)
Seat 3: Zogu255 (button) folded on the Flop
Seat 4: esta4u1988 (small blind) collected ($0.29)
Seat 5: Lorpugo (big blind) folded before Flop
Seat 6: Kunet folded before Flop (didn't bet)



PokerStars Hand #240642084099:  Hold'em No Limit ($0.01/$0.02 USD) - 2022/12/23 11:39:49 ET
Table 'Siri' 6-max Seat #4 is the button
Seat 1: Cranzilla ($2.44 in chips) 
Seat 3: Zogu255 ($1.93 in chips) 
Seat 4: esta4u1988 ($2.09 in chips) 
Seat 5: Lorpugo ($1.58 in chips) 
Seat 6: Kunet ($4.65 in chips) 
Lorpugo: posts small blind $0.01
Kunet: posts big blind $0.02
*** HOLE CARDS ***
Dealt to Lorpugo [7s Kc]
Cranzilla: folds 
Zogu255: raises $0.02 to $0.04
esta4u1988: raises $0.11 to $0.15
Lorpugo: folds 
Kunet: folds 
Zogu255: calls $0.11
*** FLOP *** [6c Qh 9d]
Zogu255: checks 
esta4u1988: bets $0.16
Zogu255: raises $0.30 to $0.46
pinkerson leaves the table
esta4u1988: calls $0.30
*** TURN *** [6c Qh 9d] [3c]
17seventeen17 joins the table at seat #2 
Zogu255: bets $0.73
esta4u1988: raises $0.75 to $1.48 and is all-in
Zogu255: folds 
Uncalled bet ($0.75) returned to esta4u1988
esta4u1988 collected $2.62 from pot
*** SUMMARY ***
Total pot $2.71 | Rake $0.09 
Board [6c Qh 9d 3c]
Seat 1: Cranzilla folded before Flop (didn't bet)
Seat 3: Zogu255 folded on the Turn
Seat 4: esta4u1988 (button) collected ($2.62)
Seat 5: Lorpugo (small blind) folded before Flop
Seat 6: Kunet (big blind) folded before Flop



PokerStars Hand #240642098334:  Hold'em No Limit ($0.01/$0.02 USD) - 2022/12/23 11:40:35 ET
Table 'Siri' 6-max Seat #5 is the button
Seat 1: Cranzilla ($2.44 in chips) 
Seat 3: Zogu255 ($0.59 in chips) 
Seat 4: esta4u1988 ($3.37 in chips) 
Seat 5: Lorpugo ($1.57 in chips) 
Seat 6: Kunet ($4.63 in chips) 
Kunet: posts small blind $0.01
Cranzilla: posts big blind $0.02
*** HOLE CARDS ***
Dealt to Lorpugo [Ks 9s]
Zogu255: raises $0.05 to $0.07
esta4u1988: folds 
Lorpugo: calls $0.07
Kunet: folds 
Cranzilla: folds 
*** FLOP *** [Td 9d Js]
Zogu255: bets $0.16
Lorpugo: calls $0.16
*** TURN *** [Td 9d Js] [Qs]
Zogu255: checks 
Lorpugo: checks 
*** RIVER *** [Td 9d Js Qs] [3d]
Zogu255: bets $0.12
Lorpugo: raises $0.71 to $0.83
Zogu255: calls $0.24 and is all-in
Uncalled bet ($0.47) returned to Lorpugo
*** SHOW DOWN ***
Lorpugo: shows [Ks 9s] (a straight, Nine to King)
Zogu255: shows [5c 5h] (a pair of Fives)
Lorpugo collected $1.17 from pot
*** SUMMARY ***
Total pot $1.21 | Rake $0.04 
Board [Td 9d Js Qs 3d]
Seat 1: Cranzilla (big blind) folded before Flop
Seat 3: Zogu255 showed [5c 5h] and lost with a pair of Fives
Seat 4: esta4u1988 folded before Flop (didn't bet)
Seat 5: Lorpugo (button) showed [Ks 9s] and won ($1.17) with a straight, Nine to King
Seat 6: Kunet (small blind) folded before Flop



PokerStars Hand #240642110252:  Hold'em No Limit ($0.01/$0.02 USD) - 2022/12/23 11:41:14 ET
Table 'Siri' 6-max Seat #6 is the button
Seat 1: Cranzilla ($2.42 in chips) 
Seat 2: 17seventeen17 ($2 in chips) 
Seat 3: Zogu255 ($1.41 in chips) 
Seat 4: esta4u1988 ($3.37 in chips) 
Seat 5: Lorpugo ($2.15 in chips) 
Seat 6: Kunet ($4.62 in chips) 
Cranzilla: posts small blind $0.01
17seventeen17: posts big blind $0.02
*** HOLE CARDS ***
Dealt to Lorpugo [Kh As]
Zogu255: calls $0.02
esta4u1988: folds 
Lorpugo: raises $0.10 to $0.12
Kunet: folds 
Cranzilla: folds 
17seventeen17: folds 
Zogu255: calls $0.10
*** FLOP *** [3d 5c Kd]
Zogu255: checks 
Lorpugo: bets $0.13
Zogu255: calls $0.13
*** TURN *** [3d 5c Kd] [4d]
Zogu255: checks 
Lorpugo: bets $1.90 and is all-in
Zogu255: calls $1.16 and is all-in
Uncalled bet ($0.74) returned to Lorpugo
*** RIVER *** [3d 5c Kd 4d] [9c]
*** SHOW DOWN ***
Zogu255: shows [Qh 5d] (a pair of Fives)
Lorpugo: shows [Kh As] (a pair of Kings)
Lorpugo collected $2.75 from pot
*** SUMMARY ***
Total pot $2.85 | Rake $0.10 
Board [3d 5c Kd 4d 9c]
Seat 1: Cranzilla (small blind) folded before Flop
Seat 2: 17seventeen17 (big blind) folded before Flop
Seat 3: Zogu255 showed [Qh 5d] and lost with a pair of Fives
Seat 4: esta4u1988 folded before Flop (didn't bet)
Seat 5: Lorpugo showed [Kh As] and won ($2.75) with a pair of Kings
Seat 6: Kunet (button) folded before Flop (didn't bet)



PokerStars Hand #240642123092:  Hold'em No Limit ($0.01/$0.02 USD) - 2022/12/23 11:41:55 ET
Table 'Siri' 6-max Seat #1 is the button
Seat 1: Cranzilla ($2.41 in chips) 
Seat 2: 17seventeen17 ($2 in chips) 
Seat 4: esta4u1988 ($3.37 in chips) 
Seat 5: Lorpugo ($3.49 in chips) 
Seat 6: Kunet ($4.62 in chips) 
17seventeen17: posts small blind $0.01
esta4u1988: posts big blind $0.02
*** HOLE CARDS ***
Dealt to Lorpugo [Ts Ac]
Lorpugo: raises $0.04 to $0.06
Kunet: folds 
Cranzilla: folds 
17seventeen17: folds 
esta4u1988: calls $0.04
*** FLOP *** [5s Kh Tc]
esta4u1988: checks 
Lorpugo: bets $0.04
esta4u1988: folds 
Uncalled bet ($0.04) returned to Lorpugo
Lorpugo collected $0.13 from pot
Lorpugo: doesn't show hand 
*** SUMMARY ***
Total pot $0.13 | Rake $0 
Board [5s Kh Tc]
Seat 1: Cranzilla (button) folded before Flop (didn't bet)
Seat 2: 17seventeen17 (small blind) folded before Flop
Seat 4: esta4u1988 (big blind) folded on the Flop
Seat 5: Lorpugo collected ($0.13)
Seat 6: Kunet folded before Flop (didn't bet)



PokerStars Hand #240642131351:  Hold'em No Limit ($0.01/$0.02 USD) - 2022/12/23 11:42:22 ET
Table 'Siri' 6-max Seat #2 is the button
Seat 1: Cranzilla ($2.41 in chips) 
Seat 2: 17seventeen17 ($2 in chips) 
Seat 4: esta4u1988 ($3.31 in chips) 
Seat 5: Lorpugo ($3.56 in chips) 
Seat 6: Kunet ($4.62 in chips) 
esta4u1988: posts small blind $0.01
Lorpugo: posts big blind $0.02
*** HOLE CARDS ***
Dealt to Lorpugo [7c 3d]
Kunet: folds 
Cranzilla: raises $0.04 to $0.06
17seventeen17: folds 
esta4u1988: folds 
Lorpugo: folds 
Uncalled bet ($0.04) returned to Cranzilla
Cranzilla collected $0.05 from pot
Cranzilla: doesn't show hand 
*** SUMMARY ***
Total pot $0.05 | Rake $0 
Seat 1: Cranzilla collected ($0.05)
Seat 2: 17seventeen17 (button) folded before Flop (didn't bet)
Seat 4: esta4u1988 (small blind) folded before Flop
Seat 5: Lorpugo (big blind) folded before Flop
Seat 6: Kunet folded before Flop (didn't bet)



PokerStars Hand #240642136703:  Hold'em No Limit ($0.01/$0.02 USD) - 2022/12/23 11:42:40 ET
Table 'Siri' 6-max Seat #4 is the button
Seat 1: Cranzilla ($2.44 in chips) 
Seat 2: 17seventeen17 ($2 in chips) 
Seat 3: Zogu255 ($2 in chips) 
Seat 4: esta4u1988 ($3.30 in chips) 
Seat 5: Lorpugo ($3.54 in chips) 
Seat 6: Kunet ($4.62 in chips) 
Lorpugo: posts small blind $0.01
Kunet: posts big blind $0.02
Zogu255: posts small & big blinds $0.03
*** HOLE CARDS ***
Dealt to Lorpugo [9d 6d]
Cranzilla: folds 
17seventeen17: folds 
Zogu255: checks 
esta4u1988: raises $0.08 to $0.10
Lorpugo: folds 
Kunet: folds 
Zogu255: calls $0.08
*** FLOP *** [Tc 7h Qs]
Zogu255: checks 
esta4u1988: checks 
*** TURN *** [Tc 7h Qs] [8c]
Zogu255: bets $0.12
esta4u1988: folds 
Uncalled bet ($0.12) returned to Zogu255
Zogu255 collected $0.23 from pot
*** SUMMARY ***
Total pot $0.24 | Rake $0.01 
Board [Tc 7h Qs 8c]
Seat 1: Cranzilla folded before Flop (didn't bet)
Seat 2: 17seventeen17 folded before Flop (didn't bet)
Seat 3: Zogu255 collected ($0.23)
Seat 4: esta4u1988 (button) folded on the Turn
Seat 5: Lorpugo (small blind) folded before Flop
Seat 6: Kunet (big blind) folded before Flop



PokerStars Hand #240642146589:  Hold'em No Limit ($0.01/$0.02 USD) - 2022/12/23 11:43:12 ET
Table 'Siri' 6-max Seat #5 is the button
Seat 1: Cranzilla ($2.44 in chips) 
Seat 2: 17seventeen17 ($2 in chips) 
Seat 3: Zogu255 ($2.12 in chips) 
Seat 4: esta4u1988 ($3.20 in chips) 
Seat 5: Lorpugo ($3.53 in chips) 
Seat 6: Kunet ($4.60 in chips) 
Kunet: posts small blind $0.01
Cranzilla: posts big blind $0.02
*** HOLE CARDS ***
Dealt to Lorpugo [8h 2d]
17seventeen17: raises $0.03 to $0.05
Zogu255: calls $0.05
esta4u1988: calls $0.05
Lorpugo: folds 
Kunet: folds 
Cranzilla: calls $0.03
*** FLOP *** [8d As 5d]
Cranzilla: checks 
17seventeen17: checks 
Zogu255: bets $0.16
esta4u1988: folds 
Cranzilla: folds 
17seventeen17: folds 
Uncalled bet ($0.16) returned to Zogu255
Zogu255 collected $0.20 from pot
*** SUMMARY ***
Total pot $0.21 | Rake $0.01 
Board [8d As 5d]
Seat 1: Cranzilla (big blind) folded on the Flop
Seat 2: 17seventeen17 folded on the Flop
Seat 3: Zogu255 collected ($0.20)
Seat 4: esta4u1988 folded on the Flop
Seat 5: Lorpugo (button) folded before Flop (didn't bet)
Seat 6: Kunet (small blind) folded before Flop



PokerStars Hand #240642159838:  Hold'em No Limit ($0.01/$0.02 USD) - 2022/12/23 11:43:56 ET
Table 'Siri' 6-max Seat #6 is the button
Seat 1: Cranzilla ($2.39 in chips) 
Seat 2: 17seventeen17 ($2 in chips) 
Seat 3: Zogu255 ($2.27 in chips) 
Seat 4: esta4u1988 ($3.15 in chips) 
Seat 5: Lorpugo ($3.53 in chips) 
Seat 6: Kunet ($4.59 in chips) 
Cranzilla: posts small blind $0.01
17seventeen17: posts big blind $0.02
*** HOLE CARDS ***
Dealt to Lorpugo [Ad 7s]
Zogu255: calls $0.02
esta4u1988: folds 
Lorpugo: folds 
Kunet: folds 
Cranzilla: folds 
17seventeen17: raises $0.06 to $0.08
Zogu255: calls $0.06
*** FLOP *** [3c 9c Js]
17seventeen17: bets $0.08
Zogu255: raises $0.08 to $0.16
17seventeen17: calls $0.08
*** TURN *** [3c 9c Js] [6c]
17seventeen17: checks 
Zogu255: bets $0.24
17seventeen17: folds 
Uncalled bet ($0.24) returned to Zogu255
Zogu255 collected $0.47 from pot
*** SUMMARY ***
Total pot $0.49 | Rake $0.02 
Board [3c 9c Js 6c]
Seat 1: Cranzilla (small blind) folded before Flop
Seat 2: 17seventeen17 (big blind) folded on the Turn
Seat 3: Zogu255 collected ($0.47)
Seat 4: esta4u1988 folded before Flop (didn't bet)
Seat 5: Lorpugo folded before Flop (didn't bet)
Seat 6: Kunet (button) folded before Flop (didn't bet)



PokerStars Hand #240642174825:  Hold'em No Limit ($0.01/$0.02 USD) - 2022/12/23 11:44:45 ET
Table 'Siri' 6-max Seat #1 is the button
Seat 1: Cranzilla ($2.38 in chips) 
Seat 2: 17seventeen17 ($2 in chips) 
Seat 3: Zogu255 ($2.50 in chips) 
Seat 4: esta4u1988 ($3.15 in chips) 
Seat 5: Lorpugo ($3.53 in chips) 
Seat 6: Kunet ($4.59 in chips) 
17seventeen17: posts small blind $0.01
Zogu255: posts big blind $0.02
*** HOLE CARDS ***
Dealt to Lorpugo [Kd 9h]
esta4u1988: raises $0.02 to $0.04
Lorpugo: folds 
Kunet: folds 
Cranzilla: folds 
17seventeen17: folds 
Zogu255: calls $0.02
*** FLOP *** [6c Tc 3c]
Zogu255: checks 
esta4u1988: bets $0.05
Zogu255: folds 
Uncalled bet ($0.05) returned to esta4u1988
esta4u1988 collected $0.09 from pot
*** SUMMARY ***
Total pot $0.09 | Rake $0 
Board [6c Tc 3c]
Seat 1: Cranzilla (button) folded before Flop (didn't bet)
Seat 2: 17seventeen17 (small blind) folded before Flop
Seat 3: Zogu255 (big blind) folded on the Flop
Seat 4: esta4u1988 collected ($0.09)
Seat 5: Lorpugo folded before Flop (didn't bet)
Seat 6: Kunet folded before Flop (didn't bet)



PokerStars Hand #240642181418:  Hold'em No Limit ($0.01/$0.02 USD) - 2022/12/23 11:45:07 ET
Table 'Siri' 6-max Seat #2 is the button
Seat 1: Cranzilla ($2.38 in chips) 
Seat 2: 17seventeen17 ($2 in chips) 
Seat 3: Zogu255 ($2.46 in chips) 
Seat 4: esta4u1988 ($3.20 in chips) 
Seat 5: Lorpugo ($3.53 in chips) 
Seat 6: Kunet ($4.59 in chips) 
Zogu255: posts small blind $0.01
esta4u1988: posts big blind $0.02
*** HOLE CARDS ***
Dealt to Lorpugo [Ks 7s]
Lorpugo: folds 
Kunet: folds 
Cranzilla: raises $0.04 to $0.06
17seventeen17: raises $0.14 to $0.20
Zogu255: calls $0.19
esta4u1988: folds 
Cranzilla: folds 
*** FLOP *** [8h 5h Tc]
Zogu255: checks 
17seventeen17: bets $0.20
Zogu255: folds 
Uncalled bet ($0.20) returned to 17seventeen17
17seventeen17 collected $0.46 from pot
17seventeen17: doesn't show hand 
*** SUMMARY ***
Total pot $0.48 | Rake $0.02 
Board [8h 5h Tc]
Seat 1: Cranzilla folded before Flop
Seat 2: 17seventeen17 (button) collected ($0.46)
Seat 3: Zogu255 (small blind) folded on the Flop
Seat 4: esta4u1988 (big blind) folded before Flop
Seat 5: Lorpugo folded before Flop (didn't bet)
Seat 6: Kunet folded before Flop (didn't bet)



PokerStars Hand #240642192435:  Hold'em No Limit ($0.01/$0.02 USD) - 2022/12/23 11:45:44 ET
Table 'Siri' 6-max Seat #3 is the button
Seat 1: Cranzilla ($2.32 in chips) 
Seat 2: 17seventeen17 ($2.26 in chips) 
Seat 3: Zogu255 ($2.26 in chips) 
Seat 4: esta4u1988 ($3.18 in chips) 
Seat 5: Lorpugo ($3.53 in chips) 
Seat 6: Kunet ($4.59 in chips) 
esta4u1988: posts small blind $0.01
Lorpugo: posts big blind $0.02
*** HOLE CARDS ***
Dealt to Lorpugo [Tc 8s]
Kunet: folds 
Cranzilla: folds 
17seventeen17: folds 
Zogu255: calls $0.02
esta4u1988: folds 
Lorpugo: checks 
*** FLOP *** [2h 8c 3d]
Lorpugo: checks 
Zogu255: bets $0.05
Lorpugo: raises $0.10 to $0.15
Zogu255: calls $0.10
*** TURN *** [2h 8c 3d] [3c]
Lorpugo: checks 
Zogu255: bets $0.17
Lorpugo: raises $0.45 to $0.62
Zogu255: folds 
Uncalled bet ($0.45) returned to Lorpugo
Lorpugo collected $0.67 from pot
Lorpugo: doesn't show hand 
*** SUMMARY ***
Total pot $0.69 | Rake $0.02 
Board [2h 8c 3d 3c]
Seat 1: Cranzilla folded before Flop (didn't bet)
Seat 2: 17seventeen17 folded before Flop (didn't bet)
Seat 3: Zogu255 (button) folded on the Turn
Seat 4: esta4u1988 (small blind) folded before Flop
Seat 5: Lorpugo (big blind) collected ($0.67)
Seat 6: Kunet folded before Flop (didn't bet)



PokerStars Hand #240642203051:  Hold'em No Limit ($0.01/$0.02 USD) - 2022/12/23 11:46:19 ET
Table 'Siri' 6-max Seat #4 is the button
Seat 1: Cranzilla ($2.32 in chips) 
Seat 2: 17seventeen17 ($2.26 in chips) 
Seat 3: Zogu255 ($1.92 in chips) 
Seat 4: esta4u1988 ($3.17 in chips) 
Seat 5: Lorpugo ($3.86 in chips) 
Seat 6: Kunet ($4.59 in chips) 
Lorpugo: posts small blind $0.01
Kunet: posts big blind $0.02
*** HOLE CARDS ***
Dealt to Lorpugo [8d 2s]
Cranzilla: folds 
17seventeen17: folds 
Zogu255: calls $0.02
esta4u1988: calls $0.02
Lorpugo: folds 
Kunet: checks 
*** FLOP *** [3c Ts Ah]
Kunet: checks 
Zogu255: bets $0.07
esta4u1988: folds 
Kunet: folds 
Uncalled bet ($0.07) returned to Zogu255
Zogu255 collected $0.07 from pot
*** SUMMARY ***
Total pot $0.07 | Rake $0 
Board [3c Ts Ah]
Seat 1: Cranzilla folded before Flop (didn't bet)
Seat 2: 17seventeen17 folded before Flop (didn't bet)
Seat 3: Zogu255 collected ($0.07)
Seat 4: esta4u1988 (button) folded on the Flop
Seat 5: Lorpugo (small blind) folded before Flop
Seat 6: Kunet (big blind) folded on the Flop



PokerStars Hand #240642216231:  Hold'em No Limit ($0.01/$0.02 USD) - 2022/12/23 11:47:02 ET
Table 'Siri' 6-max Seat #5 is the button
Seat 1: Cranzilla ($2.32 in chips) 
Seat 2: 17seventeen17 ($2.26 in chips) 
Seat 3: Zogu255 ($1.97 in chips) 
Seat 4: esta4u1988 ($3.15 in chips) 
Seat 5: Lorpugo ($3.85 in chips) 
Seat 6: Kunet ($4.57 in chips) 
Kunet: posts small blind $0.01
Cranzilla: posts big blind $0.02
*** HOLE CARDS ***
Dealt to Lorpugo [Qd 7h]
17seventeen17: folds 
Zogu255: raises $0.04 to $0.06
esta4u1988: folds 
Lorpugo: folds 
Kunet: folds 
Cranzilla: folds 
Uncalled bet ($0.04) returned to Zogu255
Zogu255 collected $0.05 from pot
*** SUMMARY ***
Total pot $0.05 | Rake $0 
Seat 1: Cranzilla (big blind) folded before Flop
Seat 2: 17seventeen17 folded before Flop (didn't bet)
Seat 3: Zogu255 collected ($0.05)
Seat 4: esta4u1988 folded before Flop (didn't bet)
Seat 5: Lorpugo (button) folded before Flop (didn't bet)
Seat 6: Kunet (small blind) folded before Flop



PokerStars Hand #240642225905:  Hold'em No Limit ($0.01/$0.02 USD) - 2022/12/23 11:47:33 ET
Table 'Siri' 6-max Seat #6 is the button
Seat 1: Cranzilla ($2.30 in chips) 
Seat 2: 17seventeen17 ($2.26 in chips) 
Seat 3: Zogu255 ($2 in chips) 
Seat 4: esta4u1988 ($3.15 in chips) 
Seat 5: Lorpugo ($3.85 in chips) 
Seat 6: Kunet ($4.56 in chips) 
Cranzilla: posts small blind $0.01
17seventeen17: posts big blind $0.02
*** HOLE CARDS ***
Dealt to Lorpugo [4h Ks]
Zogu255: raises $0.05 to $0.07
esta4u1988: folds 
Lorpugo: folds 
Kunet: folds 
Cranzilla: folds 
17seventeen17: folds 
Uncalled bet ($0.05) returned to Zogu255
Zogu255 collected $0.05 from pot
*** SUMMARY ***
Total pot $0.05 | Rake $0 
Seat 1: Cranzilla (small blind) folded before Flop
Seat 2: 17seventeen17 (big blind) folded before Flop
Seat 3: Zogu255 collected ($0.05)
Seat 4: esta4u1988 folded before Flop (didn't bet)
Seat 5: Lorpugo folded before Flop (didn't bet)
Seat 6: Kunet (button) folded before Flop (didn't bet)



PokerStars Hand #240642232754:  Hold'em No Limit ($0.01/$0.02 USD) - 2022/12/23 11:47:54 ET
Table 'Siri' 6-max Seat #1 is the button
Seat 1: Cranzilla ($2.29 in chips) 
Seat 2: 17seventeen17 ($2.24 in chips) 
Seat 3: Zogu255 ($2.03 in chips) 
Seat 4: esta4u1988 ($3.15 in chips) 
Seat 5: Lorpugo ($3.85 in chips) 
Seat 6: Kunet ($4.56 in chips) 
17seventeen17: posts small blind $0.01
Zogu255: posts big blind $0.02
*** HOLE CARDS ***
Dealt to Lorpugo [Ac Js]
esta4u1988: folds 
Lorpugo: raises $0.04 to $0.06
Kunet: folds 
Cranzilla: folds 
17seventeen17: raises $0.16 to $0.22
Zogu255: calls $0.20
Lorpugo: folds 
*** FLOP *** [Tc 2c 3d]
17seventeen17: bets $0.20
Zogu255: calls $0.20
*** TURN *** [Tc 2c 3d] [7c]
17seventeen17: bets $0.50
Zogu255: folds 
Uncalled bet ($0.50) returned to 17seventeen17
17seventeen17 collected $0.87 from pot
17seventeen17: doesn't show hand 
*** SUMMARY ***
Total pot $0.90 | Rake $0.03 
Board [Tc 2c 3d 7c]
Seat 1: Cranzilla (button) folded before Flop (didn't bet)
Seat 2: 17seventeen17 (small blind) collected ($0.87)
Seat 3: Zogu255 (big blind) folded on the Turn
Seat 4: esta4u1988 folded before Flop (didn't bet)
Seat 5: Lorpugo folded before Flop
Seat 6: Kunet folded before Flop (didn't bet)



PokerStars Hand #240642252225:  Hold'em No Limit ($0.01/$0.02 USD) - 2022/12/23 11:48:57 ET
Table 'Siri' 6-max Seat #2 is the button
Seat 1: Cranzilla ($2.29 in chips) 
Seat 2: 17seventeen17 ($2.69 in chips) 
Seat 3: Zogu255 ($1.61 in chips) 
Seat 4: esta4u1988 ($3.15 in chips) 
Seat 5: Lorpugo ($3.79 in chips) 
Seat 6: Kunet ($4.56 in chips) 
Zogu255: posts small blind $0.01
esta4u1988: posts big blind $0.02
*** HOLE CARDS ***
Dealt to Lorpugo [2d 5s]
Lorpugo: folds 
Kunet: folds 
Cranzilla: raises $0.04 to $0.06
17seventeen17: folds 
Zogu255: calls $0.05
esta4u1988: folds 
*** FLOP *** [Ad 8d Qd]
Zogu255: bets $0.14
Cranzilla: folds 
Uncalled bet ($0.14) returned to Zogu255
Zogu255 collected $0.14 from pot
*** SUMMARY ***
Total pot $0.14 | Rake $0 
Board [Ad 8d Qd]
Seat 1: Cranzilla folded on the Flop
Seat 2: 17seventeen17 (button) folded before Flop (didn't bet)
Seat 3: Zogu255 (small blind) collected ($0.14)
Seat 4: esta4u1988 (big blind) folded before Flop
Seat 5: Lorpugo folded before Flop (didn't bet)
Seat 6: Kunet folded before Flop (didn't bet)



PokerStars Hand #240642259461:  Hold'em No Limit ($0.01/$0.02 USD) - 2022/12/23 11:49:20 ET
Table 'Siri' 6-max Seat #3 is the button
Seat 1: Cranzilla ($2.23 in chips) 
Seat 2: 17seventeen17 ($2.69 in chips) 
Seat 3: Zogu255 ($2 in chips) 
Seat 4: esta4u1988 ($3.13 in chips) 
Seat 5: Lorpugo ($3.79 in chips) 
Seat 6: Kunet ($4.56 in chips) 
esta4u1988: posts small blind $0.01
Lorpugo: posts big blind $0.02
*** HOLE CARDS ***
Dealt to Lorpugo [Tc 5c]
Kunet: folds 
Cranzilla: folds 
17seventeen17: raises $0.03 to $0.05
Zogu255: raises $0.03 to $0.08
esta4u1988: folds 
Lorpugo: folds 
17seventeen17: calls $0.03
*** FLOP *** [6s 7s 3d]
17seventeen17: checks 
Zogu255: bets $0.18
17seventeen17: folds 
Uncalled bet ($0.18) returned to Zogu255
Zogu255 collected $0.18 from pot
*** SUMMARY ***
Total pot $0.19 | Rake $0.01 
Board [6s 7s 3d]
Seat 1: Cranzilla folded before Flop (didn't bet)
Seat 2: 17seventeen17 folded on the Flop
Seat 3: Zogu255 (button) collected ($0.18)
Seat 4: esta4u1988 (small blind) folded before Flop
Seat 5: Lorpugo (big blind) folded before Flop
Seat 6: Kunet folded before Flop (didn't bet)



PokerStars Hand #240642266764:  Hold'em No Limit ($0.01/$0.02 USD) - 2022/12/23 11:49:43 ET
Table 'Siri' 6-max Seat #4 is the button
Seat 1: Cranzilla ($2.23 in chips) 
Seat 2: 17seventeen17 ($2.61 in chips) 
Seat 3: Zogu255 ($2.10 in chips) 
Seat 4: esta4u1988 ($3.12 in chips) 
Seat 5: Lorpugo ($3.77 in chips) 
Seat 6: Kunet ($4.56 in chips) 
Lorpugo: posts small blind $0.01
Kunet: posts big blind $0.02
*** HOLE CARDS ***
Dealt to Lorpugo [2s 5d]
Cranzilla: folds 
17seventeen17: folds 
Zogu255: calls $0.02
esta4u1988: folds 
Lorpugo: folds 
Kunet: raises $0.05 to $0.07
Zogu255: calls $0.05
*** FLOP *** [Ks 8s 4s]
Kunet: checks 
Zogu255: bets $0.07
Kunet: folds 
Uncalled bet ($0.07) returned to Zogu255
Zogu255 collected $0.14 from pot
*** SUMMARY ***
Total pot $0.15 | Rake $0.01 
Board [Ks 8s 4s]
Seat 1: Cranzilla folded before Flop (didn't bet)
Seat 2: 17seventeen17 folded before Flop (didn't bet)
Seat 3: Zogu255 collected ($0.14)
Seat 4: esta4u1988 (button) folded before Flop (didn't bet)
Seat 5: Lorpugo (small blind) folded before Flop
Seat 6: Kunet (big blind) folded on the Flop



PokerStars Hand #240642280000:  Hold'em No Limit ($0.01/$0.02 USD) - 2022/12/23 11:50:25 ET
Table 'Siri' 6-max Seat #5 is the button
Seat 1: Cranzilla ($2.23 in chips) 
Seat 2: 17seventeen17 ($2.61 in chips) 
Seat 3: Zogu255 ($2.17 in chips) 
Seat 4: esta4u1988 ($3.12 in chips) 
Seat 5: Lorpugo ($3.76 in chips) 
Seat 6: Kunet ($4.49 in chips) 
Kunet: posts small blind $0.01
Cranzilla: posts big blind $0.02
*** HOLE CARDS ***
Dealt to Lorpugo [9c 7d]
17seventeen17: folds 
Zogu255: calls $0.02
esta4u1988: calls $0.02
Lorpugo: folds 
Kunet: folds 
Cranzilla: checks 
*** FLOP *** [3c 4d 9d]
Cranzilla: checks 
Zogu255: bets $0.07
esta4u1988: calls $0.07
Cranzilla: folds 
*** TURN *** [3c 4d 9d] [5s]
Zogu255: checks 
esta4u1988: bets $0.10
Zogu255: folds 
Uncalled bet ($0.10) returned to esta4u1988
esta4u1988 collected $0.20 from pot
*** SUMMARY ***
Total pot $0.21 | Rake $0.01 
Board [3c 4d 9d 5s]
Seat 1: Cranzilla (big blind) folded on the Flop
Seat 2: 17seventeen17 folded before Flop (didn't bet)
Seat 3: Zogu255 folded on the Turn
Seat 4: esta4u1988 collected ($0.20)
Seat 5: Lorpugo (button) folded before Flop (didn't bet)
Seat 6: Kunet (small blind) folded before Flop



PokerStars Hand #240642290677:  Hold'em No Limit ($0.01/$0.02 USD) - 2022/12/23 11:50:59 ET
Table 'Siri' 6-max Seat #6 is the button
Seat 1: Cranzilla ($2.21 in chips) 
Seat 2: 17seventeen17 ($2.61 in chips) 
Seat 3: Zogu255 ($2.08 in chips) 
Seat 4: esta4u1988 ($3.23 in chips) 
Seat 5: Lorpugo ($3.76 in chips) 
Seat 6: Kunet ($4.48 in chips) 
Cranzilla: posts small blind $0.01
17seventeen17: posts big blind $0.02
*** HOLE CARDS ***
Dealt to Lorpugo [Jh 6d]
Zogu255: raises $0.05 to $0.07
esta4u1988: calls $0.07
Lorpugo: folds 
Kunet: folds 
Cranzilla: folds 
17seventeen17: folds 
*** FLOP *** [Ts 6s Qh]
Zogu255: bets $0.16
esta4u1988: calls $0.16
*** TURN *** [Ts 6s Qh] [9d]
Zogu255: bets $0.24
esta4u1988: calls $0.24
*** RIVER *** [Ts 6s Qh 9d] [Qc]
Zogu255: checks 
esta4u1988: checks 
*** SHOW DOWN ***
Zogu255: shows [6c 5h] (two pair, Queens and Sixes)
esta4u1988: shows [Jc Qd] (three of a kind, Queens)
esta4u1988 collected $0.94 from pot
*** SUMMARY ***
Total pot $0.97 | Rake $0.03 
Board [Ts 6s Qh 9d Qc]
Seat 1: Cranzilla (small blind) folded before Flop
Seat 2: 17seventeen17 (big blind) folded before Flop
Seat 3: Zogu255 showed [6c 5h] and lost with two pair, Queens and Sixes
Seat 4: esta4u1988 showed [Jc Qd] and won ($0.94) with three of a kind, Queens
Seat 5: Lorpugo folded before Flop (didn't bet)
Seat 6: Kunet (button) folded before Flop (didn't bet)



PokerStars Hand #240642308405:  Hold'em No Limit ($0.01/$0.02 USD) - 2022/12/23 11:51:56 ET
Table 'Siri' 6-max Seat #1 is the button
Seat 1: Cranzilla ($2.20 in chips) 
Seat 2: 17seventeen17 ($2.59 in chips) 
Seat 3: Zogu255 ($1.61 in chips) 
Seat 4: esta4u1988 ($3.70 in chips) 
Seat 5: Lorpugo ($3.76 in chips) 
Seat 6: Kunet ($4.48 in chips) 
17seventeen17: posts small blind $0.01
Zogu255: posts big blind $0.02
*** HOLE CARDS ***
Dealt to Lorpugo [4s Qc]
esta4u1988 has timed out
esta4u1988: folds 
Lorpugo: folds 
Kunet: raises $0.03 to $0.05
Cranzilla: folds 
17seventeen17: folds 
Zogu255: raises $0.03 to $0.08
Kunet: calls $0.03
*** FLOP *** [3h 6h Jh]
Zogu255: bets $0.16
Kunet: folds 
Uncalled bet ($0.16) returned to Zogu255
Zogu255 collected $0.16 from pot
*** SUMMARY ***
Total pot $0.17 | Rake $0.01 
Board [3h 6h Jh]
Seat 1: Cranzilla (button) folded before Flop (didn't bet)
Seat 2: 17seventeen17 (small blind) folded before Flop
Seat 3: Zogu255 (big blind) collected ($0.16)
Seat 4: esta4u1988 folded before Flop (didn't bet)
Seat 5: Lorpugo folded before Flop (didn't bet)
Seat 6: Kunet folded on the Flop



PokerStars Hand #240642323540:  Hold'em No Limit ($0.01/$0.02 USD) - 2022/12/23 11:52:45 ET
Table 'Siri' 6-max Seat #2 is the button
Seat 1: Cranzilla ($2.20 in chips) 
Seat 2: 17seventeen17 ($2.58 in chips) 
Seat 3: Zogu255 ($2 in chips) 
Seat 4: esta4u1988 ($3.70 in chips) 
Seat 5: Lorpugo ($3.76 in chips) 
Seat 6: Kunet ($4.40 in chips) 
Zogu255: posts small blind $0.01
esta4u1988: posts big blind $0.02
*** HOLE CARDS ***
Dealt to Lorpugo [4c 9s]
Lorpugo: folds 
Kunet: folds 
Cranzilla: folds 
17seventeen17: folds 
Zogu255: calls $0.01
esta4u1988: checks 
*** FLOP *** [Qd 9d 6c]
Zogu255: bets $0.04
esta4u1988: folds 
Uncalled bet ($0.04) returned to Zogu255
Zogu255 collected $0.04 from pot
*** SUMMARY ***
Total pot $0.04 | Rake $0 
Board [Qd 9d 6c]
Seat 1: Cranzilla folded before Flop (didn't bet)
Seat 2: 17seventeen17 (button) folded before Flop (didn't bet)
Seat 3: Zogu255 (small blind) collected ($0.04)
Seat 4: esta4u1988 (big blind) folded on the Flop
Seat 5: Lorpugo folded before Flop (didn't bet)
Seat 6: Kunet folded before Flop (didn't bet)



PokerStars Hand #240642328662:  Hold'em No Limit ($0.01/$0.02 USD) - 2022/12/23 11:53:01 ET
Table 'Siri' 6-max Seat #3 is the button
Seat 1: Cranzilla ($2.20 in chips) 
Seat 2: 17seventeen17 ($2.58 in chips) 
Seat 3: Zogu255 ($2.02 in chips) 
Seat 4: esta4u1988 ($3.68 in chips) 
Seat 5: Lorpugo ($3.76 in chips) 
Seat 6: Kunet ($4.40 in chips) 
esta4u1988: posts small blind $0.01
Lorpugo: posts big blind $0.02
*** HOLE CARDS ***
Dealt to Lorpugo [6h 9h]
Kunet: folds 
Cranzilla: folds 
17seventeen17: folds 
Zogu255: calls $0.02
esta4u1988: raises $0.06 to $0.08
Lorpugo: calls $0.06
Zogu255: calls $0.06
*** FLOP *** [7s 8d Kc]
esta4u1988: checks 
Lorpugo: bets $0.15
Zogu255: calls $0.15
esta4u1988: folds 
*** TURN *** [7s 8d Kc] [Js]
Lorpugo: bets $0.17
Zogu255: raises $0.23 to $0.40
Lorpugo: calls $0.23
*** RIVER *** [7s 8d Kc Js] [5s]
Lorpugo: bets $3.13 and is all-in
Zogu255: calls $1.39 and is all-in
Uncalled bet ($1.74) returned to Lorpugo
*** SHOW DOWN ***
Lorpugo: shows [6h 9h] (a straight, Five to Nine)
Zogu255: shows [Tc 9s] (a straight, Seven to Jack)
Zogu255 collected $3.98 from pot
*** SUMMARY ***
Total pot $4.12 | Rake $0.14 
Board [7s 8d Kc Js 5s]
Seat 1: Cranzilla folded before Flop (didn't bet)
Seat 2: 17seventeen17 folded before Flop (didn't bet)
Seat 3: Zogu255 (button) showed [Tc 9s] and won ($3.98) with a straight, Seven to Jack
Seat 4: esta4u1988 (small blind) folded on the Flop
Seat 5: Lorpugo (big blind) showed [6h 9h] and lost with a straight, Five to Nine
Seat 6: Kunet folded before Flop (didn't bet)



PokerStars Hand #240642346892:  Hold'em No Limit ($0.01/$0.02 USD) - 2022/12/23 11:53:59 ET
Table 'Siri' 6-max Seat #4 is the button
Seat 1: Cranzilla ($2.20 in chips) 
Seat 2: 17seventeen17 ($2.58 in chips) 
Seat 3: Zogu255 ($3.98 in chips) 
Seat 4: esta4u1988 ($3.60 in chips) 
Seat 5: Lorpugo ($1.74 in chips) 
Seat 6: Kunet ($4.40 in chips) 
Lorpugo: posts small blind $0.01
Kunet: posts big blind $0.02
*** HOLE CARDS ***
Dealt to Lorpugo [9c 6h]
Cranzilla: raises $0.04 to $0.06
17seventeen17: folds 
Zogu255: calls $0.06
esta4u1988: calls $0.06
Lorpugo: folds 
Kunet: calls $0.04
*** FLOP *** [Qs 7h Ac]
Kunet: checks 
Cranzilla: checks 
Zogu255: bets $0.18
esta4u1988: folds 
Kunet: folds 
Cranzilla: folds 
Uncalled bet ($0.18) returned to Zogu255
Zogu255 collected $0.24 from pot
*** SUMMARY ***
Total pot $0.25 | Rake $0.01 
Board [Qs 7h Ac]
Seat 1: Cranzilla folded on the Flop
Seat 2: 17seventeen17 folded before Flop (didn't bet)
Seat 3: Zogu255 collected ($0.24)
Seat 4: esta4u1988 (button) folded on the Flop
Seat 5: Lorpugo (small blind) folded before Flop
Seat 6: Kunet (big blind) folded on the Flop



PokerStars Hand #240642358763:  Hold'em No Limit ($0.01/$0.02 USD) - 2022/12/23 11:54:37 ET
Table 'Siri' 6-max Seat #5 is the button
Seat 1: Cranzilla ($2.14 in chips) 
Seat 2: 17seventeen17 ($2.58 in chips) 
Seat 3: Zogu255 ($4.16 in chips) 
Seat 4: esta4u1988 ($3.54 in chips) 
Seat 5: Lorpugo ($1.73 in chips) 
Seat 6: Kunet ($4.34 in chips) 
Kunet: posts small blind $0.01
Cranzilla: posts big blind $0.02
*** HOLE CARDS ***
Dealt to Lorpugo [3s 6h]
17seventeen17: folds 
Zogu255: folds 
Zogu255 leaves the table
esta4u1988: folds 
Lorpugo: folds 
Kunet: raises $0.04 to $0.06
Cranzilla: calls $0.04
*** FLOP *** [Jc 7c 8d]
Kunet: bets $0.04
Cranzilla: raises $0.12 to $0.16
Apextec joins the table at seat #3 
Kunet: calls $0.12
*** TURN *** [Jc 7c 8d] [4s]
Kunet: checks 
Cranzilla: checks 
*** RIVER *** [Jc 7c 8d 4s] [5s]
Kunet: checks 
Cranzilla: checks 
*** SHOW DOWN ***
Kunet: shows [Th 8h] (a pair of Eights)
Cranzilla: mucks hand 
Kunet collected $0.42 from pot
*** SUMMARY ***
Total pot $0.44 | Rake $0.02 
Board [Jc 7c 8d 4s 5s]
Seat 1: Cranzilla (big blind) mucked [9d Qd]
Seat 2: 17seventeen17 folded before Flop (didn't bet)
Seat 3: Zogu255 folded before Flop (didn't bet)
Seat 4: esta4u1988 folded before Flop (didn't bet)
Seat 5: Lorpugo (button) folded before Flop (didn't bet)
Seat 6: Kunet (small blind) showed [Th 8h] and won ($0.42) with a pair of Eights



PokerStars Hand #240642374115:  Hold'em No Limit ($0.01/$0.02 USD) - 2022/12/23 11:55:30 ET
Table 'Siri' 6-max Seat #6 is the button
Seat 1: Cranzilla ($2 in chips) 
Seat 2: 17seventeen17 ($2.58 in chips) 
Seat 4: esta4u1988 ($3.54 in chips) 
Seat 5: Lorpugo ($1.73 in chips) 
Seat 6: Kunet ($4.54 in chips) 
Cranzilla: posts small blind $0.01
17seventeen17: posts big blind $0.02
*** HOLE CARDS ***
Dealt to Lorpugo [Tc Td]
esta4u1988: raises $0.02 to $0.04
Lorpugo: raises $0.11 to $0.15
Kunet: folds 
Cranzilla: folds 
17seventeen17: folds 
esta4u1988: folds 
Uncalled bet ($0.11) returned to Lorpugo
Lorpugo collected $0.11 from pot
Lorpugo: doesn't show hand 
*** SUMMARY ***
Total pot $0.11 | Rake $0 
Seat 1: Cranzilla (small blind) folded before Flop
Seat 2: 17seventeen17 (big blind) folded before Flop
Seat 4: esta4u1988 folded before Flop
Seat 5: Lorpugo collected ($0.11)
Seat 6: Kunet (button) folded before Flop (didn't bet)



PokerStars Hand #240642378370:  Hold'em No Limit ($0.01/$0.02 USD) - 2022/12/23 11:55:47 ET
Table 'Siri' 6-max Seat #1 is the button
Seat 1: Cranzilla ($2 in chips) 
Seat 2: 17seventeen17 ($2.56 in chips) 
Seat 3: Apextec ($0.80 in chips) 
Seat 4: esta4u1988 ($3.50 in chips) 
Seat 5: Lorpugo ($1.80 in chips) 
Seat 6: Kunet ($4.54 in chips) 
17seventeen17: posts small blind $0.01
Apextec: posts big blind $0.02
*** HOLE CARDS ***
Dealt to Lorpugo [8h 9s]
esta4u1988: folds 
Lorpugo: raises $0.04 to $0.06
Kunet: folds 
Cranzilla: folds 
17seventeen17: folds 
Apextec: calls $0.04
*** FLOP *** [Th Qc 2s]
Apextec: checks 
Lorpugo: checks 
*** TURN *** [Th Qc 2s] [6h]
Apextec: checks 
Lorpugo: bets $0.18
Apextec: calls $0.18
*** RIVER *** [Th Qc 2s 6h] [Kd]
Apextec: bets $0.47
Lorpugo: folds 
Uncalled bet ($0.47) returned to Apextec
Apextec collected $0.47 from pot
*** SUMMARY ***
Total pot $0.49 | Rake $0.02 
Board [Th Qc 2s 6h Kd]
Seat 1: Cranzilla (button) folded before Flop (didn't bet)
Seat 2: 17seventeen17 (small blind) folded before Flop
Seat 3: Apextec (big blind) collected ($0.47)
Seat 4: esta4u1988 folded before Flop (didn't bet)
Seat 5: Lorpugo folded on the River
Seat 6: Kunet folded before Flop (didn't bet)



PokerStars Hand #240642398010:  Hold'em No Limit ($0.01/$0.02 USD) - 2022/12/23 11:57:06 ET
Table 'Siri' 6-max Seat #2 is the button
Seat 1: Cranzilla ($2 in chips) 
Seat 2: 17seventeen17 ($2.55 in chips) 
Seat 3: Apextec ($1.03 in chips) 
Seat 4: esta4u1988 ($3.50 in chips) 
Seat 5: Lorpugo ($1.56 in chips) 
Seat 6: Kunet ($4.54 in chips) 
Apextec: posts small blind $0.01
esta4u1988: posts big blind $0.02
*** HOLE CARDS ***
Dealt to Lorpugo [5d 8s]
Lorpugo: folds 
Kunet: folds 
Cranzilla: folds 
17seventeen17: raises $0.03 to $0.05
Apextec: folds 
esta4u1988: calls $0.03
*** FLOP *** [Jd Jc 6d]
esta4u1988: checks 
17seventeen17: bets $0.06
esta4u1988: folds 
Uncalled bet ($0.06) returned to 17seventeen17
17seventeen17 collected $0.11 from pot
17seventeen17: doesn't show hand 
*** SUMMARY ***
Total pot $0.11 | Rake $0 
Board [Jd Jc 6d]
Seat 1: Cranzilla folded before Flop (didn't bet)
Seat 2: 17seventeen17 (button) collected ($0.11)
Seat 3: Apextec (small blind) folded before Flop
Seat 4: esta4u1988 (big blind) folded on the Flop
Seat 5: Lorpugo folded before Flop (didn't bet)
Seat 6: Kunet folded before Flop (didn't bet)



PokerStars Hand #240642406048:  Hold'em No Limit ($0.01/$0.02 USD) - 2022/12/23 11:57:38 ET
Table 'Siri' 6-max Seat #3 is the button
Seat 1: Cranzilla ($2 in chips) 
Seat 2: 17seventeen17 ($2.61 in chips) 
Seat 3: Apextec ($1.02 in chips) 
Seat 4: esta4u1988 ($3.45 in chips) 
Seat 5: Lorpugo ($1.56 in chips) 
Seat 6: Kunet ($4.54 in chips) 
esta4u1988: posts small blind $0.01
Lorpugo: posts big blind $0.02
*** HOLE CARDS ***
Dealt to Lorpugo [8s 6h]
Kunet: folds 
Cranzilla: folds 
17seventeen17: folds 
Apextec: raises $0.02 to $0.04
esta4u1988: folds 
Lorpugo: calls $0.02
*** FLOP *** [Td Qh 9h]
esta4u1988 leaves the table
Lorpugo: checks 
Apextec: checks 
*** TURN *** [Td Qh 9h] [3h]
Lorpugo: checks 
Apextec: checks 
*** RIVER *** [Td Qh 9h 3h] [Ks]
MinelliJr joins the table at seat #4 
Lorpugo: checks 
Apextec: checks 
*** SHOW DOWN ***
Lorpugo: shows [8s 6h] (high card King)
Apextec: shows [6s Ts] (a pair of Tens)
Apextec collected $0.09 from pot
*** SUMMARY ***
Total pot $0.09 | Rake $0 
Board [Td Qh 9h 3h Ks]
Seat 1: Cranzilla folded before Flop (didn't bet)
Seat 2: 17seventeen17 folded before Flop (didn't bet)
Seat 3: Apextec (button) showed [6s Ts] and won ($0.09) with a pair of Tens
Seat 4: esta4u1988 (small blind) folded before Flop
Seat 5: Lorpugo (big blind) showed [8s 6h] and lost with high card King
Seat 6: Kunet folded before Flop (didn't bet)



PokerStars Hand #240642416221:  Hold'em No Limit ($0.01/$0.02 USD) - 2022/12/23 11:58:18 ET
Table 'Siri' 6-max Seat #5 is the button
Seat 1: Cranzilla ($2 in chips) 
Seat 2: 17seventeen17 ($2.61 in chips) 
Seat 3: Apextec ($1.07 in chips) 
Seat 5: Lorpugo ($1.52 in chips) 
Seat 6: Kunet ($4.54 in chips) 
Kunet: posts small blind $0.01
Cranzilla: posts big blind $0.02
*** HOLE CARDS ***
Dealt to Lorpugo [Ks Qc]
17seventeen17: folds 
Apextec: folds 
Lorpugo: raises $0.04 to $0.06
Kunet: folds 
Cranzilla: folds 
Uncalled bet ($0.04) returned to Lorpugo
Lorpugo collected $0.05 from pot
Lorpugo: doesn't show hand 
*** SUMMARY ***
Total pot $0.05 | Rake $0 
Seat 1: Cranzilla (big blind) folded before Flop
Seat 2: 17seventeen17 folded before Flop (didn't bet)
Seat 3: Apextec folded before Flop (didn't bet)
Seat 5: Lorpugo (button) collected ($0.05)
Seat 6: Kunet (small blind) folded before Flop



PokerStars Hand #240642426386:  Hold'em No Limit ($0.01/$0.02 USD) - 2022/12/23 11:58:58 ET
Table 'Siri' 6-max Seat #6 is the button
Seat 1: Cranzilla ($2 in chips) 
Seat 2: 17seventeen17 ($2.61 in chips) 
Seat 3: Apextec ($1.07 in chips) 
Seat 5: Lorpugo ($1.55 in chips) 
Seat 6: Kunet ($4.53 in chips) 
Cranzilla: posts small blind $0.01
17seventeen17: posts big blind $0.02
*** HOLE CARDS ***
Dealt to Lorpugo [5d Ah]
Apextec: folds 
Lorpugo: raises $0.04 to $0.06
Kunet: folds 
Cranzilla: calls $0.05
17seventeen17: folds 
*** FLOP *** [Td 2d 6c]
Cranzilla: checks 
Lorpugo: checks 
*** TURN *** [Td 2d 6c] [8h]
Cranzilla: checks 
Lorpugo: checks 
*** RIVER *** [Td 2d 6c 8h] [Ac]
Cranzilla: checks 
Lorpugo: bets $0.18
Cranzilla: folds 
Uncalled bet ($0.18) returned to Lorpugo
Lorpugo collected $0.14 from pot
Lorpugo: doesn't show hand 
*** SUMMARY ***
Total pot $0.14 | Rake $0 
Board [Td 2d 6c 8h Ac]
Seat 1: Cranzilla (small blind) folded on the River
Seat 2: 17seventeen17 (big blind) folded before Flop
Seat 3: Apextec folded before Flop (didn't bet)
Seat 5: Lorpugo collected ($0.14)
Seat 6: Kunet (button) folded before Flop (didn't bet)



PokerStars Hand #240642446389:  Hold'em No Limit ($0.01/$0.02 USD) - 2022/12/23 12:00:17 ET
Table 'Siri' 6-max Seat #1 is the button
Seat 1: Cranzilla ($2 in chips) 
Seat 2: 17seventeen17 ($2.59 in chips) 
Seat 3: Apextec ($1.07 in chips) 
Seat 5: Lorpugo ($1.63 in chips) 
Seat 6: Kunet ($4.53 in chips) 
17seventeen17: posts small blind $0.01
Apextec: posts big blind $0.02
*** HOLE CARDS ***
Dealt to Lorpugo [Kh 8d]
Lorpugo: folds 
Kunet: raises $0.03 to $0.05
Cranzilla: folds 
17seventeen17: raises $0.11 to $0.16
Apextec: folds 
Kunet: folds 
Uncalled bet ($0.11) returned to 17seventeen17
17seventeen17 collected $0.12 from pot
17seventeen17: doesn't show hand 
*** SUMMARY ***
Total pot $0.12 | Rake $0 
Seat 1: Cranzilla (button) folded before Flop (didn't bet)
Seat 2: 17seventeen17 (small blind) collected ($0.12)
Seat 3: Apextec (big blind) folded before Flop
Seat 5: Lorpugo folded before Flop (didn't bet)
Seat 6: Kunet folded before Flop



PokerStars Hand #240642462907:  Hold'em No Limit ($0.01/$0.02 USD) - 2022/12/23 12:01:17 ET
Table 'Siri' 6-max Seat #2 is the button
Seat 1: Cranzilla ($2 in chips) 
Seat 2: 17seventeen17 ($2.66 in chips) 
Seat 3: Apextec ($1.05 in chips) 
Seat 4: MinelliJr ($2 in chips) 
Seat 5: Lorpugo ($1.63 in chips) 
Seat 6: Kunet ($4.48 in chips) 
Apextec: posts small blind $0.01
MinelliJr: posts big blind $0.02
*** HOLE CARDS ***
Dealt to Lorpugo [4h 5s]
Lorpugo: folds 
Kunet: folds 
Cranzilla: folds 
17seventeen17: folds 
Apextec: raises $0.04 to $0.06
MinelliJr has timed out
MinelliJr: folds 
Uncalled bet ($0.04) returned to Apextec
Apextec collected $0.04 from pot
*** SUMMARY ***
Total pot $0.04 | Rake $0 
Seat 1: Cranzilla folded before Flop (didn't bet)
Seat 2: 17seventeen17 (button) folded before Flop (didn't bet)
Seat 3: Apextec (small blind) collected ($0.04)
Seat 4: MinelliJr (big blind) folded before Flop
Seat 5: Lorpugo folded before Flop (didn't bet)
Seat 6: Kunet folded before Flop (didn't bet)



PokerStars Hand #240642478331:  Hold'em No Limit ($0.01/$0.02 USD) - 2022/12/23 12:02:07 ET
Table 'Siri' 6-max Seat #3 is the button
Seat 1: Cranzilla ($2 in chips) 
Seat 2: 17seventeen17 ($2.66 in chips) 
Seat 3: Apextec ($1.07 in chips) 
Seat 5: Lorpugo ($1.63 in chips) 
Seat 6: Kunet ($4.48 in chips) 
Lorpugo: posts small blind $0.01
Kunet: posts big blind $0.02
*** HOLE CARDS ***
Dealt to Lorpugo [Qh Kc]
Cranzilla: folds 
17seventeen17: folds 
Apextec: raises $0.02 to $0.04
Lorpugo: raises $0.10 to $0.14
Kunet: folds 
Apextec: calls $0.10
*** FLOP *** [Jh Jd 8d]
Lorpugo: checks 
Apextec: checks 
*** TURN *** [Jh Jd 8d] [Ad]
Lorpugo: checks 
Apextec: checks 
*** RIVER *** [Jh Jd 8d Ad] [6d]
Lorpugo: checks 
Apextec: checks 
*** SHOW DOWN ***
Lorpugo: shows [Qh Kc] (a pair of Jacks)
Apextec: shows [3d 3h] (a flush, Ace high)
Apextec collected $0.29 from pot
*** SUMMARY ***
Total pot $0.30 | Rake $0.01 
Board [Jh Jd 8d Ad 6d]
Seat 1: Cranzilla folded before Flop (didn't bet)
Seat 2: 17seventeen17 folded before Flop (didn't bet)
Seat 3: Apextec (button) showed [3d 3h] and won ($0.29) with a flush, Ace high
Seat 5: Lorpugo (small blind) showed [Qh Kc] and lost with a pair of Jacks
Seat 6: Kunet (big blind) folded before Flop



PokerStars Hand #240642496562:  Hold'em No Limit ($0.01/$0.02 USD) - 2022/12/23 12:03:05 ET
Table 'Siri' 6-max Seat #5 is the button
Seat 1: Cranzilla ($2 in chips) 
Seat 2: 17seventeen17 ($2.66 in chips) 
Seat 3: Apextec ($1.22 in chips) 
Seat 5: Lorpugo ($1.49 in chips) 
Seat 6: Kunet ($4.46 in chips) 
Kunet: posts small blind $0.01
Cranzilla: posts big blind $0.02
*** HOLE CARDS ***
Dealt to Lorpugo [5c Qs]
17seventeen17: folds 
Apextec: raises $0.02 to $0.04
Lorpugo: folds 
Kunet: raises $0.17 to $0.21
Cranzilla: folds 
Apextec: folds 
Uncalled bet ($0.17) returned to Kunet
Kunet collected $0.10 from pot
*** SUMMARY ***
Total pot $0.10 | Rake $0 
Seat 1: Cranzilla (big blind) folded before Flop
Seat 2: 17seventeen17 folded before Flop (didn't bet)
Seat 3: Apextec folded before Flop
Seat 5: Lorpugo (button) folded before Flop (didn't bet)
Seat 6: Kunet (small blind) collected ($0.10)



PokerStars Hand #240642508576:  Hold'em No Limit ($0.01/$0.02 USD) - 2022/12/23 12:03:43 ET
Table 'Siri' 6-max Seat #6 is the button
Seat 1: Cranzilla ($2 in chips) 
Seat 2: 17seventeen17 ($2.66 in chips) 
Seat 3: Apextec ($1.18 in chips) 
Seat 5: Lorpugo ($1.49 in chips) 
Seat 6: Kunet ($4.52 in chips) 
Cranzilla: posts small blind $0.01
17seventeen17: posts big blind $0.02
*** HOLE CARDS ***
Dealt to Lorpugo [Qd Jc]
Apextec: folds 
Lorpugo: raises $0.04 to $0.06
Apextec leaves the table
Kunet: folds 
Cranzilla: folds 
spenceLFC joins the table at seat #3 
17seventeen17: calls $0.04
*** FLOP *** [3d 5d 4c]
17seventeen17: checks 
Lorpugo: checks 
*** TURN *** [3d 5d 4c] [7s]
17seventeen17: checks 
Lorpugo: checks 
*** RIVER *** [3d 5d 4c 7s] [Qs]
17seventeen17: checks 
Lorpugo: bets $0.14
17seventeen17: calls $0.14
*** SHOW DOWN ***
Lorpugo: shows [Qd Jc] (a pair of Queens)
17seventeen17: shows [Qh Jh] (a pair of Queens)
17seventeen17 collected $0.20 from pot
Lorpugo collected $0.20 from pot
*** SUMMARY ***
Total pot $0.41 | Rake $0.01 
Board [3d 5d 4c 7s Qs]
Seat 1: Cranzilla (small blind) folded before Flop
Seat 2: 17seventeen17 (big blind) showed [Qh Jh] and won ($0.20) with a pair of Queens
Seat 3: Apextec folded before Flop (didn't bet)
Seat 5: Lorpugo showed [Qd Jc] and won ($0.20) with a pair of Queens
Seat 6: Kunet (button) folded before Flop (didn't bet)



PokerStars Hand #240642528685:  Hold'em No Limit ($0.01/$0.02 USD) - 2022/12/23 12:04:46 ET
Table 'Siri' 6-max Seat #1 is the button
Seat 1: Cranzilla ($2 in chips) 
Seat 2: 17seventeen17 ($2.66 in chips) 
Seat 3: spenceLFC ($0.99 in chips) 
Seat 5: Lorpugo ($1.49 in chips) 
Seat 6: Kunet ($4.52 in chips) 
17seventeen17: posts small blind $0.01
spenceLFC: posts big blind $0.02
*** HOLE CARDS ***
Dealt to Lorpugo [Td 6c]
Lorpugo: folds 
Kunet: folds 
Cranzilla: folds 
17seventeen17: folds 
Uncalled bet ($0.01) returned to spenceLFC
spenceLFC collected $0.02 from pot
*** SUMMARY ***
Total pot $0.02 | Rake $0 
Seat 1: Cranzilla (button) folded before Flop (didn't bet)
Seat 2: 17seventeen17 (small blind) folded before Flop
Seat 3: spenceLFC (big blind) collected ($0.02)
Seat 5: Lorpugo folded before Flop (didn't bet)
Seat 6: Kunet folded before Flop (didn't bet)



PokerStars Hand #240642532680:  Hold'em No Limit ($0.01/$0.02 USD) - 2022/12/23 12:04:59 ET
Table 'Siri' 6-max Seat #2 is the button
Seat 1: Cranzilla ($2 in chips) 
Seat 2: 17seventeen17 ($2.65 in chips) 
Seat 3: spenceLFC ($1 in chips) 
Seat 5: Lorpugo ($1.49 in chips) 
Seat 6: Kunet ($4.52 in chips) 
spenceLFC: posts small blind $0.01
Lorpugo: posts big blind $0.02
*** HOLE CARDS ***
Dealt to Lorpugo [Qs 4h]
Kunet: folds 
Cranzilla: raises $0.04 to $0.06
17seventeen17: folds 
spenceLFC: calls $0.05
Lorpugo: folds 
*** FLOP *** [Qh 7s 8h]
spenceLFC: checks 
Cranzilla: checks 
*** TURN *** [Qh 7s 8h] [8s]
spenceLFC: bets $0.02
Cranzilla: calls $0.02
*** RIVER *** [Qh 7s 8h 8s] [3h]
spenceLFC: checks 
Cranzilla: checks 
*** SHOW DOWN ***
spenceLFC: shows [7d 5d] (two pair, Eights and Sevens)
Cranzilla: mucks hand 
spenceLFC collected $0.17 from pot
*** SUMMARY ***
Total pot $0.18 | Rake $0.01 
Board [Qh 7s 8h 8s 3h]
Seat 1: Cranzilla mucked [Ah Jd]
Seat 2: 17seventeen17 (button) folded before Flop (didn't bet)
Seat 3: spenceLFC (small blind) showed [7d 5d] and won ($0.17) with two pair, Eights and Sevens
Seat 5: Lorpugo (big blind) folded before Flop
Seat 6: Kunet folded before Flop (didn't bet)



PokerStars Hand #240642549010:  Hold'em No Limit ($0.01/$0.02 USD) - 2022/12/23 12:05:49 ET
Table 'Siri' 6-max Seat #3 is the button
Seat 1: Cranzilla ($2 in chips) 
Seat 2: 17seventeen17 ($2.65 in chips) 
Seat 3: spenceLFC ($1.09 in chips) 
Seat 5: Lorpugo ($1.47 in chips) 
Seat 6: Kunet ($4.52 in chips) 
Lorpugo: posts small blind $0.01
Kunet: posts big blind $0.02
*** HOLE CARDS ***
Dealt to Lorpugo [Td 7h]
Cranzilla: folds 
17seventeen17: folds 
spenceLFC: calls $0.02
Lorpugo: calls $0.01
Kunet: checks 
*** FLOP *** [Qd 5h 9h]
Lorpugo: checks 
Kunet: checks 
spenceLFC: checks 
*** TURN *** [Qd 5h 9h] [As]
Lorpugo: checks 
Kunet: checks 
spenceLFC: bets $0.02
Lorpugo: folds 
Kunet: folds 
Uncalled bet ($0.02) returned to spenceLFC
spenceLFC collected $0.06 from pot
*** SUMMARY ***
Total pot $0.06 | Rake $0 
Board [Qd 5h 9h As]
Seat 1: Cranzilla folded before Flop (didn't bet)
Seat 2: 17seventeen17 folded before Flop (didn't bet)
Seat 3: spenceLFC (button) collected ($0.06)
Seat 5: Lorpugo (small blind) folded on the Turn
Seat 6: Kunet (big blind) folded on the Turn



PokerStars Hand #240642572781:  Hold'em No Limit ($0.01/$0.02 USD) - 2022/12/23 12:07:04 ET
Table 'Siri' 6-max Seat #5 is the button
Seat 1: Cranzilla ($2 in chips) 
Seat 2: 17seventeen17 ($2.65 in chips) 
Seat 3: spenceLFC ($1.13 in chips) 
Seat 5: Lorpugo ($1.45 in chips) 
Seat 6: Kunet ($4.50 in chips) 
Kunet: posts small blind $0.01
Cranzilla: posts big blind $0.02
*** HOLE CARDS ***
Dealt to Lorpugo [5s 5c]
17seventeen17: raises $0.03 to $0.05
spenceLFC: calls $0.05
Lorpugo: calls $0.05
Kunet: folds 
Cranzilla: folds 
*** FLOP *** [7h 9s Qh]
17seventeen17: bets $0.09
spenceLFC: raises $0.09 to $0.18
Lorpugo: folds 
17seventeen17: calls $0.09
*** TURN *** [7h 9s Qh] [Ac]
17seventeen17: checks 
spenceLFC: checks 
*** RIVER *** [7h 9s Qh Ac] [4d]
17seventeen17: checks 
spenceLFC: bets $0.90 and is all-in
17seventeen17: folds 
Uncalled bet ($0.90) returned to spenceLFC
spenceLFC collected $0.52 from pot
*** SUMMARY ***
Total pot $0.54 | Rake $0.02 
Board [7h 9s Qh Ac 4d]
Seat 1: Cranzilla (big blind) folded before Flop
Seat 2: 17seventeen17 folded on the River
Seat 3: spenceLFC collected ($0.52)
Seat 5: Lorpugo (button) folded on the Flop
Seat 6: Kunet (small blind) folded before Flop



PokerStars Hand #240642594988:  Hold'em No Limit ($0.01/$0.02 USD) - 2022/12/23 12:08:13 ET
Table 'Siri' 6-max Seat #6 is the button
Seat 1: Cranzilla ($2 in chips) 
Seat 2: 17seventeen17 ($2.42 in chips) 
Seat 3: spenceLFC ($1.42 in chips) 
Seat 5: Lorpugo ($1.40 in chips) 
Seat 6: Kunet ($4.49 in chips) 
Cranzilla: posts small blind $0.01
17seventeen17: posts big blind $0.02
*** HOLE CARDS ***
Dealt to Lorpugo [6d 7h]
spenceLFC: folds 
Lorpugo: folds 
Kunet: raises $0.02 to $0.04
Cranzilla: folds 
17seventeen17: folds 
Uncalled bet ($0.02) returned to Kunet
Kunet collected $0.05 from pot
*** SUMMARY ***
Total pot $0.05 | Rake $0 
Seat 1: Cranzilla (small blind) folded before Flop
Seat 2: 17seventeen17 (big blind) folded before Flop
Seat 3: spenceLFC folded before Flop (didn't bet)
Seat 5: Lorpugo folded before Flop (didn't bet)
Seat 6: Kunet (button) collected ($0.05)



PokerStars Hand #240642601266:  Hold'em No Limit ($0.01/$0.02 USD) - 2022/12/23 12:08:33 ET
Table 'Siri' 6-max Seat #1 is the button
Seat 1: Cranzilla ($2 in chips) 
Seat 2: 17seventeen17 ($2.40 in chips) 
Seat 3: spenceLFC ($1.42 in chips) 
Seat 5: Lorpugo ($1.40 in chips) 
Seat 6: Kunet ($4.52 in chips) 
17seventeen17: posts small blind $0.01
spenceLFC: posts big blind $0.02
*** HOLE CARDS ***
Dealt to Lorpugo [Ad 9s]
Lorpugo: raises $0.04 to $0.06
Kunet: folds 
Cranzilla: folds 
17seventeen17: folds 
spenceLFC: calls $0.04
*** FLOP *** [3h 5d Ts]
spenceLFC: checks 
Lorpugo: bets $0.09
spenceLFC: raises $0.09 to $0.18
Lorpugo: folds 
Uncalled bet ($0.09) returned to spenceLFC
spenceLFC collected $0.30 from pot
*** SUMMARY ***
Total pot $0.31 | Rake $0.01 
Board [3h 5d Ts]
Seat 1: Cranzilla (button) folded before Flop (didn't bet)
Seat 2: 17seventeen17 (small blind) folded before Flop
Seat 3: spenceLFC (big blind) collected ($0.30)
Seat 5: Lorpugo folded on the Flop
Seat 6: Kunet folded before Flop (didn't bet)



PokerStars Hand #240642613169:  Hold'em No Limit ($0.01/$0.02 USD) - 2022/12/23 12:09:11 ET
Table 'Siri' 6-max Seat #2 is the button
Seat 1: Cranzilla ($2 in chips) 
Seat 2: 17seventeen17 ($2.39 in chips) 
Seat 3: spenceLFC ($1.57 in chips) 
Seat 5: Lorpugo ($1.25 in chips) 
Seat 6: Kunet ($4.52 in chips) 
spenceLFC: posts small blind $0.01
Lorpugo: posts big blind $0.02
*** HOLE CARDS ***
Dealt to Lorpugo [Ts 8c]
Kunet: folds 
Cranzilla: folds 
17seventeen17: folds 
spenceLFC: calls $0.01
Lorpugo: checks 
*** FLOP *** [9c 5s Jd]
spenceLFC: checks 
Lorpugo: bets $0.03
spenceLFC: calls $0.03
*** TURN *** [9c 5s Jd] [8s]
spenceLFC: bets $0.10
Lorpugo: calls $0.10
*** RIVER *** [9c 5s Jd 8s] [6s]
spenceLFC: checks 
Lorpugo: bets $1.10 and is all-in
spenceLFC: folds 
Uncalled bet ($1.10) returned to Lorpugo
Lorpugo collected $0.29 from pot
Lorpugo: doesn't show hand 
*** SUMMARY ***
Total pot $0.30 | Rake $0.01 
Board [9c 5s Jd 8s 6s]
Seat 1: Cranzilla folded before Flop (didn't bet)
Seat 2: 17seventeen17 (button) folded before Flop (didn't bet)
Seat 3: spenceLFC (small blind) folded on the River
Seat 5: Lorpugo (big blind) collected ($0.29)
Seat 6: Kunet folded before Flop (didn't bet)



PokerStars Hand #240642634299:  Hold'em No Limit ($0.01/$0.02 USD) - 2022/12/23 12:10:18 ET
Table 'Siri' 6-max Seat #3 is the button
Seat 1: Cranzilla ($2 in chips) 
Seat 2: 17seventeen17 ($2.39 in chips) 
Seat 3: spenceLFC ($1.42 in chips) 
Seat 5: Lorpugo ($1.39 in chips) 
Seat 6: Kunet ($4.52 in chips) 
Lorpugo: posts small blind $0.01
Kunet: posts big blind $0.02
*** HOLE CARDS ***
Dealt to Lorpugo [Qd As]
Cranzilla: folds 
17seventeen17: raises $0.03 to $0.05
spenceLFC: calls $0.05
Lorpugo: raises $0.17 to $0.22
Kunet: folds 
17seventeen17: folds 
spenceLFC: calls $0.17
*** FLOP *** [2h 5d 9h]
Lorpugo: checks 
spenceLFC: checks 
*** TURN *** [2h 5d 9h] [9d]
Lorpugo: bets $0.25
spenceLFC: folds 
Uncalled bet ($0.25) returned to Lorpugo
Lorpugo collected $0.49 from pot
Lorpugo: doesn't show hand 
*** SUMMARY ***
Total pot $0.51 | Rake $0.02 
Board [2h 5d 9h 9d]
Seat 1: Cranzilla folded before Flop (didn't bet)
Seat 2: 17seventeen17 folded before Flop
Seat 3: spenceLFC (button) folded on the Turn
Seat 5: Lorpugo (small blind) collected ($0.49)
Seat 6: Kunet (big blind) folded before Flop



PokerStars Hand #240642645946:  Hold'em No Limit ($0.01/$0.02 USD) - 2022/12/23 12:10:55 ET
Table 'Siri' 6-max Seat #5 is the button
Seat 1: Cranzilla ($2 in chips) 
Seat 2: 17seventeen17 ($2.34 in chips) 
Seat 3: spenceLFC ($1.20 in chips) 
Seat 5: Lorpugo ($1.66 in chips) 
Seat 6: Kunet ($4.50 in chips) 
Kunet: posts small blind $0.01
Cranzilla: posts big blind $0.02
*** HOLE CARDS ***
Dealt to Lorpugo [5d 6c]
17seventeen17: folds 
spenceLFC: folds 
Lorpugo: folds 
Kunet: folds 
Uncalled bet ($0.01) returned to Cranzilla
Cranzilla collected $0.02 from pot
Cranzilla: doesn't show hand 
*** SUMMARY ***
Total pot $0.02 | Rake $0 
Seat 1: Cranzilla (big blind) collected ($0.02)
Seat 2: 17seventeen17 folded before Flop (didn't bet)
Seat 3: spenceLFC folded before Flop (didn't bet)
Seat 5: Lorpugo (button) folded before Flop (didn't bet)
Seat 6: Kunet (small blind) folded before Flop



PokerStars Hand #240642650379:  Hold'em No Limit ($0.01/$0.02 USD) - 2022/12/23 12:11:09 ET
Table 'Siri' 6-max Seat #6 is the button
Seat 1: Cranzilla ($2.01 in chips) 
Seat 3: spenceLFC ($1.20 in chips) 
Seat 5: Lorpugo ($1.66 in chips) 
Seat 6: Kunet ($4.49 in chips) 
Cranzilla: posts small blind $0.01
spenceLFC: posts big blind $0.02
*** HOLE CARDS ***
Dealt to Lorpugo [9s 2c]
Lorpugo: folds 
Kunet: folds 
Cranzilla: raises $0.04 to $0.06
spenceLFC: folds 
Uncalled bet ($0.04) returned to Cranzilla
Cranzilla collected $0.04 from pot
Cranzilla: doesn't show hand 
*** SUMMARY ***
Total pot $0.04 | Rake $0 
Seat 1: Cranzilla (small blind) collected ($0.04)
Seat 3: spenceLFC (big blind) folded before Flop
Seat 5: Lorpugo folded before Flop (didn't bet)
Seat 6: Kunet (button) folded before Flop (didn't bet)



PokerStars Hand #240642655391:  Hold'em No Limit ($0.01/$0.02 USD) - 2022/12/23 12:11:24 ET
Table 'Siri' 6-max Seat #1 is the button
Seat 1: Cranzilla ($2.03 in chips) 
Seat 3: spenceLFC ($1.18 in chips) 
Seat 5: Lorpugo ($1.66 in chips) 
Seat 6: Kunet ($4.49 in chips) 
spenceLFC: posts small blind $0.01
Lorpugo: posts big blind $0.02
*** HOLE CARDS ***
Dealt to Lorpugo [7c 9c]
Kunet: folds 
Cranzilla: folds 
spenceLFC: folds 
Uncalled bet ($0.01) returned to Lorpugo
Lorpugo collected $0.02 from pot
MinelliJr leaves the table
Lorpugo: doesn't show hand 
*** SUMMARY ***
Total pot $0.02 | Rake $0 
Seat 1: Cranzilla (button) folded before Flop (didn't bet)
Seat 3: spenceLFC (small blind) folded before Flop
Seat 5: Lorpugo (big blind) collected ($0.02)
Seat 6: Kunet folded before Flop (didn't bet)



PokerStars Hand #240642660832:  Hold'em No Limit ($0.01/$0.02 USD) - 2022/12/23 12:11:42 ET
Table 'Siri' 6-max Seat #3 is the button
Seat 1: Cranzilla ($2.03 in chips) 
Seat 3: spenceLFC ($1.17 in chips) 
Seat 5: Lorpugo ($1.67 in chips) 
Seat 6: Kunet ($4.49 in chips) 
Lorpugo: posts small blind $0.01
Kunet: posts big blind $0.02
*** HOLE CARDS ***
Dealt to Lorpugo [6s 2c]
Cranzilla: raises $0.04 to $0.06
spenceLFC: folds 
Lorpugo: folds 
Kunet: folds 
Uncalled bet ($0.04) returned to Cranzilla
Cranzilla collected $0.05 from pot
Cranzilla: doesn't show hand 
*** SUMMARY ***
Total pot $0.05 | Rake $0 
Seat 1: Cranzilla collected ($0.05)
Seat 3: spenceLFC (button) folded before Flop (didn't bet)
Seat 5: Lorpugo (small blind) folded before Flop
Seat 6: Kunet (big blind) folded before Flop



PokerStars Hand #240642664223:  Hold'em No Limit ($0.01/$0.02 USD) - 2022/12/23 12:11:53 ET
Table 'Siri' 6-max Seat #5 is the button
Seat 1: Cranzilla ($2.06 in chips) 
Seat 3: spenceLFC ($1.17 in chips) 
Seat 5: Lorpugo ($1.66 in chips) 
Seat 6: Kunet ($4.47 in chips) 
Kunet: posts small blind $0.01
Cranzilla: posts big blind $0.02
*** HOLE CARDS ***
Dealt to Lorpugo [7d Js]
spenceLFC: raises $0.02 to $0.04
Lorpugo: folds 
Kunet: folds 
Cranzilla: folds 
Uncalled bet ($0.02) returned to spenceLFC
spenceLFC collected $0.05 from pot
*** SUMMARY ***
Total pot $0.05 | Rake $0 
Seat 1: Cranzilla (big blind) folded before Flop
Seat 3: spenceLFC collected ($0.05)
Seat 5: Lorpugo (button) folded before Flop (didn't bet)
Seat 6: Kunet (small blind) folded before Flop



PokerStars Hand #240642668355:  Hold'em No Limit ($0.01/$0.02 USD) - 2022/12/23 12:12:06 ET
Table 'Siri' 6-max Seat #6 is the button
Seat 1: Cranzilla ($2.04 in chips) 
Seat 3: spenceLFC ($1.20 in chips) 
Seat 5: Lorpugo ($1.66 in chips) 
Seat 6: Kunet ($4.46 in chips) 
Cranzilla: posts small blind $0.01
spenceLFC: posts big blind $0.02
*** HOLE CARDS ***
Dealt to Lorpugo [5c 7c]
Lorpugo: raises $0.04 to $0.06
millya5 joins the table at seat #4 
Kunet: raises $0.12 to $0.18
Cranzilla: folds 
spenceLFC: raises $0.12 to $0.30
Lorpugo: folds 
Kunet: calls $0.12
*** FLOP *** [Jd Kd 8d]
spenceLFC: bets $0.90 and is all-in
Kunet: folds 
Uncalled bet ($0.90) returned to spenceLFC
spenceLFC collected $0.65 from pot
*** SUMMARY ***
Total pot $0.67 | Rake $0.02 
Board [Jd Kd 8d]
Seat 1: Cranzilla (small blind) folded before Flop
Seat 3: spenceLFC (big blind) collected ($0.65)
Seat 5: Lorpugo folded before Flop
Seat 6: Kunet (button) folded on the Flop



PokerStars Hand #240642682695:  Hold'em No Limit ($0.01/$0.02 USD) - 2022/12/23 12:12:51 ET
Table 'Siri' 6-max Seat #1 is the button
Seat 1: Cranzilla ($2.03 in chips) 
Seat 3: spenceLFC ($1.55 in chips) 
Seat 4: millya5 ($0.86 in chips) 
Seat 5: Lorpugo ($1.60 in chips) 
Seat 6: Kunet ($4.16 in chips) 
spenceLFC: posts small blind $0.01
millya5: posts big blind $0.02
*** HOLE CARDS ***
Dealt to Lorpugo [Tc Qd]
Lorpugo: folds 
Kunet: folds 
Cranzilla: raises $0.04 to $0.06
spenceLFC: folds 
millya5: calls $0.04
*** FLOP *** [Jc 9h Ah]
millya5: checks 
Cranzilla: checks 
*** TURN *** [Jc 9h Ah] [5d]
millya5: checks 
Cranzilla: checks 
*** RIVER *** [Jc 9h Ah 5d] [9c]
millya5: checks 
Cranzilla: bets $0.04
millya5: calls $0.04
*** SHOW DOWN ***
Cranzilla: shows [9s Qs] (three of a kind, Nines)
millya5: mucks hand 
Cranzilla collected $0.20 from pot
*** SUMMARY ***
Total pot $0.21 | Rake $0.01 
Board [Jc 9h Ah 5d 9c]
Seat 1: Cranzilla (button) showed [9s Qs] and won ($0.20) with three of a kind, Nines
Seat 3: spenceLFC (small blind) folded before Flop
Seat 4: millya5 (big blind) mucked [Qc Kc]
Seat 5: Lorpugo folded before Flop (didn't bet)
Seat 6: Kunet folded before Flop (didn't bet)



PokerStars Hand #240642692375:  Hold'em No Limit ($0.01/$0.02 USD) - 2022/12/23 12:13:22 ET
Table 'Siri' 6-max Seat #3 is the button
Seat 1: Cranzilla ($2.13 in chips) 
Seat 3: spenceLFC ($1.54 in chips) 
Seat 4: millya5 ($0.76 in chips) 
Seat 5: Lorpugo ($1.60 in chips) 
Seat 6: Kunet ($4.16 in chips) 
millya5: posts small blind $0.01
Lorpugo: posts big blind $0.02
*** HOLE CARDS ***
Dealt to Lorpugo [Jd Qd]
17seventeen17 leaves the table
Kunet: folds 
Cranzilla: folds 
ninel7 joins the table at seat #2 
spenceLFC: calls $0.02
millya5: folds 
Lorpugo: raises $0.10 to $0.12
spenceLFC: calls $0.10
*** FLOP *** [5d Kh Jh]
Lorpugo: checks 
spenceLFC: bets $1.42 and is all-in
Lorpugo: folds 
Uncalled bet ($1.42) returned to spenceLFC
spenceLFC collected $0.24 from pot
*** SUMMARY ***
Total pot $0.25 | Rake $0.01 
Board [5d Kh Jh]
Seat 1: Cranzilla folded before Flop (didn't bet)
Seat 3: spenceLFC (button) collected ($0.24)
Seat 4: millya5 (small blind) folded before Flop
Seat 5: Lorpugo (big blind) folded on the Flop
Seat 6: Kunet folded before Flop (didn't bet)



PokerStars Hand #240642709083:  Hold'em No Limit ($0.01/$0.02 USD) - 2022/12/23 12:14:16 ET
Table 'Siri' 6-max Seat #4 is the button
Seat 1: Cranzilla ($2.13 in chips) 
Seat 3: spenceLFC ($1.66 in chips) 
Seat 4: millya5 ($0.75 in chips) 
Seat 5: Lorpugo ($1.48 in chips) 
Lorpugo: posts small blind $0.01
Cranzilla: posts big blind $0.02
*** HOLE CARDS ***
Dealt to Lorpugo [5s Kd]
Kunet leaves the table
spenceLFC: raises $0.02 to $0.04
millya5: folds 
Lorpugo: folds 
Cranzilla: folds 
Uncalled bet ($0.02) returned to spenceLFC
spenceLFC collected $0.05 from pot
*** SUMMARY ***
Total pot $0.05 | Rake $0 
Seat 1: Cranzilla (big blind) folded before Flop
Seat 3: spenceLFC collected ($0.05)
Seat 4: millya5 (button) folded before Flop (didn't bet)
Seat 5: Lorpugo (small blind) folded before Flop



PokerStars Hand #240642713304:  Hold'em No Limit ($0.01/$0.02 USD) - 2022/12/23 12:14:29 ET
Table 'Siri' 6-max Seat #5 is the button
Seat 1: Cranzilla ($2.11 in chips) 
Seat 2: ninel7 ($0.90 in chips) 
Seat 3: spenceLFC ($1.69 in chips) 
Seat 4: millya5 ($0.75 in chips) 
Seat 5: Lorpugo ($1.47 in chips) 
Cranzilla: posts small blind $0.01
ninel7: posts big blind $0.02
*** HOLE CARDS ***
Dealt to Lorpugo [Kd 5c]
spenceLFC: raises $0.02 to $0.04
millya5: folds 
Lorpugo: folds 
DoLothar53 joins the table at seat #6 
Cranzilla: folds 
ninel7: calls $0.02
*** FLOP *** [Ah 6h 3h]
ninel7: checks 
spenceLFC: checks 
*** TURN *** [Ah 6h 3h] [5h]
ninel7: checks 
spenceLFC: bets $0.04
ninel7: folds 
Uncalled bet ($0.04) returned to spenceLFC
spenceLFC collected $0.09 from pot
*** SUMMARY ***
Total pot $0.09 | Rake $0 
Board [Ah 6h 3h 5h]
Seat 1: Cranzilla (small blind) folded before Flop
Seat 2: ninel7 (big blind) folded on the Turn
Seat 3: spenceLFC collected ($0.09)
Seat 4: millya5 folded before Flop (didn't bet)
Seat 5: Lorpugo (button) folded before Flop (didn't bet)



PokerStars Hand #240642722470:  Hold'em No Limit ($0.01/$0.02 USD) - 2022/12/23 12:14:58 ET
Table 'Siri' 6-max Seat #1 is the button
Seat 1: Cranzilla ($2.10 in chips) 
Seat 2: ninel7 ($0.90 in chips) 
Seat 3: spenceLFC ($1.74 in chips) 
Seat 4: millya5 ($0.75 in chips) 
Seat 5: Lorpugo ($1.47 in chips) 
Seat 6: DoLothar53 ($0.80 in chips) 
ninel7: posts small blind $0.01
spenceLFC: posts big blind $0.02
DoLothar53: posts big blind $0.02
*** HOLE CARDS ***
Dealt to Lorpugo [7c 2s]
millya5: calls $0.02
Lorpugo: folds 
DoLothar53: checks 
Cranzilla: raises $0.06 to $0.08
ninel7: calls $0.07
spenceLFC: folds 
millya5: calls $0.06
DoLothar53: folds 
*** FLOP *** [4d 9d Kc]
spenceLFC leaves the table
ninel7: checks 
millya5: checks 
Cranzilla: checks 
*** TURN *** [4d 9d Kc] [3d]
ninel7: checks 
millya5: checks 
Cranzilla: bets $0.18
ninel7: calls $0.18
millya5: folds 
*** RIVER *** [4d 9d Kc 3d] [Jc]
ninel7: checks 
Samhayman joins the table at seat #3 
Cranzilla: checks 
*** SHOW DOWN ***
ninel7: shows [Kh Jh] (two pair, Kings and Jacks)
Cranzilla: mucks hand 
ninel7 collected $0.62 from pot
*** SUMMARY ***
Total pot $0.64 | Rake $0.02 
Board [4d 9d Kc 3d Jc]
Seat 1: Cranzilla (button) mucked [Qc Ac]
Seat 2: ninel7 (small blind) showed [Kh Jh] and won ($0.62) with two pair, Kings and Jacks
Seat 3: spenceLFC (big blind) folded before Flop
Seat 4: millya5 folded on the Turn
Seat 5: Lorpugo folded before Flop (didn't bet)
Seat 6: DoLothar53 folded before Flop (didn't bet)



PokerStars Hand #240642735466:  Hold'em No Limit ($0.01/$0.02 USD) - 2022/12/23 12:15:40 ET
Table 'Siri' 6-max Seat #2 is the button
Seat 1: Cranzilla ($2 in chips) 
Seat 2: ninel7 ($1.26 in chips) 
Seat 4: millya5 ($0.67 in chips) 
Seat 5: Lorpugo ($1.47 in chips) 
Seat 6: DoLothar53 ($0.78 in chips) 
millya5: posts small blind $0.01
Lorpugo: posts big blind $0.02
*** HOLE CARDS ***
Dealt to Lorpugo [5d Td]
DoLothar53: calls $0.02
Cranzilla: folds 
ninel7: folds 
millya5: calls $0.01
Lorpugo: checks 
*** FLOP *** [9c 3s 7h]
millya5: checks 
Lorpugo: checks 
DoLothar53: checks 
*** TURN *** [9c 3s 7h] [9s]
millya5: checks 
Lorpugo: checks 
DoLothar53: checks 
*** RIVER *** [9c 3s 7h 9s] [6s]
millya5: bets $0.02
Lorpugo: folds 
DoLothar53: folds 
Uncalled bet ($0.02) returned to millya5
millya5 collected $0.06 from pot
*** SUMMARY ***
Total pot $0.06 | Rake $0 
Board [9c 3s 7h 9s 6s]
Seat 1: Cranzilla folded before Flop (didn't bet)
Seat 2: ninel7 (button) folded before Flop (didn't bet)
Seat 4: millya5 (small blind) collected ($0.06)
Seat 5: Lorpugo (big blind) folded on the River
Seat 6: DoLothar53 folded on the River



PokerStars Hand #240642746667:  Hold'em No Limit ($0.01/$0.02 USD) - 2022/12/23 12:16:16 ET
Table 'Siri' 6-max Seat #4 is the button
Seat 1: Cranzilla ($2 in chips) 
Seat 2: ninel7 ($1.26 in chips) 
Seat 3: Samhayman ($2 in chips) 
Seat 4: millya5 ($0.71 in chips) 
Seat 5: Lorpugo ($1.45 in chips) 
Seat 6: DoLothar53 ($0.76 in chips) 
Lorpugo: posts small blind $0.01
DoLothar53: posts big blind $0.02
Samhayman: posts big blind $0.02
*** HOLE CARDS ***
Dealt to Lorpugo [Jc 7s]
Cranzilla: folds 
ninel7: folds 
Samhayman: raises $0.06 to $0.08
millya5: folds 
Lorpugo: folds 
DoLothar53: folds 
Uncalled bet ($0.06) returned to Samhayman
Samhayman collected $0.05 from pot
*** SUMMARY ***
Total pot $0.05 | Rake $0 
Seat 1: Cranzilla folded before Flop (didn't bet)
Seat 2: ninel7 folded before Flop (didn't bet)
Seat 3: Samhayman collected ($0.05)
Seat 4: millya5 (button) folded before Flop (didn't bet)
Seat 5: Lorpugo (small blind) folded before Flop
Seat 6: DoLothar53 (big blind) folded before Flop



PokerStars Hand #240642750995:  Hold'em No Limit ($0.01/$0.02 USD) - 2022/12/23 12:16:29 ET
Table 'Siri' 6-max Seat #5 is the button
Seat 1: Cranzilla ($2 in chips) 
Seat 2: ninel7 ($1.26 in chips) 
Seat 3: Samhayman ($2.03 in chips) 
Seat 4: millya5 ($0.71 in chips) 
Seat 5: Lorpugo ($1.44 in chips) 
Seat 6: DoLothar53 ($0.74 in chips) 
DoLothar53: posts small blind $0.01
Cranzilla: posts big blind $0.02
*** HOLE CARDS ***
Dealt to Lorpugo [4h Ad]
ninel7: folds 
Samhayman: calls $0.02
millya5: folds 
Lorpugo: raises $0.10 to $0.12
DoLothar53: calls $0.11
Cranzilla: folds 
Samhayman: calls $0.10
*** FLOP *** [Tc Jc Kc]
DoLothar53: bets $0.62 and is all-in
Samhayman: folds 
Lorpugo: folds 
Uncalled bet ($0.62) returned to DoLothar53
DoLothar53 collected $0.37 from pot
*** SUMMARY ***
Total pot $0.38 | Rake $0.01 
Board [Tc Jc Kc]
Seat 1: Cranzilla (big blind) folded before Flop
Seat 2: ninel7 folded before Flop (didn't bet)
Seat 3: Samhayman folded on the Flop
Seat 4: millya5 folded before Flop (didn't bet)
Seat 5: Lorpugo (button) folded on the Flop
Seat 6: DoLothar53 (small blind) collected ($0.37)



PokerStars Hand #240642760933:  Hold'em No Limit ($0.01/$0.02 USD) - 2022/12/23 12:17:01 ET
Table 'Siri' 6-max Seat #6 is the button
Seat 1: Cranzilla ($2 in chips) 
Seat 2: ninel7 ($1.26 in chips) 
Seat 3: Samhayman ($1.91 in chips) 
Seat 4: millya5 ($0.71 in chips) 
Seat 5: Lorpugo ($1.32 in chips) 
Seat 6: DoLothar53 ($0.99 in chips) 
Cranzilla: posts small blind $0.01
ninel7: posts big blind $0.02
*** HOLE CARDS ***
Dealt to Lorpugo [Kc 7s]
Samhayman: folds 
millya5: folds 
Lorpugo: raises $0.04 to $0.06
DoLothar53: folds 
Cranzilla: folds 
ninel7: folds 
Uncalled bet ($0.04) returned to Lorpugo
Lorpugo collected $0.05 from pot
Lorpugo: doesn't show hand 
*** SUMMARY ***
Total pot $0.05 | Rake $0 
Seat 1: Cranzilla (small blind) folded before Flop
Seat 2: ninel7 (big blind) folded before Flop
Seat 3: Samhayman folded before Flop (didn't bet)
Seat 4: millya5 folded before Flop (didn't bet)
Seat 5: Lorpugo collected ($0.05)
Seat 6: DoLothar53 (button) folded before Flop (didn't bet)



PokerStars Hand #240642765496:  Hold'em No Limit ($0.01/$0.02 USD) - 2022/12/23 12:17:16 ET
Table 'Siri' 6-max Seat #1 is the button
Seat 1: Cranzilla ($2 in chips) 
Seat 2: ninel7 ($1.24 in chips) 
Seat 3: Samhayman ($1.91 in chips) 
Seat 4: millya5 ($0.71 in chips) 
Seat 5: Lorpugo ($1.35 in chips) 
Seat 6: DoLothar53 ($0.99 in chips) 
ninel7: posts small blind $0.01
Samhayman: posts big blind $0.02
*** HOLE CARDS ***
Dealt to Lorpugo [7d 9h]
millya5: folds 
Lorpugo: folds 
DoLothar53: calls $0.02
Cranzilla: calls $0.02
ninel7: calls $0.01
Samhayman: checks 
*** FLOP *** [5s 2c 6s]
ninel7: bets $0.05
Samhayman: raises $0.07 to $0.12
DoLothar53: folds 
Cranzilla: folds 
ninel7: calls $0.07
*** TURN *** [5s 2c 6s] [8d]
ninel7: checks 
Samhayman: bets $0.31
ninel7: calls $0.31
*** RIVER *** [5s 2c 6s 8d] [4s]
ninel7: checks 
Samhayman: checks 
*** SHOW DOWN ***
ninel7: shows [9s 9c] (a pair of Nines)
Samhayman: shows [3s 4h] (a straight, Deuce to Six)
Samhayman collected $0.91 from pot
*** SUMMARY ***
Total pot $0.94 | Rake $0.03 
Board [5s 2c 6s 8d 4s]
Seat 1: Cranzilla (button) folded on the Flop
Seat 2: ninel7 (small blind) showed [9s 9c] and lost with a pair of Nines
Seat 3: Samhayman (big blind) showed [3s 4h] and won ($0.91) with a straight, Deuce to Six
Seat 4: millya5 folded before Flop (didn't bet)
Seat 5: Lorpugo folded before Flop (didn't bet)
Seat 6: DoLothar53 folded on the Flop



PokerStars Hand #240642777355:  Hold'em No Limit ($0.01/$0.02 USD) - 2022/12/23 12:17:54 ET
Table 'Siri' 6-max Seat #2 is the button
Seat 1: Cranzilla ($2 in chips) 
Seat 2: ninel7 ($0.90 in chips) 
Seat 3: Samhayman ($2.37 in chips) 
Seat 4: millya5 ($0.71 in chips) 
Seat 5: Lorpugo ($1.35 in chips) 
Seat 6: DoLothar53 ($0.97 in chips) 
Samhayman: posts small blind $0.01
millya5: posts big blind $0.02
*** HOLE CARDS ***
Dealt to Lorpugo [Js 9h]
Lorpugo: folds 
DoLothar53: folds 
Cranzilla: folds 
ninel7: folds 
Samhayman: raises $0.02 to $0.04
millya5: calls $0.02
*** FLOP *** [5s Tc Qd]
Samhayman: bets $0.04
millya5: calls $0.04
*** TURN *** [5s Tc Qd] [3d]
Samhayman: bets $0.04
millya5: calls $0.04
*** RIVER *** [5s Tc Qd 3d] [As]
Samhayman: bets $0.14
millya5: calls $0.14
*** SHOW DOWN ***
Samhayman: shows [Ah Th] (two pair, Aces and Tens)
millya5: mucks hand 
Samhayman collected $0.50 from pot
*** SUMMARY ***
Total pot $0.52 | Rake $0.02 
Board [5s Tc Qd 3d As]
Seat 1: Cranzilla folded before Flop (didn't bet)
Seat 2: ninel7 (button) folded before Flop (didn't bet)
Seat 3: Samhayman (small blind) showed [Ah Th] and won ($0.50) with two pair, Aces and Tens
Seat 4: millya5 (big blind) mucked [Ac 4h]
Seat 5: Lorpugo folded before Flop (didn't bet)
Seat 6: DoLothar53 folded before Flop (didn't bet)



PokerStars Hand #240642787456:  Hold'em No Limit ($0.01/$0.02 USD) - 2022/12/23 12:18:26 ET
Table 'Siri' 6-max Seat #3 is the button
Seat 1: Cranzilla ($2 in chips) 
Seat 2: ninel7 ($0.90 in chips) 
Seat 3: Samhayman ($2.61 in chips) 
Seat 4: millya5 ($0.45 in chips) 
Seat 5: Lorpugo ($1.35 in chips) 
Seat 6: DoLothar53 ($0.97 in chips) 
millya5: posts small blind $0.01
Lorpugo: posts big blind $0.02
*** HOLE CARDS ***
Dealt to Lorpugo [5s 9c]
DoLothar53: folds 
Cranzilla: folds 
ninel7: folds 
Samhayman: calls $0.02
millya5: folds 
Lorpugo: checks 
*** FLOP *** [3d 5h 7d]
Lorpugo: checks 
Samhayman: bets $0.04
Lorpugo: calls $0.04
*** TURN *** [3d 5h 7d] [2s]
Lorpugo: bets $0.04
Samhayman: raises $0.04 to $0.08
Lorpugo: calls $0.04
*** RIVER *** [3d 5h 7d 2s] [2d]
Lorpugo: checks 
Samhayman: bets $0.24
Lorpugo: calls $0.24
*** SHOW DOWN ***
Samhayman: shows [Kd Kc] (two pair, Kings and Deuces)
Lorpugo: mucks hand 
Samhayman collected $0.74 from pot
*** SUMMARY ***
Total pot $0.77 | Rake $0.03 
Board [3d 5h 7d 2s 2d]
Seat 1: Cranzilla folded before Flop (didn't bet)
Seat 2: ninel7 folded before Flop (didn't bet)
Seat 3: Samhayman (button) showed [Kd Kc] and won ($0.74) with two pair, Kings and Deuces
Seat 4: millya5 (small blind) folded before Flop
Seat 5: Lorpugo (big blind) mucked [5s 9c]
Seat 6: DoLothar53 folded before Flop (didn't bet)



PokerStars Hand #240642800456:  Hold'em No Limit ($0.01/$0.02 USD) - 2022/12/23 12:19:07 ET
Table 'Siri' 6-max Seat #4 is the button
Seat 1: Cranzilla ($2 in chips) 
Seat 2: ninel7 ($0.90 in chips) 
Seat 3: Samhayman ($2.97 in chips) 
Seat 4: millya5 ($0.44 in chips) 
Seat 5: Lorpugo ($0.97 in chips) 
Seat 6: DoLothar53 ($0.97 in chips) 
Lorpugo: posts small blind $0.01
DoLothar53: posts big blind $0.02
*** HOLE CARDS ***
Dealt to Lorpugo [Qh 3d]
Cranzilla: folds 
ninel7: folds 
Samhayman: folds 
millya5: raises $0.02 to $0.04
Lorpugo: folds 
DoLothar53: calls $0.02
*** FLOP *** [3s Qs 8s]
DoLothar53: checks 
millya5: bets $0.02
DoLothar53: calls $0.02
*** TURN *** [3s Qs 8s] [7d]
DoLothar53: checks 
millya5: checks 
*** RIVER *** [3s Qs 8s 7d] [2h]
DoLothar53: bets $0.02
millya5: calls $0.02
*** SHOW DOWN ***
DoLothar53: shows [Qc Jc] (a pair of Queens)
millya5: mucks hand 
DoLothar53 collected $0.16 from pot
*** SUMMARY ***
Total pot $0.17 | Rake $0.01 
Board [3s Qs 8s 7d 2h]
Seat 1: Cranzilla folded before Flop (didn't bet)
Seat 2: ninel7 folded before Flop (didn't bet)
Seat 3: Samhayman folded before Flop (didn't bet)
Seat 4: millya5 (button) mucked [Kh Js]
Seat 5: Lorpugo (small blind) folded before Flop
Seat 6: DoLothar53 (big blind) showed [Qc Jc] and won ($0.16) with a pair of Queens



PokerStars Hand #240642813396:  Hold'em No Limit ($0.01/$0.02 USD) - 2022/12/23 12:19:48 ET
Table 'Siri' 6-max Seat #5 is the button
Seat 1: Cranzilla ($2 in chips) 
Seat 2: ninel7 ($0.90 in chips) 
Seat 3: Samhayman ($2.97 in chips) 
Seat 4: millya5 ($0.36 in chips) 
Seat 5: Lorpugo ($0.96 in chips) 
Seat 6: DoLothar53 ($1.05 in chips) 
DoLothar53: posts small blind $0.01
Cranzilla: posts big blind $0.02
*** HOLE CARDS ***
Dealt to Lorpugo [6c Ks]
ninel7: folds 
Samhayman: calls $0.02
millya5: folds 
Lorpugo: folds 
DoLothar53: calls $0.01
Cranzilla: checks 
*** FLOP *** [Jc 9h Td]
DoLothar53: checks 
Cranzilla: checks 
Samhayman: bets $0.04
DoLothar53: calls $0.04
Cranzilla: folds 
*** TURN *** [Jc 9h Td] [5d]
DoLothar53: checks 
Samhayman: bets $0.04
DoLothar53: calls $0.04
*** RIVER *** [Jc 9h Td 5d] [4h]
DoLothar53: checks 
Samhayman: checks 
*** SHOW DOWN ***
DoLothar53: shows [Kd Jh] (a pair of Jacks)
Samhayman: mucks hand 
DoLothar53 collected $0.21 from pot
*** SUMMARY ***
Total pot $0.22 | Rake $0.01 
Board [Jc 9h Td 5d 4h]
Seat 1: Cranzilla (big blind) folded on the Flop
Seat 2: ninel7 folded before Flop (didn't bet)
Seat 3: Samhayman mucked [8d 6d]
Seat 4: millya5 folded before Flop (didn't bet)
Seat 5: Lorpugo (button) folded before Flop (didn't bet)
Seat 6: DoLothar53 (small blind) showed [Kd Jh] and won ($0.21) with a pair of Jacks



PokerStars Hand #240642826571:  Hold'em No Limit ($0.01/$0.02 USD) - 2022/12/23 12:20:30 ET
Table 'Siri' 6-max Seat #6 is the button
Seat 1: Cranzilla ($2 in chips) 
Seat 2: ninel7 ($0.90 in chips) 
Seat 3: Samhayman ($2.87 in chips) 
Seat 4: millya5 ($0.36 in chips) 
Seat 5: Lorpugo ($0.96 in chips) 
Seat 6: DoLothar53 ($1.16 in chips) 
Cranzilla: posts small blind $0.01
ninel7: posts big blind $0.02
*** HOLE CARDS ***
Dealt to Lorpugo [2h Ac]
Samhayman: raises $0.04 to $0.06
millya5: folds 
Lorpugo: folds 
DoLothar53: folds 
Cranzilla: folds 
ninel7: folds 
Uncalled bet ($0.04) returned to Samhayman
Samhayman collected $0.05 from pot
*** SUMMARY ***
Total pot $0.05 | Rake $0 
Seat 1: Cranzilla (small blind) folded before Flop
Seat 2: ninel7 (big blind) folded before Flop
Seat 3: Samhayman collected ($0.05)
Seat 4: millya5 folded before Flop (didn't bet)
Seat 5: Lorpugo folded before Flop (didn't bet)
Seat 6: DoLothar53 (button) folded before Flop (didn't bet)



PokerStars Hand #240642831803:  Hold'em No Limit ($0.01/$0.02 USD) - 2022/12/23 12:20:47 ET
Table 'Siri' 6-max Seat #1 is the button
Seat 1: Cranzilla ($2 in chips) 
Seat 2: ninel7 ($0.90 in chips) 
Seat 3: Samhayman ($2.90 in chips) 
Seat 4: millya5 ($0.36 in chips) 
Seat 5: Lorpugo ($0.96 in chips) 
Seat 6: DoLothar53 ($1.16 in chips) 
ninel7: posts small blind $0.01
Samhayman: posts big blind $0.02
*** HOLE CARDS ***
Dealt to Lorpugo [6d Qc]
millya5: folds 
Lorpugo: folds 
DoLothar53: folds 
Cranzilla: folds 
ninel7: folds 
Uncalled bet ($0.01) returned to Samhayman
Samhayman collected $0.02 from pot
*** SUMMARY ***
Total pot $0.02 | Rake $0 
Seat 1: Cranzilla (button) folded before Flop (didn't bet)
Seat 2: ninel7 (small blind) folded before Flop
Seat 3: Samhayman (big blind) collected ($0.02)
Seat 4: millya5 folded before Flop (didn't bet)
Seat 5: Lorpugo folded before Flop (didn't bet)
Seat 6: DoLothar53 folded before Flop (didn't bet)



PokerStars Hand #240642837303:  Hold'em No Limit ($0.01/$0.02 USD) - 2022/12/23 12:21:04 ET
Table 'Siri' 6-max Seat #2 is the button
Seat 1: Cranzilla ($2 in chips) 
Seat 2: ninel7 ($0.90 in chips) 
Seat 3: Samhayman ($2.91 in chips) 
Seat 4: millya5 ($0.36 in chips) 
Seat 5: Lorpugo ($0.96 in chips) 
Seat 6: DoLothar53 ($1.16 in chips) 
Samhayman: posts small blind $0.01
millya5: posts big blind $0.02
*** HOLE CARDS ***
Dealt to Lorpugo [8h Ad]
Lorpugo: raises $0.04 to $0.06
DoLothar53: calls $0.06
Cranzilla: folds 
ninel7: folds 
Samhayman: calls $0.05
millya5: calls $0.04
*** FLOP *** [3c Ks Tc]
Samhayman: checks 
millya5: checks 
Lorpugo: checks 
DoLothar53: checks 
*** TURN *** [3c Ks Tc] [8d]
Samhayman: bets $0.06
millya5: calls $0.06
Lorpugo: calls $0.06
DoLothar53: folds 
*** RIVER *** [3c Ks Tc 8d] [3d]
Samhayman: bets $0.06
millya5: calls $0.06
Lorpugo: calls $0.06
*** SHOW DOWN ***
Samhayman: shows [8s Qd] (two pair, Eights and Threes)
millya5: shows [2h Kc] (two pair, Kings and Threes)
Lorpugo: mucks hand 
millya5 collected $0.58 from pot
*** SUMMARY ***
Total pot $0.60 | Rake $0.02 
Board [3c Ks Tc 8d 3d]
Seat 1: Cranzilla folded before Flop (didn't bet)
Seat 2: ninel7 (button) folded before Flop (didn't bet)
Seat 3: Samhayman (small blind) showed [8s Qd] and lost with two pair, Eights and Threes
Seat 4: millya5 (big blind) showed [2h Kc] and won ($0.58) with two pair, Kings and Threes
Seat 5: Lorpugo mucked [8h Ad]
Seat 6: DoLothar53 folded on the Turn



PokerStars Hand #240642849940:  Hold'em No Limit ($0.01/$0.02 USD) - 2022/12/23 12:21:45 ET
Table 'Siri' 6-max Seat #3 is the button
Seat 1: Cranzilla ($2 in chips) 
Seat 2: ninel7 ($0.90 in chips) 
Seat 3: Samhayman ($2.73 in chips) 
Seat 4: millya5 ($0.76 in chips) 
Seat 5: Lorpugo ($0.78 in chips) 
Seat 6: DoLothar53 ($1.10 in chips) 
millya5: posts small blind $0.01
Lorpugo: posts big blind $0.02
*** HOLE CARDS ***
Dealt to Lorpugo [Ks 2c]
DoLothar53: calls $0.02
Cranzilla: raises $0.04 to $0.06
ninel7: calls $0.06
Samhayman: calls $0.06
millya5: calls $0.05
Lorpugo: folds 
DoLothar53: folds 
*** FLOP *** [Ah Kc 3c]
millya5: checks 
Cranzilla: checks 
ninel7: bets $0.16
Samhayman: folds 
millya5: folds 
Cranzilla: folds 
Uncalled bet ($0.16) returned to ninel7
ninel7 collected $0.27 from pot
ninel7: doesn't show hand 
*** SUMMARY ***
Total pot $0.28 | Rake $0.01 
Board [Ah Kc 3c]
Seat 1: Cranzilla folded on the Flop
Seat 2: ninel7 collected ($0.27)
Seat 3: Samhayman (button) folded on the Flop
Seat 4: millya5 (small blind) folded on the Flop
Seat 5: Lorpugo (big blind) folded before Flop
Seat 6: DoLothar53 folded before Flop



PokerStars Hand #240642860772:  Hold'em No Limit ($0.01/$0.02 USD) - 2022/12/23 12:22:19 ET
Table 'Siri' 6-max Seat #4 is the button
Seat 1: Cranzilla ($2 in chips) 
Seat 2: ninel7 ($1.11 in chips) 
Seat 3: Samhayman ($2.67 in chips) 
Seat 4: millya5 ($0.70 in chips) 
Seat 5: Lorpugo ($0.76 in chips) 
Seat 6: DoLothar53 ($1.08 in chips) 
Lorpugo: posts small blind $0.01
DoLothar53: posts big blind $0.02
*** HOLE CARDS ***
Dealt to Lorpugo [7d Kd]
Cranzilla: folds 
ninel7: folds 
Samhayman: calls $0.02
millya5: folds 
Lorpugo: raises $0.12 to $0.14
DoLothar53: calls $0.12
Samhayman: calls $0.12
*** FLOP *** [8s 4s Qs]
Lorpugo: checks 
DoLothar53: bets $0.02
Samhayman: raises $0.02 to $0.04
Lorpugo: folds 
DoLothar53: calls $0.02
*** TURN *** [8s 4s Qs] [2h]
DoLothar53: bets $0.48
Samhayman: calls $0.48
*** RIVER *** [8s 4s Qs 2h] [4h]
DoLothar53: bets $0.42 and is all-in
Samhayman: folds 
Uncalled bet ($0.42) returned to DoLothar53
DoLothar53 collected $1.40 from pot
*** SUMMARY ***
Total pot $1.46 | Rake $0.06 
Board [8s 4s Qs 2h 4h]
Seat 1: Cranzilla folded before Flop (didn't bet)
Seat 2: ninel7 folded before Flop (didn't bet)
Seat 3: Samhayman folded on the River
Seat 4: millya5 (button) folded before Flop (didn't bet)
Seat 5: Lorpugo (small blind) folded on the Flop
Seat 6: DoLothar53 (big blind) collected ($1.40)



PokerStars Hand #240642882940:  Hold'em No Limit ($0.01/$0.02 USD) - 2022/12/23 12:23:29 ET
Table 'Siri' 6-max Seat #5 is the button
Seat 2: ninel7 ($1.11 in chips) 
Seat 3: Samhayman ($2.01 in chips) 
Seat 4: millya5 ($0.70 in chips) 
Seat 5: Lorpugo ($1.42 in chips) 
Seat 6: DoLothar53 ($1.82 in chips) 
DoLothar53: posts small blind $0.01
ninel7: posts big blind $0.02
*** HOLE CARDS ***
Dealt to Lorpugo [8h 6h]
Cranzilla leaves the table
Samhayman: calls $0.02
AAA_set_nh joins the table at seat #1 
millya5: calls $0.02
Lorpugo: raises $0.10 to $0.12
DoLothar53: folds 
ninel7: calls $0.10
Samhayman: calls $0.10
millya5: calls $0.10
*** FLOP *** [2s 5d 4c]
ninel7: checks 
Samhayman: checks 
millya5: checks 
Lorpugo: bets $1.30 and is all-in
ninel7: folds 
Samhayman: calls $1.30
millya5: folds 
*** TURN *** [2s 5d 4c] [7s]
*** RIVER *** [2s 5d 4c 7s] [Ts]
*** SHOW DOWN ***
Samhayman: shows [Kh 3c] (high card King)
Lorpugo: shows [8h 6h] (a straight, Four to Eight)
Lorpugo collected $2.98 from pot
Samhayman cashed out the hand for $1.88 | Cash Out Fee $0.02
*** SUMMARY ***
Total pot $3.09 | Rake $0.11 
Board [2s 5d 4c 7s Ts]
Seat 2: ninel7 (big blind) folded on the Flop
Seat 3: Samhayman showed [Kh 3c] and lost with high card King (cashed out).
Seat 4: millya5 folded on the Flop
Seat 5: Lorpugo (button) showed [8h 6h] and won ($2.98) with a straight, Four to Eight
Seat 6: DoLothar53 (small blind) folded before Flop



PokerStars Hand #240642894494:  Hold'em No Limit ($0.01/$0.02 USD) - 2022/12/23 12:24:06 ET
Table 'Siri' 6-max Seat #6 is the button
Seat 2: ninel7 ($0.99 in chips) 
Seat 3: Samhayman ($2.47 in chips) 
Seat 4: millya5 ($0.58 in chips) 
Seat 5: Lorpugo ($2.98 in chips) 
Seat 6: DoLothar53 ($1.81 in chips) 
ninel7: posts small blind $0.01
Samhayman: posts big blind $0.02
*** HOLE CARDS ***
Dealt to Lorpugo [7s Ts]
millya5: folds 
Lorpugo: raises $0.04 to $0.06
DoLothar53: folds 
ninel7: folds 
Samhayman: calls $0.04
*** FLOP *** [3h Ah 7c]
Samhayman: checks 
Lorpugo: checks 
*** TURN *** [3h Ah 7c] [As]
Samhayman: checks 
Lorpugo: bets $0.09
Samhayman: folds 
Uncalled bet ($0.09) returned to Lorpugo
Lorpugo collected $0.13 from pot
Lorpugo: doesn't show hand 
*** SUMMARY ***
Total pot $0.13 | Rake $0 
Board [3h Ah 7c As]
Seat 2: ninel7 (small blind) folded before Flop
Seat 3: Samhayman (big blind) folded on the Turn
Seat 4: millya5 folded before Flop (didn't bet)
Seat 5: Lorpugo collected ($0.13)
Seat 6: DoLothar53 (button) folded before Flop (didn't bet)



PokerStars Hand #240642903191:  Hold'em No Limit ($0.01/$0.02 USD) - 2022/12/23 12:24:34 ET
Table 'Siri' 6-max Seat #2 is the button
Seat 2: ninel7 ($0.98 in chips) 
Seat 3: Samhayman ($2.41 in chips) 
Seat 4: millya5 ($0.58 in chips) 
Seat 5: Lorpugo ($3.05 in chips) 
Seat 6: DoLothar53 ($1.81 in chips) 
Samhayman: posts small blind $0.01
millya5: posts big blind $0.02
*** HOLE CARDS ***
Dealt to Lorpugo [2s Qh]
Lorpugo: folds 
DoLothar53: folds 
ninel7: raises $0.03 to $0.05
Samhayman: raises $0.05 to $0.10
millya5: folds 
ninel7: calls $0.05
*** FLOP *** [6s Kc Qs]
DoLothar53 leaves the table
Samhayman: bets $0.06
ninel7: folds 
Uncalled bet ($0.06) returned to Samhayman
Samhayman collected $0.21 from pot
*** SUMMARY ***
Total pot $0.22 | Rake $0.01 
Board [6s Kc Qs]
Seat 2: ninel7 (button) folded on the Flop
Seat 3: Samhayman (small blind) collected ($0.21)
Seat 4: millya5 (big blind) folded before Flop
Seat 5: Lorpugo folded before Flop (didn't bet)
Seat 6: DoLothar53 folded before Flop (didn't bet)



PokerStars Hand #240642910112:  Hold'em No Limit ($0.01/$0.02 USD) - 2022/12/23 12:24:56 ET
Table 'Siri' 6-max Seat #3 is the button
Seat 2: ninel7 ($0.90 in chips) 
Seat 3: Samhayman ($2.52 in chips) 
Seat 4: millya5 ($0.56 in chips) 
Seat 5: Lorpugo ($3.05 in chips) 
millya5: posts small blind $0.01
Lorpugo: posts big blind $0.02
*** HOLE CARDS ***
Dealt to Lorpugo [Jd 3d]
ninel7: raises $0.04 to $0.06
Samhayman: raises $0.08 to $0.14
millya5: folds 
Miguel Colla joins the table at seat #6 
Lorpugo: folds 
ninel7: calls $0.08
*** FLOP *** [Ac 2d Qd]
ninel7: bets $0.24
Samhayman: calls $0.24
*** TURN *** [Ac 2d Qd] [Ts]
ninel7: checks 
Samhayman: bets $0.12
ninel7: calls $0.12
*** RIVER *** [Ac 2d Qd Ts] [Qs]
ninel7: checks 
Samhayman: bets $0.10
ninel7: folds 
Uncalled bet ($0.10) returned to Samhayman
Samhayman collected $0.99 from pot
*** SUMMARY ***
Total pot $1.03 | Rake $0.04 
Board [Ac 2d Qd Ts Qs]
Seat 2: ninel7 folded on the River
Seat 3: Samhayman (button) collected ($0.99)
Seat 4: millya5 (small blind) folded before Flop
Seat 5: Lorpugo (big blind) folded before Flop



PokerStars Hand #240642929042:  Hold'em No Limit ($0.01/$0.02 USD) - 2022/12/23 12:25:54 ET
Table 'Siri' 6-max Seat #4 is the button
Seat 2: ninel7 ($0.90 in chips) 
Seat 3: Samhayman ($3.01 in chips) 
Seat 4: millya5 ($0.55 in chips) 
Seat 5: Lorpugo ($3.03 in chips) 
Seat 6: Miguel Colla ($2 in chips) 
Lorpugo: posts small blind $0.01
Miguel Colla: posts big blind $0.02
*** HOLE CARDS ***
Dealt to Lorpugo [Qc Ts]
ninel7: folds 
Samhayman: folds 
millya5: folds 
Lorpugo: raises $0.04 to $0.06
Miguel Colla: calls $0.04
*** FLOP *** [6c 4c As]
Lorpugo: bets $0.04
ninel7 leaves the table
Miguel Colla: folds 
Uncalled bet ($0.04) returned to Lorpugo
Lorpugo collected $0.12 from pot
Lorpugo: doesn't show hand 
*** SUMMARY ***
Total pot $0.12 | Rake $0 
Board [6c 4c As]
Seat 2: ninel7 folded before Flop (didn't bet)
Seat 3: Samhayman folded before Flop (didn't bet)
Seat 4: millya5 (button) folded before Flop (didn't bet)
Seat 5: Lorpugo (small blind) collected ($0.12)
Seat 6: Miguel Colla (big blind) folded on the Flop



PokerStars Hand #240642937658:  Hold'em No Limit ($0.01/$0.02 USD) - 2022/12/23 12:26:21 ET
Table 'Siri' 6-max Seat #5 is the button
Seat 1: AAA_set_nh ($2 in chips) 
Seat 3: Samhayman ($3.01 in chips) 
Seat 4: millya5 ($0.55 in chips) 
Seat 5: Lorpugo ($3.09 in chips) 
Seat 6: Miguel Colla ($1.94 in chips) 
Miguel Colla: posts small blind $0.01
AAA_set_nh: posts big blind $0.02
*** HOLE CARDS ***
Dealt to Lorpugo [Th Qc]
Samhayman: folds 
millya5: folds 
Lorpugo: raises $0.04 to $0.06
Miguel Colla: folds 
AAA_set_nh: folds 
Uncalled bet ($0.04) returned to Lorpugo
Lorpugo collected $0.05 from pot
Lorpugo: doesn't show hand 
*** SUMMARY ***
Total pot $0.05 | Rake $0 
Seat 1: AAA_set_nh (big blind) folded before Flop
Seat 3: Samhayman folded before Flop (didn't bet)
Seat 4: millya5 folded before Flop (didn't bet)
Seat 5: Lorpugo (button) collected ($0.05)
Seat 6: Miguel Colla (small blind) folded before Flop



PokerStars Hand #240642945231:  Hold'em No Limit ($0.01/$0.02 USD) - 2022/12/23 12:26:44 ET
Table 'Siri' 6-max Seat #6 is the button
Seat 1: AAA_set_nh ($2 in chips) 
Seat 3: Samhayman ($3.01 in chips) 
Seat 4: millya5 ($0.55 in chips) 
Seat 5: Lorpugo ($3.12 in chips) 
Seat 6: Miguel Colla ($1.93 in chips) 
AAA_set_nh: posts small blind $0.01
Samhayman: posts big blind $0.02
*** HOLE CARDS ***
Dealt to Lorpugo [Th 5h]
millya5: folds 
Lorpugo: folds 
Miguel Colla: folds 
AAA_set_nh: folds 
Uncalled bet ($0.01) returned to Samhayman
Samhayman collected $0.02 from pot
*** SUMMARY ***
Total pot $0.02 | Rake $0 
Seat 1: AAA_set_nh (small blind) folded before Flop
Seat 3: Samhayman (big blind) collected ($0.02)
Seat 4: millya5 folded before Flop (didn't bet)
Seat 5: Lorpugo folded before Flop (didn't bet)
Seat 6: Miguel Colla (button) folded before Flop (didn't bet)



PokerStars Hand #240642949922:  Hold'em No Limit ($0.01/$0.02 USD) - 2022/12/23 12:26:59 ET
Table 'Siri' 6-max Seat #1 is the button
Seat 1: AAA_set_nh ($2 in chips) 
Seat 3: Samhayman ($3.02 in chips) 
Seat 4: millya5 ($0.55 in chips) 
Seat 5: Lorpugo ($3.12 in chips) 
Seat 6: Miguel Colla ($1.93 in chips) 
Samhayman: posts small blind $0.01
millya5: posts big blind $0.02
*** HOLE CARDS ***
Dealt to Lorpugo [7d Kc]
Lorpugo: folds 
Miguel Colla: folds 
AAA_set_nh: folds 
Samhayman: calls $0.01
millya5: raises $0.04 to $0.06
Samhayman: calls $0.04
*** FLOP *** [4d Th 2s]
Samhayman: bets $0.06
millya5: calls $0.06
*** TURN *** [4d Th 2s] [9s]
Samhayman: checks 
millya5: bets $0.23
Samhayman: folds 
Uncalled bet ($0.23) returned to millya5
millya5 collected $0.23 from pot
*** SUMMARY ***
Total pot $0.24 | Rake $0.01 
Board [4d Th 2s 9s]
Seat 1: AAA_set_nh (button) folded before Flop (didn't bet)
Seat 3: Samhayman (small blind) folded on the Turn
Seat 4: millya5 (big blind) collected ($0.23)
Seat 5: Lorpugo folded before Flop (didn't bet)
Seat 6: Miguel Colla folded before Flop (didn't bet)



PokerStars Hand #240642958437:  Hold'em No Limit ($0.01/$0.02 USD) - 2022/12/23 12:27:25 ET
Table 'Siri' 6-max Seat #3 is the button
Seat 1: AAA_set_nh ($2 in chips) 
Seat 3: Samhayman ($2.90 in chips) 
Seat 4: millya5 ($0.66 in chips) 
Seat 5: Lorpugo ($3.12 in chips) 
Seat 6: Miguel Colla ($1.93 in chips) 
millya5: posts small blind $0.01
Lorpugo: posts big blind $0.02
*** HOLE CARDS ***
Dealt to Lorpugo [7d 9h]
Miguel Colla: calls $0.02
AAA_set_nh: folds 
Samhayman: calls $0.02
millya5: folds 
Lorpugo: checks 
*** FLOP *** [Js 4c 6c]
AddiMuff joins the table at seat #2 
Lorpugo: checks 
Miguel Colla: checks 
Samhayman: bets $0.06
Lorpugo: folds 
Miguel Colla: calls $0.06
*** TURN *** [Js 4c 6c] [5h]
Miguel Colla: checks 
Samhayman: bets $0.06
Miguel Colla: calls $0.06
*** RIVER *** [Js 4c 6c 5h] [3c]
Miguel Colla: checks 
Samhayman: bets $0.30
Miguel Colla: folds 
Uncalled bet ($0.30) returned to Samhayman
Samhayman collected $0.30 from pot
*** SUMMARY ***
Total pot $0.31 | Rake $0.01 
Board [Js 4c 6c 5h 3c]
Seat 1: AAA_set_nh folded before Flop (didn't bet)
Seat 3: Samhayman (button) collected ($0.30)
Seat 4: millya5 (small blind) folded before Flop
Seat 5: Lorpugo (big blind) folded on the Flop
Seat 6: Miguel Colla folded on the River



PokerStars Hand #240642975148:  Hold'em No Limit ($0.01/$0.02 USD) - 2022/12/23 12:28:16 ET
Table 'Siri' 6-max Seat #4 is the button
Seat 1: AAA_set_nh ($2 in chips) 
Seat 3: Samhayman ($3.06 in chips) 
Seat 4: millya5 ($0.65 in chips) 
Seat 5: Lorpugo ($3.10 in chips) 
Seat 6: Miguel Colla ($1.79 in chips) 
Lorpugo: posts small blind $0.01
Miguel Colla: posts big blind $0.02
*** HOLE CARDS ***
Dealt to Lorpugo [9h Jc]
AAA_set_nh: folds 
Samhayman: folds 
millya5: folds 
Lorpugo: raises $0.04 to $0.06
Miguel Colla: calls $0.04
*** FLOP *** [7c 3c 8d]
Lorpugo: bets $0.08
Miguel Colla: calls $0.08
*** TURN *** [7c 3c 8d] [Kd]
Lorpugo: bets $0.18
Miguel Colla: folds 
Uncalled bet ($0.18) returned to Lorpugo
Lorpugo collected $0.27 from pot
Lorpugo: doesn't show hand 
*** SUMMARY ***
Total pot $0.28 | Rake $0.01 
Board [7c 3c 8d Kd]
Seat 1: AAA_set_nh folded before Flop (didn't bet)
Seat 3: Samhayman folded before Flop (didn't bet)
Seat 4: millya5 (button) folded before Flop (didn't bet)
Seat 5: Lorpugo (small blind) collected ($0.27)
Seat 6: Miguel Colla (big blind) folded on the Turn



PokerStars Hand #240642988799:  Hold'em No Limit ($0.01/$0.02 USD) - 2022/12/23 12:28:58 ET
Table 'Siri' 6-max Seat #5 is the button
Seat 1: AAA_set_nh ($2 in chips) 
Seat 3: Samhayman ($3.06 in chips) 
Seat 4: millya5 ($0.65 in chips) 
Seat 5: Lorpugo ($3.23 in chips) 
Seat 6: Miguel Colla ($1.65 in chips) 
Miguel Colla: posts small blind $0.01
AAA_set_nh: posts big blind $0.02
*** HOLE CARDS ***
Dealt to Lorpugo [6s Ah]
Samhayman: raises $0.02 to $0.04
millya5: calls $0.04
Lorpugo: folds 
Miguel Colla: calls $0.03
AAA_set_nh: folds 
*** FLOP *** [Js Kh 9h]
Miguel Colla: bets $0.02
Samhayman: raises $0.06 to $0.08
millya5: folds 
Miguel Colla: raises $0.06 to $0.14
Samhayman: calls $0.06
*** TURN *** [Js Kh 9h] [2d]
Miguel Colla: bets $0.41
Samhayman: calls $0.41
*** RIVER *** [Js Kh 9h 2d] [3c]
Miguel Colla: bets $1.06 and is all-in
Samhayman: calls $1.06
*** SHOW DOWN ***
Miguel Colla: shows [Ts Qd] (a straight, Nine to King)
Samhayman: shows [9d Ad] (a pair of Nines)
Miguel Colla collected $3.24 from pot
*** SUMMARY ***
Total pot $3.36 | Rake $0.12 
Board [Js Kh 9h 2d 3c]
Seat 1: AAA_set_nh (big blind) folded before Flop
Seat 3: Samhayman showed [9d Ad] and lost with a pair of Nines
Seat 4: millya5 folded on the Flop
Seat 5: Lorpugo (button) folded before Flop (didn't bet)
Seat 6: Miguel Colla (small blind) showed [Ts Qd] and won ($3.24) with a straight, Nine to King



PokerStars Hand #240643008468:  Hold'em No Limit ($0.01/$0.02 USD) - 2022/12/23 12:29:59 ET
Table 'Siri' 6-max Seat #6 is the button
Seat 1: AAA_set_nh ($2 in chips) 
Seat 2: AddiMuff ($1.60 in chips) 
Seat 3: Samhayman ($1.41 in chips) 
Seat 4: millya5 ($0.61 in chips) 
Seat 5: Lorpugo ($3.23 in chips) 
Seat 6: Miguel Colla ($3.24 in chips) 
AAA_set_nh: posts small blind $0.01
AddiMuff: posts big blind $0.02
*** HOLE CARDS ***
Dealt to Lorpugo [4d 5s]
Samhayman: folds 
millya5: folds 
Lorpugo: folds 
Miguel Colla: calls $0.02
AAA_set_nh: folds 
AddiMuff: raises $0.06 to $0.08
Miguel Colla: calls $0.06
*** FLOP *** [9c 8h Ac]
AddiMuff: checks 
Miguel Colla: checks 
*** TURN *** [9c 8h Ac] [Kc]
AddiMuff: bets $0.12
Miguel Colla: folds 
Uncalled bet ($0.12) returned to AddiMuff
AddiMuff collected $0.16 from pot
*** SUMMARY ***
Total pot $0.17 | Rake $0.01 
Board [9c 8h Ac Kc]
Seat 1: AAA_set_nh (small blind) folded before Flop
Seat 2: AddiMuff (big blind) collected ($0.16)
Seat 3: Samhayman folded before Flop (didn't bet)
Seat 4: millya5 folded before Flop (didn't bet)
Seat 5: Lorpugo folded before Flop (didn't bet)
Seat 6: Miguel Colla (button) folded on the Turn



PokerStars Hand #240643020898:  Hold'em No Limit ($0.01/$0.02 USD) - 2022/12/23 12:30:36 ET
Table 'Siri' 6-max Seat #1 is the button
Seat 1: AAA_set_nh ($2 in chips) 
Seat 2: AddiMuff ($1.68 in chips) 
Seat 3: Samhayman ($1.41 in chips) 
Seat 4: millya5 ($0.61 in chips) 
Seat 5: Lorpugo ($3.23 in chips) 
Seat 6: Miguel Colla ($3.16 in chips) 
AddiMuff: posts small blind $0.01
Samhayman: posts big blind $0.02
*** HOLE CARDS ***
Dealt to Lorpugo [8d 9s]
millya5: folds 
Lorpugo: folds 
Miguel Colla: calls $0.02
AAA_set_nh: folds 
AddiMuff: raises $0.04 to $0.06
Samhayman: calls $0.04
Miguel Colla: calls $0.04
*** FLOP *** [2s Jd 5d]
AddiMuff: bets $0.12
Samhayman: calls $0.12
Miguel Colla: calls $0.12
*** TURN *** [2s Jd 5d] [2h]
AddiMuff: bets $0.38
Samhayman: folds 
Miguel Colla: folds 
Uncalled bet ($0.38) returned to AddiMuff
AddiMuff collected $0.52 from pot
*** SUMMARY ***
Total pot $0.54 | Rake $0.02 
Board [2s Jd 5d 2h]
Seat 1: AAA_set_nh (button) folded before Flop (didn't bet)
Seat 2: AddiMuff (small blind) collected ($0.52)
Seat 3: Samhayman (big blind) folded on the Turn
Seat 4: millya5 folded before Flop (didn't bet)
Seat 5: Lorpugo folded before Flop (didn't bet)
Seat 6: Miguel Colla folded on the Turn



PokerStars Hand #240643038017:  Hold'em No Limit ($0.01/$0.02 USD) - 2022/12/23 12:31:27 ET
Table 'Siri' 6-max Seat #2 is the button
Seat 1: AAA_set_nh ($2 in chips) 
Seat 2: AddiMuff ($2.02 in chips) 
Seat 3: Samhayman ($1.23 in chips) 
Seat 4: millya5 ($0.61 in chips) 
Seat 5: Lorpugo ($3.23 in chips) 
Seat 6: Miguel Colla ($2.98 in chips) 
Samhayman: posts small blind $0.01
millya5: posts big blind $0.02
*** HOLE CARDS ***
Dealt to Lorpugo [Kh 2s]
Lorpugo: folds 
Miguel Colla: calls $0.02
AAA_set_nh: raises $0.05 to $0.07
AddiMuff: folds 
Samhayman: calls $0.06
millya5: folds 
Miguel Colla: calls $0.05
*** FLOP *** [8h Td Kd]
Samhayman: checks 
Miguel Colla: bets $0.02
AAA_set_nh: raises $0.13 to $0.15
Samhayman: calls $0.15
Miguel Colla: calls $0.13
*** TURN *** [8h Td Kd] [8s]
Samhayman: bets $1.01 and is all-in
Miguel Colla: raises $1.75 to $2.76 and is all-in
AAA_set_nh: folds 
Uncalled bet ($1.75) returned to Miguel Colla
*** RIVER *** [8h Td Kd 8s] [7h]
*** SHOW DOWN ***
Samhayman: shows [9h 6h] (a straight, Six to Ten)
Miguel Colla: shows [Ac Ts] (two pair, Tens and Eights)
Samhayman collected $2.61 from pot
Miguel Colla cashed out the hand for $2.35 | Cash Out Fee $0.02
*** SUMMARY ***
Total pot $2.70 | Rake $0.09 
Board [8h Td Kd 8s 7h]
Seat 1: AAA_set_nh folded on the Turn
Seat 2: AddiMuff (button) folded before Flop (didn't bet)
Seat 3: Samhayman (small blind) showed [9h 6h] and won ($2.61) with a straight, Six to Ten
Seat 4: millya5 (big blind) folded before Flop
Seat 5: Lorpugo folded before Flop (didn't bet)
Seat 6: Miguel Colla showed [Ac Ts] and lost with two pair, Tens and Eights (cashed out).



PokerStars Hand #240643056221:  Hold'em No Limit ($0.01/$0.02 USD) - 2022/12/23 12:32:21 ET
Table 'Siri' 6-max Seat #3 is the button
Seat 1: AAA_set_nh ($2 in chips) 
Seat 2: AddiMuff ($2.02 in chips) 
Seat 3: Samhayman ($2.61 in chips) 
Seat 4: millya5 ($0.59 in chips) 
Seat 5: Lorpugo ($3.23 in chips) 
Seat 6: Miguel Colla ($4.10 in chips) 
millya5: posts small blind $0.01
Lorpugo: posts big blind $0.02
*** HOLE CARDS ***
Dealt to Lorpugo [4s 9h]
Miguel Colla: calls $0.02
AAA_set_nh: raises $0.05 to $0.07
AddiMuff: raises $0.07 to $0.14
Samhayman: folds 
millya5: folds 
Lorpugo: folds 
Miguel Colla: folds 
AAA_set_nh: folds 
Uncalled bet ($0.07) returned to AddiMuff
AddiMuff collected $0.19 from pot
*** SUMMARY ***
Total pot $0.19 | Rake $0 
Seat 1: AAA_set_nh folded before Flop
Seat 2: AddiMuff collected ($0.19)
Seat 3: Samhayman (button) folded before Flop (didn't bet)
Seat 4: millya5 (small blind) folded before Flop
Seat 5: Lorpugo (big blind) folded before Flop
Seat 6: Miguel Colla folded before Flop



PokerStars Hand #240643068332:  Hold'em No Limit ($0.01/$0.02 USD) - 2022/12/23 12:32:57 ET
Table 'Siri' 6-max Seat #4 is the button
Seat 1: AAA_set_nh ($2 in chips) 
Seat 2: AddiMuff ($2.14 in chips) 
Seat 3: Samhayman ($2.61 in chips) 
Seat 4: millya5 ($0.58 in chips) 
Seat 5: Lorpugo ($3.21 in chips) 
Seat 6: Miguel Colla ($4.08 in chips) 
Lorpugo: posts small blind $0.01
Miguel Colla: posts big blind $0.02
*** HOLE CARDS ***
Dealt to Lorpugo [Qs Ah]
AAA_set_nh: folds 
AddiMuff: folds 
Samhayman: folds 
millya5: folds 
Lorpugo: raises $0.04 to $0.06
Miguel Colla: calls $0.04
*** FLOP *** [5c 2s Ks]
Lorpugo: checks 
Miguel Colla: checks 
*** TURN *** [5c 2s Ks] [2h]
Lorpugo: bets $0.02
Miguel Colla: raises $0.16 to $0.18
Lorpugo: folds 
Uncalled bet ($0.16) returned to Miguel Colla
Miguel Colla collected $0.15 from pot
*** SUMMARY ***
Total pot $0.16 | Rake $0.01 
Board [5c 2s Ks 2h]
Seat 1: AAA_set_nh folded before Flop (didn't bet)
Seat 2: AddiMuff folded before Flop (didn't bet)
Seat 3: Samhayman folded before Flop (didn't bet)
Seat 4: millya5 (button) folded before Flop (didn't bet)
Seat 5: Lorpugo (small blind) folded on the Turn
Seat 6: Miguel Colla (big blind) collected ($0.15)



PokerStars Hand #240643082603:  Hold'em No Limit ($0.01/$0.02 USD) - 2022/12/23 12:33:39 ET
Table 'Siri' 6-max Seat #5 is the button
Seat 1: AAA_set_nh ($2 in chips) 
Seat 2: AddiMuff ($2.14 in chips) 
Seat 3: Samhayman ($2.61 in chips) 
Seat 4: millya5 ($0.58 in chips) 
Seat 5: Lorpugo ($3.13 in chips) 
Seat 6: Miguel Colla ($4.15 in chips) 
Miguel Colla: posts small blind $0.01
AAA_set_nh: posts big blind $0.02
*** HOLE CARDS ***
Dealt to Lorpugo [2d 6s]
AddiMuff: folds 
Samhayman: calls $0.02
millya5: folds 
Lorpugo: folds 
Miguel Colla: calls $0.01
AAA_set_nh: checks 
*** FLOP *** [Ac 7c 8s]
Miguel Colla: checks 
AAA_set_nh: checks 
Samhayman: checks 
*** TURN *** [Ac 7c 8s] [5d]
Miguel Colla: checks 
AAA_set_nh: checks 
Samhayman: bets $0.06
Miguel Colla: calls $0.06
AAA_set_nh: folds 
*** RIVER *** [Ac 7c 8s 5d] [Qh]
Miguel Colla: checks 
Samhayman: checks 
*** SHOW DOWN ***
Miguel Colla: shows [Td 4h] (high card Ace)
Samhayman: shows [5h Kd] (a pair of Fives)
Samhayman collected $0.17 from pot
*** SUMMARY ***
Total pot $0.18 | Rake $0.01 
Board [Ac 7c 8s 5d Qh]
Seat 1: AAA_set_nh (big blind) folded on the Turn
Seat 2: AddiMuff folded before Flop (didn't bet)
Seat 3: Samhayman showed [5h Kd] and won ($0.17) with a pair of Fives
Seat 4: millya5 folded before Flop (didn't bet)
Seat 5: Lorpugo (button) folded before Flop (didn't bet)
Seat 6: Miguel Colla (small blind) showed [Td 4h] and lost with high card Ace



PokerStars Hand #240643107836:  Hold'em No Limit ($0.01/$0.02 USD) - 2022/12/23 12:34:54 ET
Table 'Siri' 6-max Seat #6 is the button
Seat 1: AAA_set_nh ($2 in chips) 
Seat 2: AddiMuff ($2.14 in chips) 
Seat 3: Samhayman ($2.70 in chips) 
Seat 4: millya5 ($0.58 in chips) 
Seat 5: Lorpugo ($3.13 in chips) 
Seat 6: Miguel Colla ($4.07 in chips) 
AAA_set_nh: posts small blind $0.01
AddiMuff: posts big blind $0.02
*** HOLE CARDS ***
Dealt to Lorpugo [Qc 4d]
Samhayman: folds 
millya5: calls $0.02
Lorpugo: folds 
Miguel Colla: folds 
Miguel Colla leaves the table
AAA_set_nh: raises $0.08 to $0.10
cyd13 joins the table at seat #6 
AddiMuff: calls $0.08
millya5: calls $0.08
*** FLOP *** [Qd 7s Td]
AAA_set_nh: bets $0.22
AddiMuff: calls $0.22
millya5: folds 
*** TURN *** [Qd 7s Td] [5c]
AAA_set_nh: bets $0.60
AddiMuff: raises $1.22 to $1.82 and is all-in
AAA_set_nh: calls $1.08 and is all-in
Uncalled bet ($0.14) returned to AddiMuff
*** RIVER *** [Qd 7s Td 5c] [6h]
*** SHOW DOWN ***
AAA_set_nh: shows [Ts Qs] (two pair, Queens and Tens)
AddiMuff: shows [Th Jd] (a pair of Tens)
AAA_set_nh collected $3.96 from pot
*** SUMMARY ***
Total pot $4.10 | Rake $0.14 
Board [Qd 7s Td 5c 6h]
Seat 1: AAA_set_nh (small blind) showed [Ts Qs] and won ($3.96) with two pair, Queens and Tens
Seat 2: AddiMuff (big blind) showed [Th Jd] and lost with a pair of Tens
Seat 3: Samhayman folded before Flop (didn't bet)
Seat 4: millya5 folded on the Flop
Seat 5: Lorpugo folded before Flop (didn't bet)
Seat 6: Miguel Colla (button) folded before Flop (didn't bet)



PokerStars Hand #240643131376:  Hold'em No Limit ($0.01/$0.02 USD) - 2022/12/23 12:36:03 ET
Table 'Siri' 6-max Seat #1 is the button
Seat 1: AAA_set_nh ($3.96 in chips) 
Seat 2: AddiMuff ($0.14 in chips) 
Seat 3: Samhayman ($2.70 in chips) 
Seat 4: millya5 ($0.48 in chips) 
Seat 5: Lorpugo ($3.13 in chips) 
AddiMuff: posts small blind $0.01
Samhayman: posts big blind $0.02
*** HOLE CARDS ***
Dealt to Lorpugo [8d 2c]
millya5: raises $0.02 to $0.04
Lorpugo: folds 
AAA_set_nh: folds 
AddiMuff: raises $0.10 to $0.14 and is all-in
Samhayman: calls $0.12
millya5: calls $0.10
*** FLOP *** [Ks 9h 7c]
Samhayman: bets $0.06
millya5: raises $0.28 to $0.34 and is all-in
Samhayman: calls $0.28
*** TURN *** [Ks 9h 7c] [Ad]
*** RIVER *** [Ks 9h 7c Ad] [3h]
*** SHOW DOWN ***
Samhayman: shows [3d Kd] (two pair, Kings and Threes)
millya5: shows [4h Kh] (a pair of Kings)
Samhayman collected $0.65 from side pot
AddiMuff: shows [8s 7s] (a pair of Sevens)
Samhayman collected $0.41 from main pot
*** SUMMARY ***
Total pot $1.10 Main pot $0.41. Side pot $0.65. | Rake $0.04 
Board [Ks 9h 7c Ad 3h]
Seat 1: AAA_set_nh (button) folded before Flop (didn't bet)
Seat 2: AddiMuff (small blind) showed [8s 7s] and lost with a pair of Sevens
Seat 3: Samhayman (big blind) showed [3d Kd] and won ($1.06) with two pair, Kings and Threes
Seat 4: millya5 showed [4h Kh] and lost with a pair of Kings
Seat 5: Lorpugo folded before Flop (didn't bet)



