PokerStars Hand #240916802554:  Hold'em No Limit ($0.01/$0.02 USD) - 2023/01/04 18:08:55 ET
Table 'Kiviuq III' 6-max Seat #5 is the button
Seat 1: mcgirr4_j ($2.50 in chips) 
Seat 2: Lorpugo ($1.60 in chips) 
Seat 3: Renge Miyauchi ($0.25 in chips) 
Seat 4: TzioR13 ($0.81 in chips) 
Seat 5: PS.JuaChi ($3.93 in chips) 
mcgirr4_j: posts small blind $0.01
Lorpugo: posts big blind $0.02
*** HOLE CARDS ***
Dealt to Lorpugo [Tc 2c]
Renge Miyauchi: raises $0.02 to $0.04
TzioR13: folds 
PS.JuaChi: folds 
mcgirr4_j: folds 
Lorpugo: calls $0.02
*** FLOP *** [4s Jc Kc]
Lorpugo: checks 
Renge Miyauchi: checks 
*** TURN *** [4s Jc Kc] [Qh]
Lorpugo: bets $0.09
Renge Miyauchi: folds 
Uncalled bet ($0.09) returned to Lorpugo
Lorpugo collected $0.09 from pot
Lorpugo: doesn't show hand 
*** SUMMARY ***
Total pot $0.09 | Rake $0 
Board [4s Jc Kc Qh]
Seat 1: mcgirr4_j (small blind) folded before Flop
Seat 2: Lorpugo (big blind) collected ($0.09)
Seat 3: Renge Miyauchi folded on the Turn
Seat 4: TzioR13 folded before Flop (didn't bet)
Seat 5: PS.JuaChi (button) folded before Flop (didn't bet)



PokerStars Hand #240916816754:  Hold'em No Limit ($0.01/$0.02 USD) - 2023/01/04 18:09:31 ET
Table 'Kiviuq III' 6-max Seat #1 is the button
Seat 1: mcgirr4_j ($2.49 in chips) 
Seat 2: Lorpugo ($1.65 in chips) 
Seat 3: Renge Miyauchi ($1.86 in chips) 
Seat 4: TzioR13 ($0.81 in chips) 
Seat 5: PS.JuaChi ($3.93 in chips) 
Seat 6: DzambyCZ ($0.60 in chips) 
Lorpugo: posts small blind $0.01
Renge Miyauchi: posts big blind $0.02
DzambyCZ: posts small & big blinds $0.03
*** HOLE CARDS ***
Dealt to Lorpugo [Qd Td]
TzioR13: calls $0.02
PS.JuaChi: folds 
DzambyCZ: raises $0.02 to $0.04
mcgirr4_j: folds 
Lorpugo: calls $0.03
Renge Miyauchi: calls $0.02
TzioR13: calls $0.02
*** FLOP *** [Jc 4d Ac]
Lorpugo: checks 
Renge Miyauchi: checks 
TzioR13: checks 
DzambyCZ: bets $0.02
Lorpugo: folds 
Renge Miyauchi: folds 
TzioR13: folds 
Uncalled bet ($0.02) returned to DzambyCZ
DzambyCZ collected $0.16 from pot
*** SUMMARY ***
Total pot $0.17 | Rake $0.01 
Board [Jc 4d Ac]
Seat 1: mcgirr4_j (button) folded before Flop (didn't bet)
Seat 2: Lorpugo (small blind) folded on the Flop
Seat 3: Renge Miyauchi (big blind) folded on the Flop
Seat 4: TzioR13 folded on the Flop
Seat 5: PS.JuaChi folded before Flop (didn't bet)
Seat 6: DzambyCZ collected ($0.16)



PokerStars Hand #240916834134:  Hold'em No Limit ($0.01/$0.02 USD) - 2023/01/04 18:10:15 ET
Table 'Kiviuq III' 6-max Seat #2 is the button
Seat 1: mcgirr4_j ($2.49 in chips) 
Seat 2: Lorpugo ($1.61 in chips) 
Seat 3: Renge Miyauchi ($1.82 in chips) 
Seat 4: TzioR13 ($0.77 in chips) 
Seat 5: PS.JuaChi ($3.93 in chips) 
Seat 6: DzambyCZ ($0.71 in chips) 
Renge Miyauchi: posts small blind $0.01
TzioR13: posts big blind $0.02
*** HOLE CARDS ***
Dealt to Lorpugo [5h 8s]
PS.JuaChi: raises $0.04 to $0.06
DzambyCZ: folds 
mcgirr4_j: folds 
Lorpugo: folds 
Renge Miyauchi: folds 
TzioR13: folds 
Uncalled bet ($0.04) returned to PS.JuaChi
PS.JuaChi collected $0.05 from pot
PS.JuaChi: doesn't show hand 
*** SUMMARY ***
Total pot $0.05 | Rake $0 
Seat 1: mcgirr4_j folded before Flop (didn't bet)
Seat 2: Lorpugo (button) folded before Flop (didn't bet)
Seat 3: Renge Miyauchi (small blind) folded before Flop
Seat 4: TzioR13 (big blind) folded before Flop
Seat 5: PS.JuaChi collected ($0.05)
Seat 6: DzambyCZ folded before Flop (didn't bet)



PokerStars Hand #240916846465:  Hold'em No Limit ($0.01/$0.02 USD) - 2023/01/04 18:10:46 ET
Table 'Kiviuq III' 6-max Seat #3 is the button
Seat 1: mcgirr4_j ($2.49 in chips) 
Seat 2: Lorpugo ($1.61 in chips) 
Seat 3: Renge Miyauchi ($1.81 in chips) 
Seat 4: TzioR13 ($0.75 in chips) 
Seat 5: PS.JuaChi ($3.96 in chips) 
Seat 6: DzambyCZ ($0.71 in chips) 
TzioR13: posts small blind $0.01
PS.JuaChi: posts big blind $0.02
*** HOLE CARDS ***
Dealt to Lorpugo [9d Qs]
DzambyCZ: calls $0.02
mcgirr4_j: folds 
Lorpugo: folds 
Renge Miyauchi: raises $0.03 to $0.05
TzioR13: folds 
PS.JuaChi: folds 
DzambyCZ: calls $0.03
*** FLOP *** [4h Ac Js]
DzambyCZ: checks 
Renge Miyauchi: checks 
*** TURN *** [4h Ac Js] [9h]
DzambyCZ: checks 
Renge Miyauchi: checks 
*** RIVER *** [4h Ac Js 9h] [Th]
DzambyCZ: checks 
Renge Miyauchi: checks 
*** SHOW DOWN ***
DzambyCZ: shows [6s Qh] (high card Ace)
Renge Miyauchi: shows [3c 3d] (a pair of Threes)
Renge Miyauchi collected $0.13 from pot
*** SUMMARY ***
Total pot $0.13 | Rake $0 
Board [4h Ac Js 9h Th]
Seat 1: mcgirr4_j folded before Flop (didn't bet)
Seat 2: Lorpugo folded before Flop (didn't bet)
Seat 3: Renge Miyauchi (button) showed [3c 3d] and won ($0.13) with a pair of Threes
Seat 4: TzioR13 (small blind) folded before Flop
Seat 5: PS.JuaChi (big blind) folded before Flop
Seat 6: DzambyCZ showed [6s Qh] and lost with high card Ace



PokerStars Hand #240916866764:  Hold'em No Limit ($0.01/$0.02 USD) - 2023/01/04 18:11:38 ET
Table 'Kiviuq III' 6-max Seat #4 is the button
Seat 1: mcgirr4_j ($2.49 in chips) 
Seat 2: Lorpugo ($1.61 in chips) 
Seat 3: Renge Miyauchi ($1.89 in chips) 
Seat 4: TzioR13 ($0.74 in chips) 
Seat 5: PS.JuaChi ($3.94 in chips) 
Seat 6: DzambyCZ ($0.66 in chips) 
PS.JuaChi: posts small blind $0.01
DzambyCZ: posts big blind $0.02
*** HOLE CARDS ***
Dealt to Lorpugo [3s 2c]
mcgirr4_j: folds 
Lorpugo: folds 
Renge Miyauchi: raises $0.03 to $0.05
TzioR13: raises $0.15 to $0.20
PS.JuaChi: folds 
DzambyCZ: folds 
Renge Miyauchi: folds 
Uncalled bet ($0.15) returned to TzioR13
TzioR13 collected $0.13 from pot
TzioR13: doesn't show hand 
*** SUMMARY ***
Total pot $0.13 | Rake $0 
Seat 1: mcgirr4_j folded before Flop (didn't bet)
Seat 2: Lorpugo folded before Flop (didn't bet)
Seat 3: Renge Miyauchi folded before Flop
Seat 4: TzioR13 (button) collected ($0.13)
Seat 5: PS.JuaChi (small blind) folded before Flop
Seat 6: DzambyCZ (big blind) folded before Flop



PokerStars Hand #240916876135:  Hold'em No Limit ($0.01/$0.02 USD) - 2023/01/04 18:12:02 ET
Table 'Kiviuq III' 6-max Seat #5 is the button
Seat 1: mcgirr4_j ($2.49 in chips) 
Seat 2: Lorpugo ($1.61 in chips) 
Seat 3: Renge Miyauchi ($1.84 in chips) 
Seat 4: TzioR13 ($0.82 in chips) 
Seat 5: PS.JuaChi ($3.93 in chips) 
Seat 6: DzambyCZ ($0.64 in chips) 
DzambyCZ: posts small blind $0.01
mcgirr4_j: posts big blind $0.02
*** HOLE CARDS ***
Dealt to Lorpugo [2s 3c]
Lorpugo: folds 
Renge Miyauchi: raises $0.03 to $0.05
TzioR13: folds 
PS.JuaChi: folds 
DzambyCZ: calls $0.04
mcgirr4_j: calls $0.03
*** FLOP *** [As Ts 8d]
DzambyCZ: bets $0.02
mcgirr4_j: calls $0.02
Renge Miyauchi: folds 
*** TURN *** [As Ts 8d] [3h]
DzambyCZ: bets $0.02
mcgirr4_j: raises $0.02 to $0.04
DzambyCZ: raises $0.02 to $0.06
mcgirr4_j: raises $0.02 to $0.08
DzambyCZ: raises $0.02 to $0.10
mcgirr4_j: calls $0.02
*** RIVER *** [As Ts 8d 3h] [9d]
DzambyCZ: bets $0.02
mcgirr4_j: raises $0.42 to $0.44
DzambyCZ: raises $0.03 to $0.47 and is all-in
mcgirr4_j: calls $0.03
*** SHOW DOWN ***
DzambyCZ: shows [Qs Ac] (a pair of Aces)
mcgirr4_j: shows [9c Tc] (two pair, Tens and Nines)
mcgirr4_j collected $1.28 from pot
*** SUMMARY ***
Total pot $1.33 | Rake $0.05 
Board [As Ts 8d 3h 9d]
Seat 1: mcgirr4_j (big blind) showed [9c Tc] and won ($1.28) with two pair, Tens and Nines
Seat 2: Lorpugo folded before Flop (didn't bet)
Seat 3: Renge Miyauchi folded on the Flop
Seat 4: TzioR13 folded before Flop (didn't bet)
Seat 5: PS.JuaChi (button) folded before Flop (didn't bet)
Seat 6: DzambyCZ (small blind) showed [Qs Ac] and lost with a pair of Aces



PokerStars Hand #240916896117:  Hold'em No Limit ($0.01/$0.02 USD) - 2023/01/04 18:12:53 ET
Table 'Kiviuq III' 6-max Seat #1 is the button
Seat 1: mcgirr4_j ($3.13 in chips) 
Seat 2: Lorpugo ($1.61 in chips) 
Seat 3: Renge Miyauchi ($1.79 in chips) 
Seat 4: TzioR13 ($0.82 in chips) 
Seat 5: PS.JuaChi ($3.93 in chips) 
Lorpugo: posts small blind $0.01
Renge Miyauchi: posts big blind $0.02
*** HOLE CARDS ***
Dealt to Lorpugo [8h Ad]
TzioR13: folds 
DzambyCZ is disconnected 
PS.JuaChi: raises $0.04 to $0.06
mcgirr4_j: folds 
Lorpugo: calls $0.05
Renge Miyauchi: folds 
*** FLOP *** [3h 7s As]
Lorpugo: bets $0.02
PS.JuaChi: calls $0.02
*** TURN *** [3h 7s As] [Qs]
Lorpugo: bets $0.02
PS.JuaChi: calls $0.02
*** RIVER *** [3h 7s As Qs] [3c]
Lorpugo: bets $0.02
PS.JuaChi: calls $0.02
*** SHOW DOWN ***
Lorpugo: shows [8h Ad] (two pair, Aces and Threes)
PS.JuaChi: mucks hand 
Lorpugo collected $0.25 from pot
*** SUMMARY ***
Total pot $0.26 | Rake $0.01 
Board [3h 7s As Qs 3c]
Seat 1: mcgirr4_j (button) folded before Flop (didn't bet)
Seat 2: Lorpugo (small blind) showed [8h Ad] and won ($0.25) with two pair, Aces and Threes
Seat 3: Renge Miyauchi (big blind) folded before Flop
Seat 4: TzioR13 folded before Flop (didn't bet)
Seat 5: PS.JuaChi mucked [Ks Qc]



PokerStars Hand #240916923521:  Hold'em No Limit ($0.01/$0.02 USD) - 2023/01/04 18:14:04 ET
Table 'Kiviuq III' 6-max Seat #2 is the button
Seat 1: mcgirr4_j ($3.13 in chips) 
Seat 2: Lorpugo ($1.74 in chips) 
Seat 3: Renge Miyauchi ($1.77 in chips) 
Seat 4: TzioR13 ($0.82 in chips) 
Seat 5: PS.JuaChi ($3.81 in chips) 
Renge Miyauchi: posts small blind $0.01
TzioR13: posts big blind $0.02
*** HOLE CARDS ***
Dealt to Lorpugo [7c 7s]
PS.JuaChi: folds 
mcgirr4_j: calls $0.02
Lorpugo: raises $0.03 to $0.05
Renge Miyauchi: calls $0.04
TzioR13: calls $0.03
mcgirr4_j: calls $0.03
*** FLOP *** [9c Ks 3s]
Renge Miyauchi: checks 
TzioR13: bets $0.14
mcgirr4_j: folds 
Lorpugo: folds 
Renge Miyauchi: folds 
Uncalled bet ($0.14) returned to TzioR13
TzioR13 collected $0.19 from pot
TzioR13: doesn't show hand 
*** SUMMARY ***
Total pot $0.20 | Rake $0.01 
Board [9c Ks 3s]
Seat 1: mcgirr4_j folded on the Flop
Seat 2: Lorpugo (button) folded on the Flop
Seat 3: Renge Miyauchi (small blind) folded on the Flop
Seat 4: TzioR13 (big blind) collected ($0.19)
Seat 5: PS.JuaChi folded before Flop (didn't bet)



PokerStars Hand #240916939751:  Hold'em No Limit ($0.01/$0.02 USD) - 2023/01/04 18:14:45 ET
Table 'Kiviuq III' 6-max Seat #3 is the button
Seat 1: mcgirr4_j ($3.08 in chips) 
Seat 2: Lorpugo ($1.69 in chips) 
Seat 3: Renge Miyauchi ($1.72 in chips) 
Seat 4: TzioR13 ($0.96 in chips) 
Seat 5: PS.JuaChi ($3.81 in chips) 
TzioR13: posts small blind $0.01
PS.JuaChi: posts big blind $0.02
*** HOLE CARDS ***
Dealt to Lorpugo [7h Js]
mcgirr4_j: calls $0.02
Lorpugo has timed out
Lorpugo: folds 
Renge Miyauchi: raises $0.13 to $0.15
TzioR13: folds 
PS.JuaChi: folds 
mcgirr4_j: calls $0.13
*** FLOP *** [9d Qh As]
mcgirr4_j: checks 
Renge Miyauchi: checks 
*** TURN *** [9d Qh As] [Jh]
mcgirr4_j: bets $0.32
Renge Miyauchi: folds 
Uncalled bet ($0.32) returned to mcgirr4_j
mcgirr4_j collected $0.32 from pot
mcgirr4_j: doesn't show hand 
*** SUMMARY ***
Total pot $0.33 | Rake $0.01 
Board [9d Qh As Jh]
Seat 1: mcgirr4_j collected ($0.32)
Seat 2: Lorpugo folded before Flop (didn't bet)
Seat 3: Renge Miyauchi (button) folded on the Turn
Seat 4: TzioR13 (small blind) folded before Flop
Seat 5: PS.JuaChi (big blind) folded before Flop



PokerStars Hand #240916957699:  Hold'em No Limit ($0.01/$0.02 USD) - 2023/01/04 18:15:32 ET
Table 'Kiviuq III' 6-max Seat #4 is the button
Seat 1: mcgirr4_j ($3.25 in chips) 
Seat 2: Lorpugo ($1.69 in chips) 
Seat 3: Renge Miyauchi ($1.57 in chips) 
Seat 4: TzioR13 ($0.95 in chips) 
Seat 5: PS.JuaChi ($3.79 in chips) 
PS.JuaChi: posts small blind $0.01
mcgirr4_j: posts big blind $0.02
*** HOLE CARDS ***
Dealt to Lorpugo [6h 9s]
Lorpugo: folds 
Renge Miyauchi: folds 
TzioR13: folds 
PS.JuaChi: folds 
Uncalled bet ($0.01) returned to mcgirr4_j
mcgirr4_j collected $0.02 from pot
mcgirr4_j: doesn't show hand 
*** SUMMARY ***
Total pot $0.02 | Rake $0 
Seat 1: mcgirr4_j (big blind) collected ($0.02)
Seat 2: Lorpugo folded before Flop (didn't bet)
Seat 3: Renge Miyauchi folded before Flop (didn't bet)
Seat 4: TzioR13 (button) folded before Flop (didn't bet)
Seat 5: PS.JuaChi (small blind) folded before Flop



PokerStars Hand #240916964753:  Hold'em No Limit ($0.01/$0.02 USD) - 2023/01/04 18:15:50 ET
Table 'Kiviuq III' 6-max Seat #5 is the button
Seat 1: mcgirr4_j ($3.26 in chips) 
Seat 2: Lorpugo ($1.69 in chips) 
Seat 3: Renge Miyauchi ($1.57 in chips) 
Seat 4: TzioR13 ($0.95 in chips) 
Seat 5: PS.JuaChi ($3.78 in chips) 
mcgirr4_j: posts small blind $0.01
Lorpugo: posts big blind $0.02
*** HOLE CARDS ***
Dealt to Lorpugo [7d 6s]
Renge Miyauchi: folds 
TzioR13: folds 
PS.JuaChi: raises $0.02 to $0.04
mcgirr4_j: folds 
Lorpugo: calls $0.02
*** FLOP *** [Ah 2s 2d]
Lorpugo: checks 
PS.JuaChi: bets $0.03
Lorpugo: folds 
Uncalled bet ($0.03) returned to PS.JuaChi
PS.JuaChi collected $0.09 from pot
PS.JuaChi: doesn't show hand 
*** SUMMARY ***
Total pot $0.09 | Rake $0 
Board [Ah 2s 2d]
Seat 1: mcgirr4_j (small blind) folded before Flop
Seat 2: Lorpugo (big blind) folded on the Flop
Seat 3: Renge Miyauchi folded before Flop (didn't bet)
Seat 4: TzioR13 folded before Flop (didn't bet)
Seat 5: PS.JuaChi (button) collected ($0.09)



PokerStars Hand #240916975676:  Hold'em No Limit ($0.01/$0.02 USD) - 2023/01/04 18:16:18 ET
Table 'Kiviuq III' 6-max Seat #1 is the button
Seat 1: mcgirr4_j ($3.25 in chips) 
Seat 2: Lorpugo ($1.65 in chips) 
Seat 3: Renge Miyauchi ($1.57 in chips) 
Seat 4: TzioR13 ($0.95 in chips) 
Seat 5: PS.JuaChi ($3.83 in chips) 
Lorpugo: posts small blind $0.01
Renge Miyauchi: posts big blind $0.02
*** HOLE CARDS ***
Dealt to Lorpugo [5h 4d]
TzioR13: folds 
PS.JuaChi: folds 
mcgirr4_j: folds 
Lorpugo: raises $0.03 to $0.05
Renge Miyauchi: calls $0.03
*** FLOP *** [8s 2h Ad]
Lorpugo: bets $0.05
Renge Miyauchi: folds 
Uncalled bet ($0.05) returned to Lorpugo
Lorpugo collected $0.10 from pot
Lorpugo: doesn't show hand 
*** SUMMARY ***
Total pot $0.10 | Rake $0 
Board [8s 2h Ad]
Seat 1: mcgirr4_j (button) folded before Flop (didn't bet)
Seat 2: Lorpugo (small blind) collected ($0.10)
Seat 3: Renge Miyauchi (big blind) folded on the Flop
Seat 4: TzioR13 folded before Flop (didn't bet)
Seat 5: PS.JuaChi folded before Flop (didn't bet)



PokerStars Hand #240916985976:  Hold'em No Limit ($0.01/$0.02 USD) - 2023/01/04 18:16:45 ET
Table 'Kiviuq III' 6-max Seat #2 is the button
Seat 1: mcgirr4_j ($3.25 in chips) 
Seat 2: Lorpugo ($1.70 in chips) 
Seat 3: Renge Miyauchi ($1.52 in chips) 
Seat 4: TzioR13 ($0.95 in chips) 
Seat 5: PS.JuaChi ($3.83 in chips) 
Renge Miyauchi: posts small blind $0.01
TzioR13: posts big blind $0.02
*** HOLE CARDS ***
Dealt to Lorpugo [3c 5h]
PS.JuaChi: folds 
mcgirr4_j: folds 
Lorpugo: folds 
Renge Miyauchi: raises $0.04 to $0.06
TzioR13: raises $0.12 to $0.18
Renge Miyauchi: calls $0.12
*** FLOP *** [2c 8d 9d]
Renge Miyauchi: checks 
TzioR13: bets $0.21
Renge Miyauchi: folds 
Uncalled bet ($0.21) returned to TzioR13
TzioR13 collected $0.35 from pot
TzioR13: doesn't show hand 
*** SUMMARY ***
Total pot $0.36 | Rake $0.01 
Board [2c 8d 9d]
Seat 1: mcgirr4_j folded before Flop (didn't bet)
Seat 2: Lorpugo (button) folded before Flop (didn't bet)
Seat 3: Renge Miyauchi (small blind) folded on the Flop
Seat 4: TzioR13 (big blind) collected ($0.35)
Seat 5: PS.JuaChi folded before Flop (didn't bet)



PokerStars Hand #240916996498:  Hold'em No Limit ($0.01/$0.02 USD) - 2023/01/04 18:17:12 ET
Table 'Kiviuq III' 6-max Seat #3 is the button
Seat 1: mcgirr4_j ($3.25 in chips) 
Seat 2: Lorpugo ($1.70 in chips) 
Seat 3: Renge Miyauchi ($1.34 in chips) 
Seat 4: TzioR13 ($1.12 in chips) 
Seat 5: PS.JuaChi ($3.83 in chips) 
TzioR13: posts small blind $0.01
PS.JuaChi: posts big blind $0.02
*** HOLE CARDS ***
Dealt to Lorpugo [4s 6h]
mcgirr4_j: folds 
Lorpugo: folds 
Renge Miyauchi: raises $0.04 to $0.06
TzioR13: folds 
PS.JuaChi: calls $0.04
*** FLOP *** [8h As 9h]
PS.JuaChi: checks 
Renge Miyauchi: bets $0.04
PS.JuaChi: raises $0.24 to $0.28
Renge Miyauchi: folds 
Uncalled bet ($0.24) returned to PS.JuaChi
PS.JuaChi collected $0.20 from pot
PS.JuaChi: doesn't show hand 
*** SUMMARY ***
Total pot $0.21 | Rake $0.01 
Board [8h As 9h]
Seat 1: mcgirr4_j folded before Flop (didn't bet)
Seat 2: Lorpugo folded before Flop (didn't bet)
Seat 3: Renge Miyauchi (button) folded on the Flop
Seat 4: TzioR13 (small blind) folded before Flop
Seat 5: PS.JuaChi (big blind) collected ($0.20)



PokerStars Hand #240917015767:  Hold'em No Limit ($0.01/$0.02 USD) - 2023/01/04 18:18:03 ET
Table 'Kiviuq III' 6-max Seat #4 is the button
Seat 1: mcgirr4_j ($3.25 in chips) 
Seat 2: Lorpugo ($1.70 in chips) 
Seat 3: Renge Miyauchi ($1.24 in chips) 
Seat 4: TzioR13 ($1.11 in chips) 
Seat 5: PS.JuaChi ($3.93 in chips) 
PS.JuaChi: posts small blind $0.01
mcgirr4_j: posts big blind $0.02
*** HOLE CARDS ***
Dealt to Lorpugo [Ah Jh]
Lorpugo: raises $0.02 to $0.04
Renge Miyauchi: calls $0.04
TzioR13: raises $0.14 to $0.18
PS.JuaChi: folds 
mcgirr4_j: folds 
Lorpugo: calls $0.14
Renge Miyauchi: calls $0.14
*** FLOP *** [8s 7s 5d]
Lorpugo: checks 
Renge Miyauchi: checks 
TzioR13: bets $0.41
Lorpugo: folds 
Renge Miyauchi: calls $0.41
*** TURN *** [8s 7s 5d] [5s]
Renge Miyauchi: checks 
TzioR13: checks 
*** RIVER *** [8s 7s 5d 5s] [2d]
Renge Miyauchi: checks 
TzioR13: bets $0.52 and is all-in
Renge Miyauchi: calls $0.52
*** SHOW DOWN ***
TzioR13: shows [6h Kh] (a pair of Fives)
Renge Miyauchi: shows [9h 8c] (two pair, Eights and Fives)
Renge Miyauchi collected $2.34 from pot
*** SUMMARY ***
Total pot $2.43 | Rake $0.09 
Board [8s 7s 5d 5s 2d]
Seat 1: mcgirr4_j (big blind) folded before Flop
Seat 2: Lorpugo folded on the Flop
Seat 3: Renge Miyauchi showed [9h 8c] and won ($2.34) with two pair, Eights and Fives
Seat 4: TzioR13 (button) showed [6h Kh] and lost with a pair of Fives
Seat 5: PS.JuaChi (small blind) folded before Flop



PokerStars Hand #240917034814:  Hold'em No Limit ($0.01/$0.02 USD) - 2023/01/04 18:18:53 ET
Table 'Kiviuq III' 6-max Seat #5 is the button
Seat 1: mcgirr4_j ($3.23 in chips) 
Seat 2: Lorpugo ($1.52 in chips) 
Seat 3: Renge Miyauchi ($2.47 in chips) 
Seat 5: PS.JuaChi ($3.92 in chips) 
mcgirr4_j: posts small blind $0.01
Lorpugo: posts big blind $0.02
*** HOLE CARDS ***
Dealt to Lorpugo [3h 8h]
Renge Miyauchi: folds 
PS.JuaChi: folds 
mcgirr4_j: calls $0.01
Lorpugo: checks 
*** FLOP *** [Tc 5d Jc]
mcgirr4_j: checks 
Lorpugo: checks 
*** TURN *** [Tc 5d Jc] [7d]
mcgirr4_j: bets $0.02
Lorpugo: folds 
Uncalled bet ($0.02) returned to mcgirr4_j
mcgirr4_j collected $0.04 from pot
mcgirr4_j: doesn't show hand 
*** SUMMARY ***
Total pot $0.04 | Rake $0 
Board [Tc 5d Jc 7d]
Seat 1: mcgirr4_j (small blind) collected ($0.04)
Seat 2: Lorpugo (big blind) folded on the Turn
Seat 3: Renge Miyauchi folded before Flop (didn't bet)
Seat 5: PS.JuaChi (button) folded before Flop (didn't bet)



PokerStars Hand #240917046886:  Hold'em No Limit ($0.01/$0.02 USD) - 2023/01/04 18:19:24 ET
Table 'Kiviuq III' 6-max Seat #1 is the button
Seat 1: mcgirr4_j ($3.25 in chips) 
Seat 2: Lorpugo ($1.50 in chips) 
Seat 3: Renge Miyauchi ($2.47 in chips) 
Seat 5: PS.JuaChi ($3.92 in chips) 
Lorpugo: posts small blind $0.01
Renge Miyauchi: posts big blind $0.02
*** HOLE CARDS ***
Dealt to Lorpugo [5c Qs]
PS.JuaChi: raises $0.03 to $0.05
mcgirr4_j: folds 
Lorpugo: folds 
Renge Miyauchi: folds 
Uncalled bet ($0.03) returned to PS.JuaChi
PS.JuaChi collected $0.05 from pot
PS.JuaChi: doesn't show hand 
*** SUMMARY ***
Total pot $0.05 | Rake $0 
Seat 1: mcgirr4_j (button) folded before Flop (didn't bet)
Seat 2: Lorpugo (small blind) folded before Flop
Seat 3: Renge Miyauchi (big blind) folded before Flop
Seat 5: PS.JuaChi collected ($0.05)



PokerStars Hand #240917051128:  Hold'em No Limit ($0.01/$0.02 USD) - 2023/01/04 18:19:35 ET
Table 'Kiviuq III' 6-max Seat #2 is the button
Seat 1: mcgirr4_j ($3.25 in chips) 
Seat 2: Lorpugo ($1.49 in chips) 
Seat 3: Renge Miyauchi ($2.45 in chips) 
Seat 5: PS.JuaChi ($3.95 in chips) 
Renge Miyauchi: posts small blind $0.01
PS.JuaChi: posts big blind $0.02
*** HOLE CARDS ***
Dealt to Lorpugo [Jc 8c]
mcgirr4_j: folds 
Lorpugo: raises $0.03 to $0.05
Renge Miyauchi: calls $0.04
PS.JuaChi: folds 
*** FLOP *** [2s Jd 9s]
Renge Miyauchi: checks 
Lorpugo: bets $0.02
TzioR13 leaves the table
Renge Miyauchi: raises $0.05 to $0.07
Lorpugo: calls $0.05
*** TURN *** [2s Jd 9s] [Jh]
Renge Miyauchi: checks 
Lorpugo: bets $0.02
Renge Miyauchi: raises $0.10 to $0.12
Lorpugo: raises $0.25 to $0.37
PanteritaMori joins the table at seat #4 
Renge Miyauchi: folds 
Uncalled bet ($0.25) returned to Lorpugo
Lorpugo collected $0.48 from pot
Lorpugo: doesn't show hand 
*** SUMMARY ***
Total pot $0.50 | Rake $0.02 
Board [2s Jd 9s Jh]
Seat 1: mcgirr4_j folded before Flop (didn't bet)
Seat 2: Lorpugo (button) collected ($0.48)
Seat 3: Renge Miyauchi (small blind) folded on the Turn
Seat 5: PS.JuaChi (big blind) folded before Flop



PokerStars Hand #240917071781:  Hold'em No Limit ($0.01/$0.02 USD) - 2023/01/04 18:20:29 ET
Table 'Kiviuq III' 6-max Seat #3 is the button
Seat 1: mcgirr4_j ($3.25 in chips) 
Seat 2: Lorpugo ($1.73 in chips) 
Seat 3: Renge Miyauchi ($2.21 in chips) 
Seat 5: PS.JuaChi ($3.93 in chips) 
PS.JuaChi: posts small blind $0.01
mcgirr4_j: posts big blind $0.02
*** HOLE CARDS ***
Dealt to Lorpugo [4c 9s]
Lorpugo has timed out
Lorpugo: folds 
Renge Miyauchi: raises $0.04 to $0.06
PS.JuaChi: folds 
mcgirr4_j: folds 
Uncalled bet ($0.04) returned to Renge Miyauchi
Renge Miyauchi collected $0.05 from pot
Renge Miyauchi: doesn't show hand 
*** SUMMARY ***
Total pot $0.05 | Rake $0 
Seat 1: mcgirr4_j (big blind) folded before Flop
Seat 2: Lorpugo folded before Flop (didn't bet)
Seat 3: Renge Miyauchi (button) collected ($0.05)
Seat 5: PS.JuaChi (small blind) folded before Flop



PokerStars Hand #240917078960:  Hold'em No Limit ($0.01/$0.02 USD) - 2023/01/04 18:20:48 ET
Table 'Kiviuq III' 6-max Seat #5 is the button
Seat 1: mcgirr4_j ($3.23 in chips) 
Seat 2: Lorpugo ($1.73 in chips) 
Seat 3: Renge Miyauchi ($2.24 in chips) 
Seat 5: PS.JuaChi ($3.92 in chips) 
mcgirr4_j: posts small blind $0.01
Lorpugo: posts big blind $0.02
*** HOLE CARDS ***
Dealt to Lorpugo [6d 9s]
Renge Miyauchi: raises $0.03 to $0.05
PS.JuaChi: raises $0.15 to $0.20
mcgirr4_j: folds 
Lorpugo: folds 
Renge Miyauchi: calls $0.15
*** FLOP *** [Ts 8c 3h]
Renge Miyauchi: checks 
PS.JuaChi: bets $0.14
Renge Miyauchi: calls $0.14
*** TURN *** [Ts 8c 3h] [9d]
Renge Miyauchi: checks 
PS.JuaChi: checks 
*** RIVER *** [Ts 8c 3h 9d] [3c]
Renge Miyauchi: checks 
PS.JuaChi: checks 
*** SHOW DOWN ***
Renge Miyauchi: shows [2d Ah] (a pair of Threes)
PS.JuaChi: shows [Kc Ac] (a pair of Threes - Ace+King kicker)
PS.JuaChi collected $0.69 from pot
*** SUMMARY ***
Total pot $0.71 | Rake $0.02 
Board [Ts 8c 3h 9d 3c]
Seat 1: mcgirr4_j (small blind) folded before Flop
Seat 2: Lorpugo (big blind) folded before Flop
Seat 3: Renge Miyauchi showed [2d Ah] and lost with a pair of Threes
Seat 5: PS.JuaChi (button) showed [Kc Ac] and won ($0.69) with a pair of Threes



PokerStars Hand #240917096333:  Hold'em No Limit ($0.01/$0.02 USD) - 2023/01/04 18:21:34 ET
Table 'Kiviuq III' 6-max Seat #1 is the button
Seat 1: mcgirr4_j ($3.22 in chips) 
Seat 2: Lorpugo ($1.71 in chips) 
Seat 3: Renge Miyauchi ($1.90 in chips) 
Seat 5: PS.JuaChi ($4.27 in chips) 
Lorpugo: posts small blind $0.01
Renge Miyauchi: posts big blind $0.02
*** HOLE CARDS ***
Dealt to Lorpugo [6h 7d]
PS.JuaChi: folds 
mcgirr4_j: folds 
Lorpugo: raises $0.02 to $0.04
Renge Miyauchi: raises $0.16 to $0.20
Lorpugo: folds 
Uncalled bet ($0.16) returned to Renge Miyauchi
Renge Miyauchi collected $0.08 from pot
Renge Miyauchi: doesn't show hand 
*** SUMMARY ***
Total pot $0.08 | Rake $0 
Seat 1: mcgirr4_j (button) folded before Flop (didn't bet)
Seat 2: Lorpugo (small blind) folded before Flop
Seat 3: Renge Miyauchi (big blind) collected ($0.08)
Seat 5: PS.JuaChi folded before Flop (didn't bet)



PokerStars Hand #240917104811:  Hold'em No Limit ($0.01/$0.02 USD) - 2023/01/04 18:21:57 ET
Table 'Kiviuq III' 6-max Seat #2 is the button
Seat 1: mcgirr4_j ($3.22 in chips) 
Seat 2: Lorpugo ($1.67 in chips) 
Seat 3: Renge Miyauchi ($1.94 in chips) 
Seat 4: PanteritaMori ($2 in chips) 
Seat 5: PS.JuaChi ($4.27 in chips) 
Renge Miyauchi: posts small blind $0.01
PanteritaMori: posts big blind $0.02
*** HOLE CARDS ***
Dealt to Lorpugo [5h 4s]
PS.JuaChi: folds 
mcgirr4_j: folds 
Lorpugo: raises $0.03 to $0.05
Renge Miyauchi: calls $0.04
PanteritaMori: folds 
*** FLOP *** [6d 6c 9s]
PanteritaMori leaves the table
Renge Miyauchi: bets $0.06
Lorpugo: folds 
Uncalled bet ($0.06) returned to Renge Miyauchi
Renge Miyauchi collected $0.12 from pot
Renge Miyauchi: doesn't show hand 
*** SUMMARY ***
Total pot $0.12 | Rake $0 
Board [6d 6c 9s]
Seat 1: mcgirr4_j folded before Flop (didn't bet)
Seat 2: Lorpugo (button) folded on the Flop
Seat 3: Renge Miyauchi (small blind) collected ($0.12)
Seat 4: PanteritaMori (big blind) folded before Flop
Seat 5: PS.JuaChi folded before Flop (didn't bet)



PokerStars Hand #240917117949:  Hold'em No Limit ($0.01/$0.02 USD) - 2023/01/04 18:22:32 ET
Table 'Kiviuq III' 6-max Seat #3 is the button
Seat 1: mcgirr4_j ($3.22 in chips) 
Seat 2: Lorpugo ($1.62 in chips) 
Seat 3: Renge Miyauchi ($2.01 in chips) 
Seat 5: PS.JuaChi ($4.27 in chips) 
kahzura joins the table at seat #4 
PS.JuaChi: posts small blind $0.01
mcgirr4_j: posts big blind $0.02
*** HOLE CARDS ***
Dealt to Lorpugo [Kh 2s]
Lorpugo: folds 
Renge Miyauchi: raises $0.04 to $0.06
PS.JuaChi: folds 
mcgirr4_j: calls $0.04
*** FLOP *** [Ac Js Jd]
mcgirr4_j: checks 
Renge Miyauchi: bets $0.04
mcgirr4_j: calls $0.04
*** TURN *** [Ac Js Jd] [Kd]
mcgirr4_j: checks 
Renge Miyauchi: checks 
*** RIVER *** [Ac Js Jd Kd] [Jc]
DzambyCZ leaves the table
mcgirr4_j: checks 
zanderro joins the table at seat #6 
Renge Miyauchi: bets $0.07
mcgirr4_j: raises $0.07 to $0.14
Renge Miyauchi: calls $0.07
*** SHOW DOWN ***
mcgirr4_j: shows [5s Ah] (a full house, Jacks full of Aces)
Renge Miyauchi: mucks hand 
mcgirr4_j collected $0.47 from pot
*** SUMMARY ***
Total pot $0.49 | Rake $0.02 
Board [Ac Js Jd Kd Jc]
Seat 1: mcgirr4_j (big blind) showed [5s Ah] and won ($0.47) with a full house, Jacks full of Aces
Seat 2: Lorpugo folded before Flop (didn't bet)
Seat 3: Renge Miyauchi (button) mucked [6s 5c]
Seat 5: PS.JuaChi (small blind) folded before Flop



PokerStars Hand #240917132727:  Hold'em No Limit ($0.01/$0.02 USD) - 2023/01/04 18:23:12 ET
Table 'Kiviuq III' 6-max Seat #5 is the button
Seat 1: mcgirr4_j ($3.45 in chips) 
Seat 2: Lorpugo ($1.62 in chips) 
Seat 3: Renge Miyauchi ($1.77 in chips) 
Seat 5: PS.JuaChi ($4.26 in chips) 
mcgirr4_j: posts small blind $0.01
Lorpugo: posts big blind $0.02
*** HOLE CARDS ***
Dealt to Lorpugo [Ts 4c]
Renge Miyauchi: raises $0.04 to $0.06
PS.JuaChi: folds 
mcgirr4_j: folds 
Lorpugo: folds 
Uncalled bet ($0.04) returned to Renge Miyauchi
Renge Miyauchi collected $0.05 from pot
Renge Miyauchi: doesn't show hand 
*** SUMMARY ***
Total pot $0.05 | Rake $0 
Seat 1: mcgirr4_j (small blind) folded before Flop
Seat 2: Lorpugo (big blind) folded before Flop
Seat 3: Renge Miyauchi collected ($0.05)
Seat 5: PS.JuaChi (button) folded before Flop (didn't bet)



PokerStars Hand #240917138572:  Hold'em No Limit ($0.01/$0.02 USD) - 2023/01/04 18:23:28 ET
Table 'Kiviuq III' 6-max Seat #1 is the button
Seat 1: mcgirr4_j ($3.44 in chips) 
Seat 2: Lorpugo ($1.60 in chips) 
Seat 3: Renge Miyauchi ($1.80 in chips) 
Seat 5: PS.JuaChi ($4.26 in chips) 
Lorpugo: posts small blind $0.01
Renge Miyauchi: posts big blind $0.02
*** HOLE CARDS ***
Dealt to Lorpugo [8h Th]
PS.JuaChi: raises $0.04 to $0.06
mcgirr4_j: folds 
Lorpugo: calls $0.05
Renge Miyauchi: raises $0.08 to $0.14
PS.JuaChi: calls $0.08
Lorpugo: calls $0.08
*** FLOP *** [Ts Ac 9c]
Lorpugo: checks 
Renge Miyauchi: checks 
PS.JuaChi: checks 
*** TURN *** [Ts Ac 9c] [4h]
Lorpugo: bets $0.02
Renge Miyauchi: raises $0.15 to $0.17
PS.JuaChi: folds 
Lorpugo: calls $0.15
*** RIVER *** [Ts Ac 9c 4h] [Jc]
Lorpugo: bets $0.02
Renge Miyauchi: calls $0.02
*** SHOW DOWN ***
Lorpugo: shows [8h Th] (a pair of Tens)
Renge Miyauchi: mucks hand 
Lorpugo collected $0.77 from pot
*** SUMMARY ***
Total pot $0.80 | Rake $0.03 
Board [Ts Ac 9c 4h Jc]
Seat 1: mcgirr4_j (button) folded before Flop (didn't bet)
Seat 2: Lorpugo (small blind) showed [8h Th] and won ($0.77) with a pair of Tens
Seat 3: Renge Miyauchi (big blind) mucked [4s 6s]
Seat 5: PS.JuaChi folded on the Turn



PokerStars Hand #240917158812:  Hold'em No Limit ($0.01/$0.02 USD) - 2023/01/04 18:24:23 ET
Table 'Kiviuq III' 6-max Seat #2 is the button
Seat 1: mcgirr4_j ($3.44 in chips) 
Seat 2: Lorpugo ($2.04 in chips) 
Seat 3: Renge Miyauchi ($1.47 in chips) 
Seat 4: kahzura ($2 in chips) 
Seat 5: PS.JuaChi ($4.12 in chips) 
Renge Miyauchi: posts small blind $0.01
kahzura: posts big blind $0.02
*** HOLE CARDS ***
Dealt to Lorpugo [Th 3c]
PS.JuaChi: raises $0.03 to $0.05
mcgirr4_j: folds 
Lorpugo: folds 
Renge Miyauchi: raises $0.15 to $0.20
kahzura: folds 
PS.JuaChi: folds 
Uncalled bet ($0.15) returned to Renge Miyauchi
Renge Miyauchi collected $0.12 from pot
Renge Miyauchi: doesn't show hand 
*** SUMMARY ***
Total pot $0.12 | Rake $0 
Seat 1: mcgirr4_j folded before Flop (didn't bet)
Seat 2: Lorpugo (button) folded before Flop (didn't bet)
Seat 3: Renge Miyauchi (small blind) collected ($0.12)
Seat 4: kahzura (big blind) folded before Flop
Seat 5: PS.JuaChi folded before Flop



PokerStars Hand #240917165887:  Hold'em No Limit ($0.01/$0.02 USD) - 2023/01/04 18:24:41 ET
Table 'Kiviuq III' 6-max Seat #3 is the button
Seat 1: mcgirr4_j ($3.44 in chips) 
Seat 2: Lorpugo ($2.04 in chips) 
Seat 3: Renge Miyauchi ($1.54 in chips) 
Seat 4: kahzura ($2 in chips) 
Seat 5: PS.JuaChi ($4.07 in chips) 
kahzura: posts small blind $0.01
PS.JuaChi: posts big blind $0.02
*** HOLE CARDS ***
Dealt to Lorpugo [Kh Tc]
mcgirr4_j: folds 
Lorpugo: raises $0.02 to $0.04
Renge Miyauchi: calls $0.04
kahzura: folds 
PS.JuaChi: raises $0.24 to $0.28
Lorpugo: folds 
Renge Miyauchi: folds 
Uncalled bet ($0.24) returned to PS.JuaChi
PS.JuaChi collected $0.13 from pot
PS.JuaChi: doesn't show hand 
*** SUMMARY ***
Total pot $0.13 | Rake $0 
Seat 1: mcgirr4_j folded before Flop (didn't bet)
Seat 2: Lorpugo folded before Flop
Seat 3: Renge Miyauchi (button) folded before Flop
Seat 4: kahzura (small blind) folded before Flop
Seat 5: PS.JuaChi (big blind) collected ($0.13)



PokerStars Hand #240917178041:  Hold'em No Limit ($0.01/$0.02 USD) - 2023/01/04 18:25:15 ET
Table 'Kiviuq III' 6-max Seat #4 is the button
Seat 1: mcgirr4_j ($3.44 in chips) 
Seat 2: Lorpugo ($2 in chips) 
Seat 3: Renge Miyauchi ($1.50 in chips) 
Seat 4: kahzura ($2 in chips) 
Seat 5: PS.JuaChi ($4.16 in chips) 
Seat 6: zanderro ($0.80 in chips) 
PS.JuaChi: posts small blind $0.01
zanderro: posts big blind $0.02
*** HOLE CARDS ***
Dealt to Lorpugo [7s 8d]
mcgirr4_j: folds 
Lorpugo: folds 
Renge Miyauchi: raises $0.04 to $0.06
kahzura: folds 
PS.JuaChi: folds 
zanderro: calls $0.04
*** FLOP *** [Ac 6d 5d]
zanderro: checks 
Renge Miyauchi: bets $0.07
zanderro: calls $0.07
*** TURN *** [Ac 6d 5d] [6c]
zanderro: checks 
Renge Miyauchi: bets $0.13
zanderro: calls $0.13
*** RIVER *** [Ac 6d 5d 6c] [Kh]
zanderro: bets $0.51
Renge Miyauchi: calls $0.51
*** SHOW DOWN ***
zanderro: shows [3s Ah] (two pair, Aces and Sixes)
Renge Miyauchi: shows [Ad 9d] (two pair, Aces and Sixes)
zanderro collected $0.75 from pot
Renge Miyauchi collected $0.75 from pot
*** SUMMARY ***
Total pot $1.55 | Rake $0.05 
Board [Ac 6d 5d 6c Kh]
Seat 1: mcgirr4_j folded before Flop (didn't bet)
Seat 2: Lorpugo folded before Flop (didn't bet)
Seat 3: Renge Miyauchi showed [Ad 9d] and won ($0.75) with two pair, Aces and Sixes
Seat 4: kahzura (button) folded before Flop (didn't bet)
Seat 5: PS.JuaChi (small blind) folded before Flop
Seat 6: zanderro (big blind) showed [3s Ah] and won ($0.75) with two pair, Aces and Sixes



PokerStars Hand #240917204800:  Hold'em No Limit ($0.01/$0.02 USD) - 2023/01/04 18:26:28 ET
Table 'Kiviuq III' 6-max Seat #5 is the button
Seat 1: mcgirr4_j ($3.44 in chips) 
Seat 2: Lorpugo ($2 in chips) 
Seat 3: Renge Miyauchi ($1.48 in chips) 
Seat 4: kahzura ($2 in chips) 
Seat 5: PS.JuaChi ($4.15 in chips) 
Seat 6: zanderro ($0.78 in chips) 
zanderro: posts small blind $0.01
mcgirr4_j: posts big blind $0.02
*** HOLE CARDS ***
Dealt to Lorpugo [Ad As]
Lorpugo: raises $0.02 to $0.04
Renge Miyauchi: folds 
kahzura: folds 
PS.JuaChi: folds 
zanderro: calls $0.03
mcgirr4_j: calls $0.02
*** FLOP *** [Tc Jh 4c]
zanderro: checks 
mcgirr4_j: checks 
Lorpugo: bets $1.96 and is all-in
zanderro: folds 
mcgirr4_j: calls $1.96
*** TURN *** [Tc Jh 4c] [6d]
*** RIVER *** [Tc Jh 4c 6d] [Jc]
*** SHOW DOWN ***
mcgirr4_j: shows [Qd Th] (two pair, Jacks and Tens)
Lorpugo: shows [Ad As] (two pair, Aces and Jacks)
Lorpugo collected $3.90 from pot
*** SUMMARY ***
Total pot $4.04 | Rake $0.14 
Board [Tc Jh 4c 6d Jc]
Seat 1: mcgirr4_j (big blind) showed [Qd Th] and lost with two pair, Jacks and Tens
Seat 2: Lorpugo showed [Ad As] and won ($3.90) with two pair, Aces and Jacks
Seat 3: Renge Miyauchi folded before Flop (didn't bet)
Seat 4: kahzura folded before Flop (didn't bet)
Seat 5: PS.JuaChi (button) folded before Flop (didn't bet)
Seat 6: zanderro (small blind) folded on the Flop



PokerStars Hand #240917220648:  Hold'em No Limit ($0.01/$0.02 USD) - 2023/01/04 18:27:11 ET
Table 'Kiviuq III' 6-max Seat #6 is the button
Seat 1: mcgirr4_j ($1.44 in chips) 
Seat 2: Lorpugo ($3.90 in chips) 
Seat 3: Renge Miyauchi ($1.48 in chips) 
Seat 4: kahzura ($2 in chips) 
Seat 5: PS.JuaChi ($4.15 in chips) 
Seat 6: zanderro ($0.74 in chips) 
mcgirr4_j: posts small blind $0.01
Lorpugo: posts big blind $0.02
*** HOLE CARDS ***
Dealt to Lorpugo [9d 7d]
Renge Miyauchi: folds 
kahzura: folds 
PS.JuaChi: raises $0.03 to $0.05
zanderro: raises $0.69 to $0.74 and is all-in
mcgirr4_j: folds 
Lorpugo: raises $3.16 to $3.90 and is all-in
PS.JuaChi: folds 
Uncalled bet ($3.16) returned to Lorpugo
*** FLOP *** [8s Th 8c]
*** TURN *** [8s Th 8c] [4s]
*** RIVER *** [8s Th 8c 4s] [Jc]
*** SHOW DOWN ***
Lorpugo: shows [9d 7d] (a straight, Seven to Jack)
zanderro: shows [Ah Qh] (a pair of Eights)
Lorpugo collected $1.49 from pot
*** SUMMARY ***
Total pot $1.54 | Rake $0.05 
Board [8s Th 8c 4s Jc]
Seat 1: mcgirr4_j (small blind) folded before Flop
Seat 2: Lorpugo (big blind) showed [9d 7d] and won ($1.49) with a straight, Seven to Jack
Seat 3: Renge Miyauchi folded before Flop (didn't bet)
Seat 4: kahzura folded before Flop (didn't bet)
Seat 5: PS.JuaChi folded before Flop
Seat 6: zanderro (button) showed [Ah Qh] and lost with a pair of Eights



PokerStars Hand #240917235465:  Hold'em No Limit ($0.01/$0.02 USD) - 2023/01/04 18:27:52 ET
Table 'Kiviuq III' 6-max Seat #1 is the button
Seat 1: mcgirr4_j ($1.43 in chips) 
Seat 2: Lorpugo ($4.65 in chips) 
Seat 3: Renge Miyauchi ($1.48 in chips) 
Seat 4: kahzura ($2 in chips) 
Seat 5: PS.JuaChi ($4.10 in chips) 
Lorpugo: posts small blind $0.01
Renge Miyauchi: posts big blind $0.02
*** HOLE CARDS ***
Dealt to Lorpugo [Ad 7d]
kahzura: folds 
PS.JuaChi: raises $0.04 to $0.06
mcgirr4_j: calls $0.06
Lorpugo: calls $0.05
Renge Miyauchi: calls $0.04
*** FLOP *** [5c 4h Th]
Lorpugo: checks 
Renge Miyauchi: checks 
PS.JuaChi: checks 
mcgirr4_j: checks 
*** TURN *** [5c 4h Th] [7h]
Lorpugo: bets $0.23
Renge Miyauchi: folds 
PS.JuaChi: folds 
mcgirr4_j: calls $0.23
*** RIVER *** [5c 4h Th 7h] [3d]
Lorpugo: bets $0.14
mcgirr4_j: raises $0.14 to $0.28
Lorpugo: calls $0.14
*** SHOW DOWN ***
mcgirr4_j: shows [Ah 2d] (a straight, Ace to Five)
Lorpugo: mucks hand 
mcgirr4_j collected $1.22 from pot
*** SUMMARY ***
Total pot $1.26 | Rake $0.04 
Board [5c 4h Th 7h 3d]
Seat 1: mcgirr4_j (button) showed [Ah 2d] and won ($1.22) with a straight, Ace to Five
Seat 2: Lorpugo (small blind) mucked [Ad 7d]
Seat 3: Renge Miyauchi (big blind) folded on the Turn
Seat 4: kahzura folded before Flop (didn't bet)
Seat 5: PS.JuaChi folded on the Turn



PokerStars Hand #240917270520:  Hold'em No Limit ($0.01/$0.02 USD) - 2023/01/04 18:29:28 ET
Table 'Kiviuq III' 6-max Seat #2 is the button
Seat 1: mcgirr4_j ($2.08 in chips) 
Seat 2: Lorpugo ($4.08 in chips) 
Seat 3: Renge Miyauchi ($1.42 in chips) 
Seat 4: kahzura ($2 in chips) 
Seat 5: PS.JuaChi ($4.04 in chips) 
Renge Miyauchi: posts small blind $0.01
kahzura: posts big blind $0.02
*** HOLE CARDS ***
Dealt to Lorpugo [3s 3d]
PS.JuaChi: folds 
mcgirr4_j: folds 
Lorpugo: raises $0.03 to $0.05
Renge Miyauchi: calls $0.04
kahzura: folds 
*** FLOP *** [2h 5s 8h]
Renge Miyauchi: bets $0.04
Lorpugo: raises $0.04 to $0.08
Renge Miyauchi: calls $0.04
*** TURN *** [2h 5s 8h] [Jh]
Renge Miyauchi: checks 
Lorpugo: bets $0.22
Renge Miyauchi: folds 
Uncalled bet ($0.22) returned to Lorpugo
Lorpugo collected $0.27 from pot
Lorpugo: doesn't show hand 
*** SUMMARY ***
Total pot $0.28 | Rake $0.01 
Board [2h 5s 8h Jh]
Seat 1: mcgirr4_j folded before Flop (didn't bet)
Seat 2: Lorpugo (button) collected ($0.27)
Seat 3: Renge Miyauchi (small blind) folded on the Turn
Seat 4: kahzura (big blind) folded before Flop
Seat 5: PS.JuaChi folded before Flop (didn't bet)



PokerStars Hand #240917289724:  Hold'em No Limit ($0.01/$0.02 USD) - 2023/01/04 18:30:21 ET
Table 'Kiviuq III' 6-max Seat #3 is the button
Seat 1: mcgirr4_j ($2.08 in chips) 
Seat 2: Lorpugo ($4.22 in chips) 
Seat 3: Renge Miyauchi ($1.29 in chips) 
Seat 4: kahzura ($2 in chips) 
Seat 5: PS.JuaChi ($4.04 in chips) 
kahzura: posts small blind $0.01
PS.JuaChi: posts big blind $0.02
*** HOLE CARDS ***
Dealt to Lorpugo [9h Kd]
mcgirr4_j: folds 
Lorpugo: raises $0.03 to $0.05
Renge Miyauchi: calls $0.05
kahzura: folds 
PS.JuaChi: folds 
*** FLOP *** [3s 8s 9d]
Lorpugo: bets $0.04
Renge Miyauchi: calls $0.04
*** TURN *** [3s 8s 9d] [7c]
Lorpugo: bets $0.20
Renge Miyauchi: folds 
Uncalled bet ($0.20) returned to Lorpugo
Lorpugo collected $0.20 from pot
Lorpugo: doesn't show hand 
*** SUMMARY ***
Total pot $0.21 | Rake $0.01 
Board [3s 8s 9d 7c]
Seat 1: mcgirr4_j folded before Flop (didn't bet)
Seat 2: Lorpugo collected ($0.20)
Seat 3: Renge Miyauchi (button) folded on the Turn
Seat 4: kahzura (small blind) folded before Flop
Seat 5: PS.JuaChi (big blind) folded before Flop



PokerStars Hand #240917301384:  Hold'em No Limit ($0.01/$0.02 USD) - 2023/01/04 18:30:53 ET
Table 'Kiviuq III' 6-max Seat #4 is the button
Seat 1: mcgirr4_j ($2.08 in chips) 
Seat 2: Lorpugo ($4.33 in chips) 
Seat 3: Renge Miyauchi ($1.20 in chips) 
Seat 4: kahzura ($2 in chips) 
Seat 5: PS.JuaChi ($4.02 in chips) 
PS.JuaChi: posts small blind $0.01
mcgirr4_j: posts big blind $0.02
*** HOLE CARDS ***
Dealt to Lorpugo [Qd Kh]
Lorpugo: raises $0.05 to $0.07
Renge Miyauchi: folds 
kahzura: folds 
zanderro leaves the table
PS.JuaChi: folds 
mcgirr4_j: calls $0.05
*** FLOP *** [3c 7d Qs]
mcgirr4_j: checks 
Lorpugo: bets $0.14
mcgirr4_j: calls $0.14
*** TURN *** [3c 7d Qs] [6h]
mcgirr4_j: checks 
Lorpugo: checks 
*** RIVER *** [3c 7d Qs 6h] [4d]
mcgirr4_j: bets $0.41
Lorpugo: calls $0.41
*** SHOW DOWN ***
mcgirr4_j: shows [Ah Jc] (high card Ace)
Lorpugo: shows [Qd Kh] (a pair of Queens)
Lorpugo collected $1.21 from pot
*** SUMMARY ***
Total pot $1.25 | Rake $0.04 
Board [3c 7d Qs 6h 4d]
Seat 1: mcgirr4_j (big blind) showed [Ah Jc] and lost with high card Ace
Seat 2: Lorpugo showed [Qd Kh] and won ($1.21) with a pair of Queens
Seat 3: Renge Miyauchi folded before Flop (didn't bet)
Seat 4: kahzura (button) folded before Flop (didn't bet)
Seat 5: PS.JuaChi (small blind) folded before Flop



PokerStars Hand #240917314135:  Hold'em No Limit ($0.01/$0.02 USD) - 2023/01/04 18:31:28 ET
Table 'Kiviuq III' 6-max Seat #5 is the button
Seat 1: mcgirr4_j ($1.46 in chips) 
Seat 2: Lorpugo ($4.92 in chips) 
Seat 3: Renge Miyauchi ($1.20 in chips) 
Seat 4: kahzura ($2 in chips) 
Seat 5: PS.JuaChi ($4.01 in chips) 
mcgirr4_j: posts small blind $0.01
Lorpugo: posts big blind $0.02
*** HOLE CARDS ***
Dealt to Lorpugo [3h 2c]
Renge Miyauchi: raises $0.02 to $0.04
kahzura: folds 
PS.JuaChi: folds 
mcgirr4_j: folds 
Lorpugo: folds 
Uncalled bet ($0.02) returned to Renge Miyauchi
Renge Miyauchi collected $0.05 from pot
Renge Miyauchi: doesn't show hand 
*** SUMMARY ***
Total pot $0.05 | Rake $0 
Seat 1: mcgirr4_j (small blind) folded before Flop
Seat 2: Lorpugo (big blind) folded before Flop
Seat 3: Renge Miyauchi collected ($0.05)
Seat 4: kahzura folded before Flop (didn't bet)
Seat 5: PS.JuaChi (button) folded before Flop (didn't bet)



PokerStars Hand #240917318271:  Hold'em No Limit ($0.01/$0.02 USD) - 2023/01/04 18:31:39 ET
Table 'Kiviuq III' 6-max Seat #1 is the button
Seat 1: mcgirr4_j ($1.45 in chips) 
Seat 2: Lorpugo ($4.90 in chips) 
Seat 3: Renge Miyauchi ($1.23 in chips) 
Seat 4: kahzura ($2 in chips) 
Seat 5: PS.JuaChi ($4.01 in chips) 
Lorpugo: posts small blind $0.01
Renge Miyauchi: posts big blind $0.02
*** HOLE CARDS ***
Dealt to Lorpugo [9s 8s]
kahzura: folds 
PS.JuaChi: folds 
mcgirr4_j: folds 
Lorpugo: raises $0.04 to $0.06
Renge Miyauchi: calls $0.04
*** FLOP *** [7d 4d Ad]
Lorpugo: bets $0.02
Renge Miyauchi: folds 
Uncalled bet ($0.02) returned to Lorpugo
Lorpugo collected $0.12 from pot
Lorpugo: doesn't show hand 
beker1277 joins the table at seat #6 
*** SUMMARY ***
Total pot $0.12 | Rake $0 
Board [7d 4d Ad]
Seat 1: mcgirr4_j (button) folded before Flop (didn't bet)
Seat 2: Lorpugo (small blind) collected ($0.12)
Seat 3: Renge Miyauchi (big blind) folded on the Flop
Seat 4: kahzura folded before Flop (didn't bet)
Seat 5: PS.JuaChi folded before Flop (didn't bet)



PokerStars Hand #240917328321:  Hold'em No Limit ($0.01/$0.02 USD) - 2023/01/04 18:32:06 ET
Table 'Kiviuq III' 6-max Seat #2 is the button
Seat 1: mcgirr4_j ($1.45 in chips) 
Seat 2: Lorpugo ($4.96 in chips) 
Seat 3: Renge Miyauchi ($1.17 in chips) 
Seat 4: kahzura ($2 in chips) 
Seat 5: PS.JuaChi ($4.01 in chips) 
Renge Miyauchi: posts small blind $0.01
kahzura: posts big blind $0.02
*** HOLE CARDS ***
Dealt to Lorpugo [Kh 2h]
PS.JuaChi: raises $0.03 to $0.05
mcgirr4_j: folds 
Lorpugo: folds 
Renge Miyauchi: calls $0.04
kahzura: folds 
*** FLOP *** [Qd 9s Js]
Renge Miyauchi: checks 
PS.JuaChi: bets $0.06
Renge Miyauchi: folds 
Uncalled bet ($0.06) returned to PS.JuaChi
PS.JuaChi collected $0.12 from pot
PS.JuaChi: doesn't show hand 
*** SUMMARY ***
Total pot $0.12 | Rake $0 
Board [Qd 9s Js]
Seat 1: mcgirr4_j folded before Flop (didn't bet)
Seat 2: Lorpugo (button) folded before Flop (didn't bet)
Seat 3: Renge Miyauchi (small blind) folded on the Flop
Seat 4: kahzura (big blind) folded before Flop
Seat 5: PS.JuaChi collected ($0.12)



PokerStars Hand #240917338573:  Hold'em No Limit ($0.01/$0.02 USD) - 2023/01/04 18:32:34 ET
Table 'Kiviuq III' 6-max Seat #3 is the button
Seat 1: mcgirr4_j ($1.45 in chips) 
Seat 2: Lorpugo ($4.96 in chips) 
Seat 3: Renge Miyauchi ($1.12 in chips) 
Seat 4: kahzura ($2 in chips) 
Seat 5: PS.JuaChi ($4.08 in chips) 
kahzura: posts small blind $0.01
PS.JuaChi: posts big blind $0.02
*** HOLE CARDS ***
Dealt to Lorpugo [Ks 5s]
mcgirr4_j: folds 
Lorpugo: raises $0.02 to $0.04
Renge Miyauchi: folds 
kahzura: raises $0.12 to $0.16
PS.JuaChi: folds 
Lorpugo: folds 
Uncalled bet ($0.12) returned to kahzura
kahzura collected $0.10 from pot
kahzura: doesn't show hand 
*** SUMMARY ***
Total pot $0.10 | Rake $0 
Seat 1: mcgirr4_j folded before Flop (didn't bet)
Seat 2: Lorpugo folded before Flop
Seat 3: Renge Miyauchi (button) folded before Flop (didn't bet)
Seat 4: kahzura (small blind) collected ($0.10)
Seat 5: PS.JuaChi (big blind) folded before Flop



PokerStars Hand #240917350134:  Hold'em No Limit ($0.01/$0.02 USD) - 2023/01/04 18:33:06 ET
Table 'Kiviuq III' 6-max Seat #4 is the button
Seat 1: mcgirr4_j ($1.45 in chips) 
Seat 2: Lorpugo ($4.92 in chips) 
Seat 3: Renge Miyauchi ($1.12 in chips) 
Seat 4: kahzura ($2.06 in chips) 
Seat 5: PS.JuaChi ($4.06 in chips) 
Seat 6: beker1277 ($2 in chips) 
PS.JuaChi: posts small blind $0.01
beker1277: posts big blind $0.02
*** HOLE CARDS ***
Dealt to Lorpugo [4s 9h]
mcgirr4_j: folds 
Lorpugo: folds 
Renge Miyauchi: folds 
kahzura: raises $0.03 to $0.05
PS.JuaChi: raises $0.15 to $0.20
beker1277: folds 
kahzura: folds 
Uncalled bet ($0.15) returned to PS.JuaChi
PS.JuaChi collected $0.12 from pot
PS.JuaChi: doesn't show hand 
*** SUMMARY ***
Total pot $0.12 | Rake $0 
Seat 1: mcgirr4_j folded before Flop (didn't bet)
Seat 2: Lorpugo folded before Flop (didn't bet)
Seat 3: Renge Miyauchi folded before Flop (didn't bet)
Seat 4: kahzura (button) folded before Flop
Seat 5: PS.JuaChi (small blind) collected ($0.12)
Seat 6: beker1277 (big blind) folded before Flop



PokerStars Hand #240917359919:  Hold'em No Limit ($0.01/$0.02 USD) - 2023/01/04 18:33:33 ET
Table 'Kiviuq III' 6-max Seat #5 is the button
Seat 1: mcgirr4_j ($1.45 in chips) 
Seat 2: Lorpugo ($4.92 in chips) 
Seat 3: Renge Miyauchi ($1.12 in chips) 
Seat 4: kahzura ($2.01 in chips) 
Seat 5: PS.JuaChi ($4.13 in chips) 
Seat 6: beker1277 ($1.98 in chips) 
beker1277: posts small blind $0.01
mcgirr4_j: posts big blind $0.02
*** HOLE CARDS ***
Dealt to Lorpugo [8s 7h]
Lorpugo: raises $0.02 to $0.04
Renge Miyauchi: calls $0.04
kahzura: calls $0.04
PS.JuaChi: folds 
beker1277: folds 
mcgirr4_j: calls $0.02
*** FLOP *** [9h 3c 2c]
mcgirr4_j: checks 
Lorpugo: bets $0.02
Renge Miyauchi: raises $0.20 to $0.22
kahzura: folds 
mcgirr4_j: raises $0.20 to $0.42
Lorpugo: folds 
Renge Miyauchi: raises $0.66 to $1.08 and is all-in
mcgirr4_j: calls $0.66
*** TURN *** [9h 3c 2c] [Kh]
*** RIVER *** [9h 3c 2c Kh] [As]
*** SHOW DOWN ***
mcgirr4_j: shows [3s 2s] (two pair, Threes and Deuces)
Renge Miyauchi: shows [2h 3h] (two pair, Threes and Deuces)
mcgirr4_j collected $1.14 from pot
Renge Miyauchi collected $1.13 from pot
*** SUMMARY ***
Total pot $2.35 | Rake $0.08 
Board [9h 3c 2c Kh As]
Seat 1: mcgirr4_j (big blind) showed [3s 2s] and won ($1.14) with two pair, Threes and Deuces
Seat 2: Lorpugo folded on the Flop
Seat 3: Renge Miyauchi showed [2h 3h] and won ($1.13) with two pair, Threes and Deuces
Seat 4: kahzura folded on the Flop
Seat 5: PS.JuaChi (button) folded before Flop (didn't bet)
Seat 6: beker1277 (small blind) folded before Flop



PokerStars Hand #240917377279:  Hold'em No Limit ($0.01/$0.02 USD) - 2023/01/04 18:34:21 ET
Table 'Kiviuq III' 6-max Seat #6 is the button
Seat 1: mcgirr4_j ($1.47 in chips) 
Seat 2: Lorpugo ($4.86 in chips) 
Seat 3: Renge Miyauchi ($1.13 in chips) 
Seat 4: kahzura ($2 in chips) 
Seat 5: PS.JuaChi ($4.13 in chips) 
Seat 6: beker1277 ($1.97 in chips) 
mcgirr4_j: posts small blind $0.01
Lorpugo: posts big blind $0.02
*** HOLE CARDS ***
Dealt to Lorpugo [7c 7s]
Renge Miyauchi: raises $0.02 to $0.04
kahzura: folds 
PS.JuaChi: folds 
beker1277: folds 
mcgirr4_j: folds 
Lorpugo: calls $0.02
*** FLOP *** [4s Qc 5h]
Lorpugo: bets $0.02
Renge Miyauchi: raises $0.13 to $0.15
Lorpugo: folds 
Uncalled bet ($0.13) returned to Renge Miyauchi
Renge Miyauchi collected $0.13 from pot
Renge Miyauchi: doesn't show hand 
*** SUMMARY ***
Total pot $0.13 | Rake $0 
Board [4s Qc 5h]
Seat 1: mcgirr4_j (small blind) folded before Flop
Seat 2: Lorpugo (big blind) folded on the Flop
Seat 3: Renge Miyauchi collected ($0.13)
Seat 4: kahzura folded before Flop (didn't bet)
Seat 5: PS.JuaChi folded before Flop (didn't bet)
Seat 6: beker1277 (button) folded before Flop (didn't bet)



PokerStars Hand #240917386112:  Hold'em No Limit ($0.01/$0.02 USD) - 2023/01/04 18:34:45 ET
Table 'Kiviuq III' 6-max Seat #1 is the button
Seat 1: mcgirr4_j ($1.46 in chips) 
Seat 2: Lorpugo ($4.80 in chips) 
Seat 3: Renge Miyauchi ($1.20 in chips) 
Seat 4: kahzura ($2 in chips) 
Seat 5: PS.JuaChi ($4.13 in chips) 
Seat 6: beker1277 ($1.97 in chips) 
Lorpugo: posts small blind $0.01
Renge Miyauchi: posts big blind $0.02
*** HOLE CARDS ***
Dealt to Lorpugo [6d 6s]
kahzura: folds 
PS.JuaChi: folds 
beker1277: folds 
mcgirr4_j: folds 
Lorpugo: raises $0.03 to $0.05
Renge Miyauchi: calls $0.03
*** FLOP *** [Qs 7h Ts]
Lorpugo: checks 
Renge Miyauchi: bets $0.20
Lorpugo: folds 
Uncalled bet ($0.20) returned to Renge Miyauchi
Renge Miyauchi collected $0.10 from pot
Renge Miyauchi: doesn't show hand 
*** SUMMARY ***
Total pot $0.10 | Rake $0 
Board [Qs 7h Ts]
Seat 1: mcgirr4_j (button) folded before Flop (didn't bet)
Seat 2: Lorpugo (small blind) folded on the Flop
Seat 3: Renge Miyauchi (big blind) collected ($0.10)
Seat 4: kahzura folded before Flop (didn't bet)
Seat 5: PS.JuaChi folded before Flop (didn't bet)
Seat 6: beker1277 folded before Flop (didn't bet)



PokerStars Hand #240917397880:  Hold'em No Limit ($0.01/$0.02 USD) - 2023/01/04 18:35:17 ET
Table 'Kiviuq III' 6-max Seat #2 is the button
Seat 1: mcgirr4_j ($1.46 in chips) 
Seat 2: Lorpugo ($4.75 in chips) 
Seat 3: Renge Miyauchi ($1.25 in chips) 
Seat 4: kahzura ($2 in chips) 
Seat 5: PS.JuaChi ($4.13 in chips) 
Seat 6: beker1277 ($1.97 in chips) 
Renge Miyauchi: posts small blind $0.01
kahzura: posts big blind $0.02
*** HOLE CARDS ***
Dealt to Lorpugo [Jd Ts]
PS.JuaChi: folds 
beker1277: folds 
mcgirr4_j: calls $0.02
Lorpugo: raises $0.08 to $0.10
Renge Miyauchi: folds 
kahzura: folds 
mcgirr4_j: raises $1.36 to $1.46 and is all-in
Lorpugo: folds 
Uncalled bet ($1.36) returned to mcgirr4_j
mcgirr4_j collected $0.23 from pot
mcgirr4_j: doesn't show hand 
*** SUMMARY ***
Total pot $0.23 | Rake $0 
Seat 1: mcgirr4_j collected ($0.23)
Seat 2: Lorpugo (button) folded before Flop
Seat 3: Renge Miyauchi (small blind) folded before Flop
Seat 4: kahzura (big blind) folded before Flop
Seat 5: PS.JuaChi folded before Flop (didn't bet)
Seat 6: beker1277 folded before Flop (didn't bet)



PokerStars Hand #240917416070:  Hold'em No Limit ($0.01/$0.02 USD) - 2023/01/04 18:36:06 ET
Table 'Kiviuq III' 6-max Seat #3 is the button
Seat 1: mcgirr4_j ($1.59 in chips) 
Seat 2: Lorpugo ($4.65 in chips) 
Seat 3: Renge Miyauchi ($1.24 in chips) 
Seat 4: kahzura ($2 in chips) 
Seat 5: PS.JuaChi ($4.13 in chips) 
Seat 6: beker1277 ($1.97 in chips) 
kahzura: posts small blind $0.01
PS.JuaChi: posts big blind $0.02
*** HOLE CARDS ***
Dealt to Lorpugo [Ks 2d]
beker1277: folds 
mcgirr4_j: folds 
Lorpugo: raises $0.02 to $0.04
Renge Miyauchi: folds 
kahzura: folds 
PS.JuaChi: calls $0.02
*** FLOP *** [3c As Tc]
PS.JuaChi: bets $0.03
Lorpugo: folds 
Uncalled bet ($0.03) returned to PS.JuaChi
PS.JuaChi collected $0.09 from pot
PS.JuaChi: doesn't show hand 
*** SUMMARY ***
Total pot $0.09 | Rake $0 
Board [3c As Tc]
Seat 1: mcgirr4_j folded before Flop (didn't bet)
Seat 2: Lorpugo folded on the Flop
Seat 3: Renge Miyauchi (button) folded before Flop (didn't bet)
Seat 4: kahzura (small blind) folded before Flop
Seat 5: PS.JuaChi (big blind) collected ($0.09)
Seat 6: beker1277 folded before Flop (didn't bet)



PokerStars Hand #240917427276:  Hold'em No Limit ($0.01/$0.02 USD) - 2023/01/04 18:36:37 ET
Table 'Kiviuq III' 6-max Seat #4 is the button
Seat 1: mcgirr4_j ($1.59 in chips) 
Seat 2: Lorpugo ($4.61 in chips) 
Seat 3: Renge Miyauchi ($1.24 in chips) 
Seat 4: kahzura ($2 in chips) 
Seat 5: PS.JuaChi ($4.18 in chips) 
Seat 6: beker1277 ($1.97 in chips) 
PS.JuaChi: posts small blind $0.01
beker1277: posts big blind $0.02
*** HOLE CARDS ***
Dealt to Lorpugo [Ah Jd]
mcgirr4_j: folds 
Lorpugo: raises $0.02 to $0.04
Renge Miyauchi: folds 
kahzura: folds 
PS.JuaChi: calls $0.03
beker1277: folds 
*** FLOP *** [Kd Ts 2c]
PS.JuaChi: checks 
Lorpugo: checks 
*** TURN *** [Kd Ts 2c] [4s]
PS.JuaChi: checks 
Lorpugo: bets $0.04
PS.JuaChi: folds 
Uncalled bet ($0.04) returned to Lorpugo
Lorpugo collected $0.10 from pot
Lorpugo: doesn't show hand 
*** SUMMARY ***
Total pot $0.10 | Rake $0 
Board [Kd Ts 2c 4s]
Seat 1: mcgirr4_j folded before Flop (didn't bet)
Seat 2: Lorpugo collected ($0.10)
Seat 3: Renge Miyauchi folded before Flop (didn't bet)
Seat 4: kahzura (button) folded before Flop (didn't bet)
Seat 5: PS.JuaChi (small blind) folded on the Turn
Seat 6: beker1277 (big blind) folded before Flop



PokerStars Hand #240917450806:  Hold'em No Limit ($0.01/$0.02 USD) - 2023/01/04 18:37:42 ET
Table 'Kiviuq III' 6-max Seat #5 is the button
Seat 1: mcgirr4_j ($1.59 in chips) 
Seat 2: Lorpugo ($4.67 in chips) 
Seat 3: Renge Miyauchi ($1.24 in chips) 
Seat 4: kahzura ($2 in chips) 
Seat 5: PS.JuaChi ($4.14 in chips) 
Seat 6: beker1277 ($1.95 in chips) 
beker1277: posts small blind $0.01
mcgirr4_j: posts big blind $0.02
*** HOLE CARDS ***
Dealt to Lorpugo [Qd 3d]
Lorpugo: raises $0.02 to $0.04
Renge Miyauchi: folds 
kahzura: folds 
PS.JuaChi: folds 
beker1277: folds 
mcgirr4_j: calls $0.02
*** FLOP *** [9d Js Kd]
mcgirr4_j: checks 
Lorpugo: checks 
*** TURN *** [9d Js Kd] [7s]
mcgirr4_j: bets $0.09
Lorpugo: calls $0.09
*** RIVER *** [9d Js Kd 7s] [Jc]
mcgirr4_j: bets $0.26
Lorpugo: folds 
Uncalled bet ($0.26) returned to mcgirr4_j
mcgirr4_j collected $0.26 from pot
mcgirr4_j: doesn't show hand 
*** SUMMARY ***
Total pot $0.27 | Rake $0.01 
Board [9d Js Kd 7s Jc]
Seat 1: mcgirr4_j (big blind) collected ($0.26)
Seat 2: Lorpugo folded on the River
Seat 3: Renge Miyauchi folded before Flop (didn't bet)
Seat 4: kahzura folded before Flop (didn't bet)
Seat 5: PS.JuaChi (button) folded before Flop (didn't bet)
Seat 6: beker1277 (small blind) folded before Flop



PokerStars Hand #240917467393:  Hold'em No Limit ($0.01/$0.02 USD) - 2023/01/04 18:38:28 ET
Table 'Kiviuq III' 6-max Seat #6 is the button
Seat 1: mcgirr4_j ($1.72 in chips) 
Seat 2: Lorpugo ($4.54 in chips) 
Seat 3: Renge Miyauchi ($1.24 in chips) 
Seat 4: kahzura ($2 in chips) 
Seat 5: PS.JuaChi ($4.14 in chips) 
Seat 6: beker1277 ($1.94 in chips) 
mcgirr4_j: posts small blind $0.01
Lorpugo: posts big blind $0.02
*** HOLE CARDS ***
Dealt to Lorpugo [7c 8s]
Renge Miyauchi: raises $0.04 to $0.06
kahzura: folds 
PS.JuaChi: folds 
beker1277: folds 
mcgirr4_j: folds 
Lorpugo: calls $0.04
*** FLOP *** [3s Qc 5h]
Lorpugo: bets $0.02
Renge Miyauchi: raises $0.09 to $0.11
Lorpugo: folds 
Uncalled bet ($0.09) returned to Renge Miyauchi
Renge Miyauchi collected $0.16 from pot
Renge Miyauchi: doesn't show hand 
*** SUMMARY ***
Total pot $0.17 | Rake $0.01 
Board [3s Qc 5h]
Seat 1: mcgirr4_j (small blind) folded before Flop
Seat 2: Lorpugo (big blind) folded on the Flop
Seat 3: Renge Miyauchi collected ($0.16)
Seat 4: kahzura folded before Flop (didn't bet)
Seat 5: PS.JuaChi folded before Flop (didn't bet)
Seat 6: beker1277 (button) folded before Flop (didn't bet)



PokerStars Hand #240917483185:  Hold'em No Limit ($0.01/$0.02 USD) - 2023/01/04 18:39:11 ET
Table 'Kiviuq III' 6-max Seat #1 is the button
Seat 1: mcgirr4_j ($1.71 in chips) 
Seat 2: Lorpugo ($4.46 in chips) 
Seat 3: Renge Miyauchi ($1.32 in chips) 
Seat 4: kahzura ($2 in chips) 
Seat 5: PS.JuaChi ($4.14 in chips) 
Seat 6: beker1277 ($1.94 in chips) 
Lorpugo: posts small blind $0.01
Renge Miyauchi: posts big blind $0.02
*** HOLE CARDS ***
Dealt to Lorpugo [6c Ks]
kahzura: folds 
PS.JuaChi: folds 
beker1277: folds 
mcgirr4_j: folds 
Lorpugo: raises $0.03 to $0.05
Renge Miyauchi: calls $0.03
*** FLOP *** [Kd Th 3s]
Lorpugo: bets $0.02
Renge Miyauchi: calls $0.02
*** TURN *** [Kd Th 3s] [2s]
Lorpugo: checks 
Renge Miyauchi: checks 
*** RIVER *** [Kd Th 3s 2s] [Qs]
Lorpugo: bets $0.16
Renge Miyauchi: folds 
Uncalled bet ($0.16) returned to Lorpugo
Lorpugo collected $0.14 from pot
Lorpugo: doesn't show hand 
*** SUMMARY ***
Total pot $0.14 | Rake $0 
Board [Kd Th 3s 2s Qs]
Seat 1: mcgirr4_j (button) folded before Flop (didn't bet)
Seat 2: Lorpugo (small blind) collected ($0.14)
Seat 3: Renge Miyauchi (big blind) folded on the River
Seat 4: kahzura folded before Flop (didn't bet)
Seat 5: PS.JuaChi folded before Flop (didn't bet)
Seat 6: beker1277 folded before Flop (didn't bet)



PokerStars Hand #240917501678:  Hold'em No Limit ($0.01/$0.02 USD) - 2023/01/04 18:40:03 ET
Table 'Kiviuq III' 6-max Seat #2 is the button
Seat 1: mcgirr4_j ($1.71 in chips) 
Seat 2: Lorpugo ($4.53 in chips) 
Seat 3: Renge Miyauchi ($1.25 in chips) 
Seat 4: kahzura ($2 in chips) 
Seat 5: PS.JuaChi ($4.14 in chips) 
Seat 6: beker1277 ($1.94 in chips) 
Renge Miyauchi: posts small blind $0.01
kahzura: posts big blind $0.02
*** HOLE CARDS ***
Dealt to Lorpugo [Ac Jc]
PS.JuaChi: folds 
beker1277: folds 
mcgirr4_j: calls $0.02
Lorpugo: raises $0.08 to $0.10
Renge Miyauchi: folds 
kahzura: folds 
mcgirr4_j: calls $0.08
*** FLOP *** [4s 3c Qh]
mcgirr4_j: checks 
Lorpugo: checks 
*** TURN *** [4s 3c Qh] [3d]
mcgirr4_j: bets $0.22
Lorpugo: folds 
Uncalled bet ($0.22) returned to mcgirr4_j
mcgirr4_j collected $0.22 from pot
mcgirr4_j: doesn't show hand 
*** SUMMARY ***
Total pot $0.23 | Rake $0.01 
Board [4s 3c Qh 3d]
Seat 1: mcgirr4_j collected ($0.22)
Seat 2: Lorpugo (button) folded on the Turn
Seat 3: Renge Miyauchi (small blind) folded before Flop
Seat 4: kahzura (big blind) folded before Flop
Seat 5: PS.JuaChi folded before Flop (didn't bet)
Seat 6: beker1277 folded before Flop (didn't bet)



PokerStars Hand #240917519712:  Hold'em No Limit ($0.01/$0.02 USD) - 2023/01/04 18:40:53 ET
Table 'Kiviuq III' 6-max Seat #3 is the button
Seat 1: mcgirr4_j ($1.83 in chips) 
Seat 2: Lorpugo ($4.43 in chips) 
Seat 3: Renge Miyauchi ($1.24 in chips) 
Seat 4: kahzura ($2 in chips) 
Seat 5: PS.JuaChi ($4.14 in chips) 
Seat 6: beker1277 ($1.94 in chips) 
kahzura: posts small blind $0.01
PS.JuaChi: posts big blind $0.02
*** HOLE CARDS ***
Dealt to Lorpugo [3h 3d]
beker1277: folds 
mcgirr4_j: folds 
Lorpugo: raises $0.03 to $0.05
Renge Miyauchi: calls $0.05
kahzura: folds 
PS.JuaChi: folds 
*** FLOP *** [9c Kc Td]
Lorpugo: checks 
Renge Miyauchi: bets $0.07
Lorpugo: folds 
Uncalled bet ($0.07) returned to Renge Miyauchi
Renge Miyauchi collected $0.13 from pot
Renge Miyauchi: doesn't show hand 
*** SUMMARY ***
Total pot $0.13 | Rake $0 
Board [9c Kc Td]
Seat 1: mcgirr4_j folded before Flop (didn't bet)
Seat 2: Lorpugo folded on the Flop
Seat 3: Renge Miyauchi (button) collected ($0.13)
Seat 4: kahzura (small blind) folded before Flop
Seat 5: PS.JuaChi (big blind) folded before Flop
Seat 6: beker1277 folded before Flop (didn't bet)



PokerStars Hand #240917531588:  Hold'em No Limit ($0.01/$0.02 USD) - 2023/01/04 18:41:26 ET
Table 'Kiviuq III' 6-max Seat #4 is the button
Seat 1: mcgirr4_j ($1.83 in chips) 
Seat 2: Lorpugo ($4.38 in chips) 
Seat 3: Renge Miyauchi ($1.32 in chips) 
Seat 4: kahzura ($2 in chips) 
Seat 5: PS.JuaChi ($4.12 in chips) 
Seat 6: beker1277 ($1.94 in chips) 
PS.JuaChi: posts small blind $0.01
beker1277: posts big blind $0.02
*** HOLE CARDS ***
Dealt to Lorpugo [5c 7c]
mcgirr4_j: calls $0.02
Lorpugo: raises $0.02 to $0.04
Renge Miyauchi: folds 
kahzura: folds 
PS.JuaChi: raises $0.14 to $0.18
beker1277: folds 
mcgirr4_j: calls $0.16
Lorpugo: calls $0.14
*** FLOP *** [4h Kh Th]
PS.JuaChi: bets $0.04
mcgirr4_j: calls $0.04
Lorpugo: calls $0.04
*** TURN *** [4h Kh Th] [4s]
PS.JuaChi: bets $0.06
mcgirr4_j: calls $0.06
Lorpugo: folds 
*** RIVER *** [4h Kh Th 4s] [8d]
PS.JuaChi: bets $0.10
mcgirr4_j: calls $0.10
*** SHOW DOWN ***
PS.JuaChi: shows [9h 9d] (two pair, Nines and Fours)
mcgirr4_j: shows [Jc Ts] (two pair, Tens and Fours)
mcgirr4_j collected $0.96 from pot
*** SUMMARY ***
Total pot $1 | Rake $0.04 
Board [4h Kh Th 4s 8d]
Seat 1: mcgirr4_j showed [Jc Ts] and won ($0.96) with two pair, Tens and Fours
Seat 2: Lorpugo folded on the Turn
Seat 3: Renge Miyauchi folded before Flop (didn't bet)
Seat 4: kahzura (button) folded before Flop (didn't bet)
Seat 5: PS.JuaChi (small blind) showed [9h 9d] and lost with two pair, Nines and Fours
Seat 6: beker1277 (big blind) folded before Flop



PokerStars Hand #240917560567:  Hold'em No Limit ($0.01/$0.02 USD) - 2023/01/04 18:42:48 ET
Table 'Kiviuq III' 6-max Seat #5 is the button
Seat 1: mcgirr4_j ($2.41 in chips) 
Seat 2: Lorpugo ($4.16 in chips) 
Seat 3: Renge Miyauchi ($1.32 in chips) 
Seat 4: kahzura ($2 in chips) 
Seat 5: PS.JuaChi ($3.74 in chips) 
Seat 6: beker1277 ($1.92 in chips) 
beker1277: posts small blind $0.01
mcgirr4_j: posts big blind $0.02
*** HOLE CARDS ***
Dealt to Lorpugo [2c Qd]
Lorpugo: folds 
Renge Miyauchi has timed out
Renge Miyauchi: folds 
kahzura: folds 
PS.JuaChi: folds 
beker1277: folds 
Uncalled bet ($0.01) returned to mcgirr4_j
mcgirr4_j collected $0.02 from pot
mcgirr4_j: doesn't show hand 
*** SUMMARY ***
Total pot $0.02 | Rake $0 
Seat 1: mcgirr4_j (big blind) collected ($0.02)
Seat 2: Lorpugo folded before Flop (didn't bet)
Seat 3: Renge Miyauchi folded before Flop (didn't bet)
Seat 4: kahzura folded before Flop (didn't bet)
Seat 5: PS.JuaChi (button) folded before Flop (didn't bet)
Seat 6: beker1277 (small blind) folded before Flop



PokerStars Hand #240917570137:  Hold'em No Limit ($0.01/$0.02 USD) - 2023/01/04 18:43:15 ET
Table 'Kiviuq III' 6-max Seat #6 is the button
Seat 1: mcgirr4_j ($2.42 in chips) 
Seat 2: Lorpugo ($4.16 in chips) 
Seat 3: Renge Miyauchi ($1.32 in chips) 
Seat 4: kahzura ($2 in chips) 
Seat 5: PS.JuaChi ($3.74 in chips) 
Seat 6: beker1277 ($1.91 in chips) 
mcgirr4_j: posts small blind $0.01
Lorpugo: posts big blind $0.02
*** HOLE CARDS ***
Dealt to Lorpugo [Ad Jd]
Renge Miyauchi: raises $0.03 to $0.05
kahzura: folds 
PS.JuaChi: folds 
beker1277: folds 
mcgirr4_j: folds 
Lorpugo: raises $0.03 to $0.08
Renge Miyauchi: calls $0.03
*** FLOP *** [5c Kh Ah]
Lorpugo: bets $0.02
Renge Miyauchi: calls $0.02
*** TURN *** [5c Kh Ah] [Th]
Lorpugo: bets $4.06 and is all-in
Renge Miyauchi: folds 
Uncalled bet ($4.06) returned to Lorpugo
Lorpugo collected $0.20 from pot
Lorpugo: doesn't show hand 
*** SUMMARY ***
Total pot $0.21 | Rake $0.01 
Board [5c Kh Ah Th]
Seat 1: mcgirr4_j (small blind) folded before Flop
Seat 2: Lorpugo (big blind) collected ($0.20)
Seat 3: Renge Miyauchi folded on the Turn
Seat 4: kahzura folded before Flop (didn't bet)
Seat 5: PS.JuaChi folded before Flop (didn't bet)
Seat 6: beker1277 (button) folded before Flop (didn't bet)



PokerStars Hand #240917586488:  Hold'em No Limit ($0.01/$0.02 USD) - 2023/01/04 18:44:01 ET
Table 'Kiviuq III' 6-max Seat #1 is the button
Seat 1: mcgirr4_j ($2.41 in chips) 
Seat 2: Lorpugo ($4.26 in chips) 
Seat 3: Renge Miyauchi ($1.22 in chips) 
Seat 4: kahzura ($2 in chips) 
Seat 5: PS.JuaChi ($3.74 in chips) 
Seat 6: beker1277 ($1.91 in chips) 
Lorpugo: posts small blind $0.01
Renge Miyauchi: posts big blind $0.02
*** HOLE CARDS ***
Dealt to Lorpugo [Th 4h]
kahzura: calls $0.02
PS.JuaChi: folds 
beker1277: folds 
mcgirr4_j: folds 
Lorpugo: calls $0.01
Renge Miyauchi: raises $0.04 to $0.06
kahzura: calls $0.04
Lorpugo: calls $0.04
*** FLOP *** [Qc 5c 2s]
Lorpugo: checks 
Renge Miyauchi: checks 
kahzura: checks 
*** TURN *** [Qc 5c 2s] [Ah]
Lorpugo: bets $0.22
Renge Miyauchi: folds 
kahzura: folds 
Uncalled bet ($0.22) returned to Lorpugo
Lorpugo collected $0.17 from pot
Lorpugo: doesn't show hand 
*** SUMMARY ***
Total pot $0.18 | Rake $0.01 
Board [Qc 5c 2s Ah]
Seat 1: mcgirr4_j (button) folded before Flop (didn't bet)
Seat 2: Lorpugo (small blind) collected ($0.17)
Seat 3: Renge Miyauchi (big blind) folded on the Turn
Seat 4: kahzura folded on the Turn
Seat 5: PS.JuaChi folded before Flop (didn't bet)
Seat 6: beker1277 folded before Flop (didn't bet)



PokerStars Hand #240917614957:  Hold'em No Limit ($0.01/$0.02 USD) - 2023/01/04 18:45:23 ET
Table 'Kiviuq III' 6-max Seat #2 is the button
Seat 1: mcgirr4_j ($2.41 in chips) 
Seat 2: Lorpugo ($4.37 in chips) 
Seat 3: Renge Miyauchi ($1.16 in chips) 
Seat 4: kahzura ($2 in chips) 
Seat 5: PS.JuaChi ($3.74 in chips) 
Seat 6: beker1277 ($1.91 in chips) 
Renge Miyauchi: posts small blind $0.01
kahzura: posts big blind $0.02
*** HOLE CARDS ***
Dealt to Lorpugo [Td Qs]
PS.JuaChi: raises $0.04 to $0.06
beker1277: folds 
mcgirr4_j: folds 
Lorpugo: calls $0.06
Renge Miyauchi: folds 
kahzura: folds 
*** FLOP *** [8h 6c 6h]
PS.JuaChi: bets $0.02
Lorpugo: raises $0.02 to $0.04
PS.JuaChi: calls $0.02
*** TURN *** [8h 6c 6h] [8c]
PS.JuaChi: checks 
Lorpugo: bets $0.10
PS.JuaChi: calls $0.10
*** RIVER *** [8h 6c 6h 8c] [Th]
PS.JuaChi: checks 
Lorpugo: checks 
*** SHOW DOWN ***
PS.JuaChi: shows [Kd Ad] (two pair, Eights and Sixes)
Lorpugo: shows [Td Qs] (two pair, Tens and Eights)
Lorpugo collected $0.41 from pot
*** SUMMARY ***
Total pot $0.43 | Rake $0.02 
Board [8h 6c 6h 8c Th]
Seat 1: mcgirr4_j folded before Flop (didn't bet)
Seat 2: Lorpugo (button) showed [Td Qs] and won ($0.41) with two pair, Tens and Eights
Seat 3: Renge Miyauchi (small blind) folded before Flop
Seat 4: kahzura (big blind) folded before Flop
Seat 5: PS.JuaChi showed [Kd Ad] and lost with two pair, Eights and Sixes
Seat 6: beker1277 folded before Flop (didn't bet)



PokerStars Hand #240917631173:  Hold'em No Limit ($0.01/$0.02 USD) - 2023/01/04 18:46:10 ET
Table 'Kiviuq III' 6-max Seat #3 is the button
Seat 1: mcgirr4_j ($2.41 in chips) 
Seat 2: Lorpugo ($4.58 in chips) 
Seat 3: Renge Miyauchi ($1.15 in chips) 
Seat 4: kahzura ($2 in chips) 
Seat 6: beker1277 ($1.91 in chips) 
kahzura: posts small blind $0.01
beker1277: posts big blind $0.02
*** HOLE CARDS ***
Dealt to Lorpugo [Ah 7d]
PS.JuaChi leaves the table
mcgirr4_j: folds 
Lorpugo: raises $0.03 to $0.05
Renge Miyauchi has timed out
Renge Miyauchi: folds 
kahzura: raises $0.17 to $0.22
beker1277: folds 
Lorpugo: folds 
Uncalled bet ($0.17) returned to kahzura
kahzura collected $0.12 from pot
kahzura: doesn't show hand 
*** SUMMARY ***
Total pot $0.12 | Rake $0 
Seat 1: mcgirr4_j folded before Flop (didn't bet)
Seat 2: Lorpugo folded before Flop
Seat 3: Renge Miyauchi (button) folded before Flop (didn't bet)
Seat 4: kahzura (small blind) collected ($0.12)
Seat 6: beker1277 (big blind) folded before Flop



PokerStars Hand #240917643564:  Hold'em No Limit ($0.01/$0.02 USD) - 2023/01/04 18:46:46 ET
Table 'Kiviuq III' 6-max Seat #4 is the button
Seat 1: mcgirr4_j ($2.41 in chips) 
Seat 2: Lorpugo ($4.53 in chips) 
Seat 3: Renge Miyauchi ($1.15 in chips) 
Seat 4: kahzura ($2.07 in chips) 
Seat 6: beker1277 ($1.89 in chips) 
beker1277: posts small blind $0.01
Ocklog joins the table at seat #5 
mcgirr4_j: posts big blind $0.02
*** HOLE CARDS ***
Dealt to Lorpugo [Tc 9h]
Lorpugo: raises $0.02 to $0.04
Renge Miyauchi: folds 
kahzura: folds 
beker1277: calls $0.03
mcgirr4_j: calls $0.02
*** FLOP *** [7c 8s 8d]
beker1277: checks 
mcgirr4_j: checks 
Lorpugo: bets $0.06
beker1277: folds 
mcgirr4_j: folds 
Uncalled bet ($0.06) returned to Lorpugo
Lorpugo collected $0.12 from pot
Lorpugo: doesn't show hand 
*** SUMMARY ***
Total pot $0.12 | Rake $0 
Board [7c 8s 8d]
Seat 1: mcgirr4_j (big blind) folded on the Flop
Seat 2: Lorpugo collected ($0.12)
Seat 3: Renge Miyauchi folded before Flop (didn't bet)
Seat 4: kahzura (button) folded before Flop (didn't bet)
Seat 6: beker1277 (small blind) folded on the Flop



PokerStars Hand #240917668436:  Hold'em No Limit ($0.01/$0.02 USD) - 2023/01/04 18:47:58 ET
Table 'Kiviuq III' 6-max Seat #6 is the button
Seat 1: mcgirr4_j ($2.37 in chips) 
Seat 2: Lorpugo ($4.61 in chips) 
Seat 3: Renge Miyauchi ($1.15 in chips) 
Seat 4: kahzura ($2.07 in chips) 
Seat 6: beker1277 ($1.85 in chips) 
mcgirr4_j: posts small blind $0.01
Lorpugo: posts big blind $0.02
*** HOLE CARDS ***
Dealt to Lorpugo [2h 6d]
Renge Miyauchi: folds 
kahzura: folds 
beker1277: raises $0.02 to $0.04
mcgirr4_j: calls $0.03
Lorpugo: folds 
*** FLOP *** [Th 6h 8d]
mcgirr4_j: checks 
beker1277: bets $0.04
mcgirr4_j: raises $0.04 to $0.08
beker1277: folds 
Uncalled bet ($0.04) returned to mcgirr4_j
mcgirr4_j collected $0.17 from pot
mcgirr4_j: doesn't show hand 
*** SUMMARY ***
Total pot $0.18 | Rake $0.01 
Board [Th 6h 8d]
Seat 1: mcgirr4_j (small blind) collected ($0.17)
Seat 2: Lorpugo (big blind) folded before Flop
Seat 3: Renge Miyauchi folded before Flop (didn't bet)
Seat 4: kahzura folded before Flop (didn't bet)
Seat 6: beker1277 (button) folded on the Flop



PokerStars Hand #240917681463:  Hold'em No Limit ($0.01/$0.02 USD) - 2023/01/04 18:48:35 ET
Table 'Kiviuq III' 6-max Seat #1 is the button
Seat 1: mcgirr4_j ($2.46 in chips) 
Seat 2: Lorpugo ($4.59 in chips) 
Seat 3: Renge Miyauchi ($1.15 in chips) 
Seat 4: kahzura ($2.07 in chips) 
Seat 6: beker1277 ($1.77 in chips) 
Lorpugo: posts small blind $0.01
Renge Miyauchi: posts big blind $0.02
*** HOLE CARDS ***
Dealt to Lorpugo [Td 4s]
kahzura: folds 
beker1277: folds 
mcgirr4_j: folds 
Lorpugo: raises $0.03 to $0.05
Renge Miyauchi: calls $0.03
*** FLOP *** [Js 5s 7s]
Lorpugo: bets $0.02
Renge Miyauchi: raises $0.05 to $0.07
Lorpugo: calls $0.05
*** TURN *** [Js 5s 7s] [Ah]
Lorpugo: checks 
Renge Miyauchi: checks 
*** RIVER *** [Js 5s 7s Ah] [7c]
Lorpugo: checks 
Renge Miyauchi: checks 
*** SHOW DOWN ***
Lorpugo: shows [Td 4s] (a pair of Sevens)
Renge Miyauchi: shows [Jd 4c] (two pair, Jacks and Sevens)
Renge Miyauchi collected $0.23 from pot
*** SUMMARY ***
Total pot $0.24 | Rake $0.01 
Board [Js 5s 7s Ah 7c]
Seat 1: mcgirr4_j (button) folded before Flop (didn't bet)
Seat 2: Lorpugo (small blind) showed [Td 4s] and lost with a pair of Sevens
Seat 3: Renge Miyauchi (big blind) showed [Jd 4c] and won ($0.23) with two pair, Jacks and Sevens
Seat 4: kahzura folded before Flop (didn't bet)
Seat 6: beker1277 folded before Flop (didn't bet)



