PokerStars Hand #240796603100:  Hold'em No Limit ($0.01/$0.02 USD) - 2022/12/30 11:05:05 ET
Table 'Struveana II' 6-max Seat #1 is the button
Seat 1: Marola93 ($2 in chips) 
Seat 2: Delbroek ($0.81 in chips) 
Seat 4: Lorpugo ($1.60 in chips) 
Seat 5: Viniciusp1991 ($1.98 in chips) 
Seat 6: Kayzee1881 ($2.70 in chips) 
Delbroek: posts small blind $0.01
Lorpugo: posts big blind $0.02
*** HOLE CARDS ***
Dealt to Lorpugo [Kd 9h]
HJBP1995 joins the table at seat #3 
Viniciusp1991: folds 
Kayzee1881: folds 
Marola93: folds 
Delbroek: calls $0.01
Lorpugo: checks 
*** FLOP *** [Js 2h 4s]
Delbroek: checks 
Lorpugo: bets $0.02
Delbroek: folds 
Uncalled bet ($0.02) returned to Lorpugo
Lorpugo collected $0.04 from pot
Lorpugo: doesn't show hand 
*** SUMMARY ***
Total pot $0.04 | Rake $0 
Board [Js 2h 4s]
Seat 1: Marola93 (button) folded before Flop (didn't bet)
Seat 2: Delbroek (small blind) folded on the Flop
Seat 4: Lorpugo (big blind) collected ($0.04)
Seat 5: Viniciusp1991 folded before Flop (didn't bet)
Seat 6: Kayzee1881 folded before Flop (didn't bet)



PokerStars Hand #240796612298:  Hold'em No Limit ($0.01/$0.02 USD) - 2022/12/30 11:05:35 ET
Table 'Struveana II' 6-max Seat #2 is the button
Seat 1: Marola93 ($2 in chips) 
Seat 2: Delbroek ($0.79 in chips) 
Seat 4: Lorpugo ($1.62 in chips) 
Seat 5: Viniciusp1991 ($1.98 in chips) 
Seat 6: Kayzee1881 ($2.70 in chips) 
Lorpugo: posts small blind $0.01
Viniciusp1991: posts big blind $0.02
*** HOLE CARDS ***
Dealt to Lorpugo [Jc Qd]
Kayzee1881: folds 
Marola93: folds 
Delbroek: calls $0.02
Lorpugo: raises $0.08 to $0.10
Viniciusp1991: folds 
Delbroek: folds 
Uncalled bet ($0.08) returned to Lorpugo
Lorpugo collected $0.06 from pot
Lorpugo: doesn't show hand 
*** SUMMARY ***
Total pot $0.06 | Rake $0 
Seat 1: Marola93 folded before Flop (didn't bet)
Seat 2: Delbroek (button) folded before Flop
Seat 4: Lorpugo (small blind) collected ($0.06)
Seat 5: Viniciusp1991 (big blind) folded before Flop
Seat 6: Kayzee1881 folded before Flop (didn't bet)



PokerStars Hand #240796624092:  Hold'em No Limit ($0.01/$0.02 USD) - 2022/12/30 11:06:14 ET
Table 'Struveana II' 6-max Seat #4 is the button
Seat 1: Marola93 ($2 in chips) 
Seat 2: Delbroek ($0.77 in chips) 
Seat 4: Lorpugo ($1.66 in chips) 
Seat 5: Viniciusp1991 ($1.96 in chips) 
Seat 6: Kayzee1881 ($2.70 in chips) 
Viniciusp1991: posts small blind $0.01
Kayzee1881: posts big blind $0.02
*** HOLE CARDS ***
Dealt to Lorpugo [9h 4c]
Marola93: folds 
Delbroek: calls $0.02
Lorpugo: folds 
Viniciusp1991: calls $0.01
Kayzee1881: raises $0.02 to $0.04
Delbroek: calls $0.02
Viniciusp1991: folds 
*** FLOP *** [7h Js 6d]
Kayzee1881: checks 
Delbroek: checks 
*** TURN *** [7h Js 6d] [7s]
Kayzee1881: bets $0.02
Delbroek: calls $0.02
*** RIVER *** [7h Js 6d 7s] [3d]
Kayzee1881: bets $0.14
Delbroek: folds 
Uncalled bet ($0.14) returned to Kayzee1881
Kayzee1881 collected $0.14 from pot
*** SUMMARY ***
Total pot $0.14 | Rake $0 
Board [7h Js 6d 7s 3d]
Seat 1: Marola93 folded before Flop (didn't bet)
Seat 2: Delbroek folded on the River
Seat 4: Lorpugo (button) folded before Flop (didn't bet)
Seat 5: Viniciusp1991 (small blind) folded before Flop
Seat 6: Kayzee1881 (big blind) collected ($0.14)



PokerStars Hand #240796635207:  Hold'em No Limit ($0.01/$0.02 USD) - 2022/12/30 11:06:50 ET
Table 'Struveana II' 6-max Seat #5 is the button
Seat 1: Marola93 ($2 in chips) 
Seat 2: Delbroek ($0.71 in chips) 
Seat 4: Lorpugo ($1.66 in chips) 
Seat 5: Viniciusp1991 ($1.94 in chips) 
Seat 6: Kayzee1881 ($2.78 in chips) 
Kayzee1881: posts small blind $0.01
Marola93: posts big blind $0.02
*** HOLE CARDS ***
Dealt to Lorpugo [6c 2h]
Delbroek: calls $0.02
Lorpugo: folds 
Viniciusp1991: folds 
Kayzee1881: folds 
Marola93: checks 
*** FLOP *** [Ac 6s 5h]
Marola93: checks 
Delbroek: checks 
*** TURN *** [Ac 6s 5h] [8c]
Marola93: checks 
Delbroek: bets $0.02
Marola93: calls $0.02
*** RIVER *** [Ac 6s 5h 8c] [7h]
Marola93: checks 
Delbroek: bets $0.02
Marola93: folds 
Uncalled bet ($0.02) returned to Delbroek
Delbroek collected $0.09 from pot
*** SUMMARY ***
Total pot $0.09 | Rake $0 
Board [Ac 6s 5h 8c 7h]
Seat 1: Marola93 (big blind) folded on the River
Seat 2: Delbroek collected ($0.09)
Seat 4: Lorpugo folded before Flop (didn't bet)
Seat 5: Viniciusp1991 (button) folded before Flop (didn't bet)
Seat 6: Kayzee1881 (small blind) folded before Flop



PokerStars Hand #240796643931:  Hold'em No Limit ($0.01/$0.02 USD) - 2022/12/30 11:07:17 ET
Table 'Struveana II' 6-max Seat #6 is the button
Seat 1: Marola93 ($2 in chips) 
Seat 2: Delbroek ($0.76 in chips) 
Seat 4: Lorpugo ($1.66 in chips) 
Seat 5: Viniciusp1991 ($1.94 in chips) 
Seat 6: Kayzee1881 ($2.77 in chips) 
Marola93: posts small blind $0.01
Delbroek: posts big blind $0.02
*** HOLE CARDS ***
Dealt to Lorpugo [Ah Th]
Lorpugo: raises $0.04 to $0.06
Viniciusp1991: folds 
Kayzee1881: calls $0.06
Marola93: folds 
Delbroek: folds 
*** FLOP *** [8h Ts Td]
Lorpugo: bets $0.07
Kayzee1881: folds 
Uncalled bet ($0.07) returned to Lorpugo
Lorpugo collected $0.14 from pot
Lorpugo: doesn't show hand 
*** SUMMARY ***
Total pot $0.15 | Rake $0.01 
Board [8h Ts Td]
Seat 1: Marola93 (small blind) folded before Flop
Seat 2: Delbroek (big blind) folded before Flop
Seat 4: Lorpugo collected ($0.14)
Seat 5: Viniciusp1991 folded before Flop (didn't bet)
Seat 6: Kayzee1881 (button) folded on the Flop



PokerStars Hand #240796652029:  Hold'em No Limit ($0.01/$0.02 USD) - 2022/12/30 11:07:43 ET
Table 'Struveana II' 6-max Seat #1 is the button
Seat 1: Marola93 ($2 in chips) 
Seat 2: Delbroek ($0.74 in chips) 
Seat 3: HJBP1995 ($2 in chips) 
Seat 4: Lorpugo ($1.74 in chips) 
Seat 5: Viniciusp1991 ($1.94 in chips) 
Seat 6: Kayzee1881 ($2.71 in chips) 
Delbroek: posts small blind $0.01
HJBP1995: posts big blind $0.02
*** HOLE CARDS ***
Dealt to Lorpugo [2d 5h]
Lorpugo: folds 
Viniciusp1991: calls $0.02
Kayzee1881: folds 
Marola93: folds 
Delbroek: calls $0.01
HJBP1995: checks 
*** FLOP *** [3h 2s 9c]
Delbroek: checks 
HJBP1995: bets $0.06
Viniciusp1991: folds 
Delbroek: folds 
Uncalled bet ($0.06) returned to HJBP1995
HJBP1995 collected $0.06 from pot
HJBP1995: doesn't show hand 
*** SUMMARY ***
Total pot $0.06 | Rake $0 
Board [3h 2s 9c]
Seat 1: Marola93 (button) folded before Flop (didn't bet)
Seat 2: Delbroek (small blind) folded on the Flop
Seat 3: HJBP1995 (big blind) collected ($0.06)
Seat 4: Lorpugo folded before Flop (didn't bet)
Seat 5: Viniciusp1991 folded on the Flop
Seat 6: Kayzee1881 folded before Flop (didn't bet)



PokerStars Hand #240796664100:  Hold'em No Limit ($0.01/$0.02 USD) - 2022/12/30 11:08:22 ET
Table 'Struveana II' 6-max Seat #2 is the button
Seat 1: Marola93 ($2 in chips) 
Seat 2: Delbroek ($0.72 in chips) 
Seat 3: HJBP1995 ($2.04 in chips) 
Seat 4: Lorpugo ($1.74 in chips) 
Seat 5: Viniciusp1991 ($1.92 in chips) 
Seat 6: Kayzee1881 ($2.71 in chips) 
HJBP1995: posts small blind $0.01
Lorpugo: posts big blind $0.02
*** HOLE CARDS ***
Dealt to Lorpugo [4c 8s]
Viniciusp1991: folds 
Kayzee1881: raises $0.02 to $0.04
Marola93: calls $0.04
Delbroek: calls $0.04
HJBP1995: folds 
Lorpugo: folds 
*** FLOP *** [Ah 8c 3c]
Kayzee1881: checks 
Marola93: checks 
Delbroek: checks 
*** TURN *** [Ah 8c 3c] [8d]
Kayzee1881: checks 
Marola93: checks 
Delbroek: checks 
*** RIVER *** [Ah 8c 3c 8d] [5h]
Kayzee1881: bets $0.04
Marola93: folds 
Delbroek: calls $0.04
*** SHOW DOWN ***
Kayzee1881: shows [Kh Ac] (two pair, Aces and Eights)
Delbroek: mucks hand 
Kayzee1881 collected $0.22 from pot
*** SUMMARY ***
Total pot $0.23 | Rake $0.01 
Board [Ah 8c 3c 8d 5h]
Seat 1: Marola93 folded on the River
Seat 2: Delbroek (button) mucked [2s 5s]
Seat 3: HJBP1995 (small blind) folded before Flop
Seat 4: Lorpugo (big blind) folded before Flop
Seat 5: Viniciusp1991 folded before Flop (didn't bet)
Seat 6: Kayzee1881 showed [Kh Ac] and won ($0.22) with two pair, Aces and Eights



PokerStars Hand #240796674933:  Hold'em No Limit ($0.01/$0.02 USD) - 2022/12/30 11:08:56 ET
Table 'Struveana II' 6-max Seat #3 is the button
Seat 1: Marola93 ($2 in chips) 
Seat 2: Delbroek ($0.64 in chips) 
Seat 3: HJBP1995 ($2.03 in chips) 
Seat 4: Lorpugo ($1.72 in chips) 
Seat 5: Viniciusp1991 ($1.92 in chips) 
Seat 6: Kayzee1881 ($2.85 in chips) 
Lorpugo: posts small blind $0.01
Viniciusp1991: posts big blind $0.02
*** HOLE CARDS ***
Dealt to Lorpugo [Td 9d]
Kayzee1881: calls $0.02
Marola93: folds 
Delbroek: calls $0.02
HJBP1995: folds 
Lorpugo: raises $0.08 to $0.10
Viniciusp1991: folds 
Kayzee1881: calls $0.08
Delbroek: folds 
*** FLOP *** [4c 3c 9c]
Lorpugo: bets $1.62 and is all-in
Kayzee1881: folds 
Uncalled bet ($1.62) returned to Lorpugo
Lorpugo collected $0.23 from pot
Lorpugo: doesn't show hand 
*** SUMMARY ***
Total pot $0.24 | Rake $0.01 
Board [4c 3c 9c]
Seat 1: Marola93 folded before Flop (didn't bet)
Seat 2: Delbroek folded before Flop
Seat 3: HJBP1995 (button) folded before Flop (didn't bet)
Seat 4: Lorpugo (small blind) collected ($0.23)
Seat 5: Viniciusp1991 (big blind) folded before Flop
Seat 6: Kayzee1881 folded on the Flop



PokerStars Hand #240796686047:  Hold'em No Limit ($0.01/$0.02 USD) - 2022/12/30 11:09:31 ET
Table 'Struveana II' 6-max Seat #4 is the button
Seat 1: Marola93 ($2 in chips) 
Seat 2: Delbroek ($0.62 in chips) 
Seat 3: HJBP1995 ($2.03 in chips) 
Seat 4: Lorpugo ($1.85 in chips) 
Seat 5: Viniciusp1991 ($1.90 in chips) 
Seat 6: Kayzee1881 ($2.75 in chips) 
Viniciusp1991: posts small blind $0.01
Kayzee1881: posts big blind $0.02
*** HOLE CARDS ***
Dealt to Lorpugo [2h Tc]
Marola93: raises $0.04 to $0.06
Delbroek: folds 
HJBP1995: folds 
Lorpugo: folds 
Viniciusp1991: folds 
Kayzee1881: calls $0.04
*** FLOP *** [Ac Kh 3d]
Kayzee1881: checks 
Marola93: checks 
*** TURN *** [Ac Kh 3d] [Ks]
Kayzee1881: checks 
Marola93: bets $0.07
Kayzee1881: calls $0.07
*** RIVER *** [Ac Kh 3d Ks] [9d]
Kayzee1881: checks 
Marola93: checks 
*** SHOW DOWN ***
Kayzee1881: shows [As 6s] (two pair, Aces and Kings)
Marola93: mucks hand 
Kayzee1881 collected $0.26 from pot
*** SUMMARY ***
Total pot $0.27 | Rake $0.01 
Board [Ac Kh 3d Ks 9d]
Seat 1: Marola93 mucked [4d 4h]
Seat 2: Delbroek folded before Flop (didn't bet)
Seat 3: HJBP1995 folded before Flop (didn't bet)
Seat 4: Lorpugo (button) folded before Flop (didn't bet)
Seat 5: Viniciusp1991 (small blind) folded before Flop
Seat 6: Kayzee1881 (big blind) showed [As 6s] and won ($0.26) with two pair, Aces and Kings



PokerStars Hand #240796695932:  Hold'em No Limit ($0.01/$0.02 USD) - 2022/12/30 11:10:03 ET
Table 'Struveana II' 6-max Seat #5 is the button
Seat 1: Marola93 ($2 in chips) 
Seat 2: Delbroek ($0.62 in chips) 
Seat 3: HJBP1995 ($2.03 in chips) 
Seat 4: Lorpugo ($1.85 in chips) 
Seat 5: Viniciusp1991 ($1.89 in chips) 
Seat 6: Kayzee1881 ($2.88 in chips) 
Kayzee1881: posts small blind $0.01
Marola93: posts big blind $0.02
*** HOLE CARDS ***
Dealt to Lorpugo [6c 6s]
Delbroek: calls $0.02
HJBP1995: folds 
Lorpugo: raises $0.04 to $0.06
Viniciusp1991: folds 
Kayzee1881: calls $0.05
Marola93: folds 
Delbroek: calls $0.04
*** FLOP *** [2c 6h Js]
Kayzee1881: checks 
Delbroek: checks 
Lorpugo: bets $0.10
Kayzee1881: folds 
Delbroek: folds 
Uncalled bet ($0.10) returned to Lorpugo
Lorpugo collected $0.19 from pot
Lorpugo: doesn't show hand 
*** SUMMARY ***
Total pot $0.20 | Rake $0.01 
Board [2c 6h Js]
Seat 1: Marola93 (big blind) folded before Flop
Seat 2: Delbroek folded on the Flop
Seat 3: HJBP1995 folded before Flop (didn't bet)
Seat 4: Lorpugo collected ($0.19)
Seat 5: Viniciusp1991 (button) folded before Flop (didn't bet)
Seat 6: Kayzee1881 (small blind) folded on the Flop



