PokerStars Hand #240641489318:  Hold'em No Limit ($0.01/$0.02 USD) - 2022/12/23 11:07:23 ET
Table 'Phereclos II' 6-max Seat #6 is the button
Seat 1: seheriff1998 ($3.24 in chips) 
Seat 2: Lorpugo ($1.60 in chips) 
Seat 4: Rozsu ($1.34 in chips) 
Seat 6: Volkoff_V_A ($2 in chips) 
seheriff1998: posts small blind $0.01
Lorpugo: posts big blind $0.02
*** HOLE CARDS ***
Dealt to Lorpugo [3h 7d]
Rozsu: calls $0.02
Volkoff_V_A: raises $0.07 to $0.09
seheriff1998: calls $0.08
Lorpugo: folds 
Rozsu: raises $0.29 to $0.38
Volkoff_V_A: folds 
seheriff1998: calls $0.29
*** FLOP *** [9s 6d Qd]
seheriff1998: bets $0.42
Rozsu: raises $0.54 to $0.96 and is all-in
seheriff1998: calls $0.54
*** TURN *** [9s 6d Qd] [Qs]
*** RIVER *** [9s 6d Qd Qs] [3c]
*** SHOW DOWN ***
seheriff1998: shows [Ad Jd] (a pair of Queens)
Rozsu: shows [Kc Jc] (a pair of Queens - lower kicker)
seheriff1998 collected $2.69 from pot
*** SUMMARY ***
Total pot $2.79 | Rake $0.10 
Board [9s 6d Qd Qs 3c]
Seat 1: seheriff1998 (small blind) showed [Ad Jd] and won ($2.69) with a pair of Queens
Seat 2: Lorpugo (big blind) folded before Flop
Seat 4: Rozsu showed [Kc Jc] and lost with a pair of Queens
Seat 6: Volkoff_V_A (button) folded before Flop



PokerStars Hand #240641505735:  Hold'em No Limit ($0.01/$0.02 USD) - 2022/12/23 11:08:19 ET
Table 'Phereclos II' 6-max Seat #1 is the button
Seat 1: seheriff1998 ($4.59 in chips) 
Seat 2: Lorpugo ($1.58 in chips) 
Seat 3: oo1111oo ($2 in chips) 
Seat 6: Volkoff_V_A ($2 in chips) 
Lorpugo: posts small blind $0.01
oo1111oo: posts big blind $0.02
*** HOLE CARDS ***
Dealt to Lorpugo [3h 6s]
Volkoff_V_A: folds 
seheriff1998: raises $0.04 to $0.06
Lorpugo: folds 
oo1111oo: folds 
Uncalled bet ($0.04) returned to seheriff1998
seheriff1998 collected $0.05 from pot
seheriff1998: doesn't show hand 
*** SUMMARY ***
Total pot $0.05 | Rake $0 
Seat 1: seheriff1998 (button) collected ($0.05)
Seat 2: Lorpugo (small blind) folded before Flop
Seat 3: oo1111oo (big blind) folded before Flop
Seat 6: Volkoff_V_A folded before Flop (didn't bet)



PokerStars Hand #240641508627:  Hold'em No Limit ($0.01/$0.02 USD) - 2022/12/23 11:08:29 ET
Table 'Phereclos II' 6-max Seat #2 is the button
Seat 1: seheriff1998 ($4.62 in chips) 
Seat 2: Lorpugo ($1.57 in chips) 
Seat 3: oo1111oo ($1.98 in chips) 
Seat 4: Rozsu ($0.80 in chips) 
Seat 6: Volkoff_V_A ($2 in chips) 
oo1111oo: posts small blind $0.01
Rozsu: posts big blind $0.02
*** HOLE CARDS ***
Dealt to Lorpugo [Qc Ks]
Volkoff_V_A: folds 
seheriff1998: raises $0.02 to $0.04
Lorpugo: raises $0.11 to $0.15
oo1111oo: folds 
Rozsu: folds 
seheriff1998: calls $0.11
*** FLOP *** [Ah 7s 2c]
seheriff1998: checks 
Lorpugo: bets $0.16
seheriff1998: calls $0.16
*** TURN *** [Ah 7s 2c] [Qs]
seheriff1998: checks 
Lorpugo: checks 
*** RIVER *** [Ah 7s 2c Qs] [9c]
seheriff1998: checks 
Lorpugo: checks 
*** SHOW DOWN ***
seheriff1998: shows [2s 4s] (a pair of Deuces)
Lorpugo: shows [Qc Ks] (a pair of Queens)
Lorpugo collected $0.63 from pot
*** SUMMARY ***
Total pot $0.65 | Rake $0.02 
Board [Ah 7s 2c Qs 9c]
Seat 1: seheriff1998 showed [2s 4s] and lost with a pair of Deuces
Seat 2: Lorpugo (button) showed [Qc Ks] and won ($0.63) with a pair of Queens
Seat 3: oo1111oo (small blind) folded before Flop
Seat 4: Rozsu (big blind) folded before Flop
Seat 6: Volkoff_V_A folded before Flop (didn't bet)



PokerStars Hand #240641521665:  Hold'em No Limit ($0.01/$0.02 USD) - 2022/12/23 11:09:14 ET
Table 'Phereclos II' 6-max Seat #3 is the button
Seat 1: seheriff1998 ($4.31 in chips) 
Seat 2: Lorpugo ($1.89 in chips) 
Seat 3: oo1111oo ($1.97 in chips) 
Seat 4: Rozsu ($0.78 in chips) 
Seat 5: coolest dino ($2 in chips) 
Seat 6: Volkoff_V_A ($2 in chips) 
Rozsu: posts small blind $0.01
coolest dino: posts big blind $0.02
*** HOLE CARDS ***
Dealt to Lorpugo [8c 2d]
Volkoff_V_A: folds 
seheriff1998: raises $0.02 to $0.04
Lorpugo: folds 
oo1111oo: folds 
Rozsu: calls $0.03
coolest dino: raises $0.18 to $0.22
seheriff1998: folds 
Rozsu: calls $0.18
*** FLOP *** [9d 5h 5s]
Rozsu: checks 
coolest dino: bets $0.15
Rozsu: folds 
Uncalled bet ($0.15) returned to coolest dino
coolest dino collected $0.46 from pot
coolest dino: doesn't show hand 
*** SUMMARY ***
Total pot $0.48 | Rake $0.02 
Board [9d 5h 5s]
Seat 1: seheriff1998 folded before Flop
Seat 2: Lorpugo folded before Flop (didn't bet)
Seat 3: oo1111oo (button) folded before Flop (didn't bet)
Seat 4: Rozsu (small blind) folded on the Flop
Seat 5: coolest dino (big blind) collected ($0.46)
Seat 6: Volkoff_V_A folded before Flop (didn't bet)



