PokerStars Hand #240916789754:  Hold'em No Limit ($0.01/$0.02 USD) - 2023/01/04 18:08:23 ET
Table 'Eulalia II' 6-max Seat #5 is the button
Seat 1: Lorpugo ($1.60 in chips) 
Seat 3: Toonaturner ($0.89 in chips) 
Seat 4: BinBetrunken ($2.44 in chips) 
Seat 5: Hvat ($1.84 in chips) 
Seat 6: Kunet ($2.03 in chips) 
Kunet: posts small blind $0.01
Lorpugo: posts big blind $0.02
*** HOLE CARDS ***
Dealt to Lorpugo [2d 6d]
Toonaturner: folds 
BinBetrunken: folds 
Hvat: folds 
Kunet: folds 
Uncalled bet ($0.01) returned to Lorpugo
Lorpugo collected $0.02 from pot
Lorpugo: doesn't show hand 
*** SUMMARY ***
Total pot $0.02 | Rake $0 
Seat 1: Lorpugo (big blind) collected ($0.02)
Seat 3: Toonaturner folded before Flop (didn't bet)
Seat 4: BinBetrunken folded before Flop (didn't bet)
Seat 5: Hvat (button) folded before Flop (didn't bet)
Seat 6: Kunet (small blind) folded before Flop



PokerStars Hand #240916794405:  Hold'em No Limit ($0.01/$0.02 USD) - 2023/01/04 18:08:35 ET
Table 'Eulalia II' 6-max Seat #6 is the button
Seat 1: Lorpugo ($1.61 in chips) 
Seat 3: Toonaturner ($0.89 in chips) 
Seat 4: BinBetrunken ($2.44 in chips) 
Seat 5: Hvat ($1.84 in chips) 
Seat 6: Kunet ($2.02 in chips) 
Lorpugo: posts small blind $0.01
Toonaturner: posts big blind $0.02
*** HOLE CARDS ***
Dealt to Lorpugo [Jd As]
BinBetrunken: folds 
Hvat: folds 
Kunet: folds 
Lorpugo: raises $0.03 to $0.05
Toonaturner: folds 
Uncalled bet ($0.03) returned to Lorpugo
Lorpugo collected $0.04 from pot
Lorpugo: doesn't show hand 
*** SUMMARY ***
Total pot $0.04 | Rake $0 
Seat 1: Lorpugo (small blind) collected ($0.04)
Seat 3: Toonaturner (big blind) folded before Flop
Seat 4: BinBetrunken folded before Flop (didn't bet)
Seat 5: Hvat folded before Flop (didn't bet)
Seat 6: Kunet (button) folded before Flop (didn't bet)



PokerStars Hand #240916800607:  Hold'em No Limit ($0.01/$0.02 USD) - 2023/01/04 18:08:50 ET
Table 'Eulalia II' 6-max Seat #1 is the button
Seat 1: Lorpugo ($1.63 in chips) 
Seat 3: Toonaturner ($0.87 in chips) 
Seat 4: BinBetrunken ($2.44 in chips) 
Seat 5: Hvat ($1.84 in chips) 
Seat 6: Kunet ($2.02 in chips) 
Toonaturner: posts small blind $0.01
BinBetrunken: posts big blind $0.02
*** HOLE CARDS ***
Dealt to Lorpugo [Th 4d]
Hvat: folds 
Kunet: raises $0.03 to $0.05
Lorpugo: folds 
Toonaturner: calls $0.04
BinBetrunken: calls $0.03
*** FLOP *** [Ah 3c Kc]
Toonaturner: checks 
BinBetrunken: checks 
Kunet: bets $0.04
Toonaturner: folds 
BinBetrunken: calls $0.04
*** TURN *** [Ah 3c Kc] [7c]
BinBetrunken: checks 
Kunet: checks 
*** RIVER *** [Ah 3c Kc 7c] [3s]
BinBetrunken: checks 
Kunet: checks 
*** SHOW DOWN ***
BinBetrunken: shows [Kh Qc] (two pair, Kings and Threes)
Kunet: mucks hand 
BinBetrunken collected $0.22 from pot
*** SUMMARY ***
Total pot $0.23 | Rake $0.01 
Board [Ah 3c Kc 7c 3s]
Seat 1: Lorpugo (button) folded before Flop (didn't bet)
Seat 3: Toonaturner (small blind) folded on the Flop
Seat 4: BinBetrunken (big blind) showed [Kh Qc] and won ($0.22) with two pair, Kings and Threes
Seat 5: Hvat folded before Flop (didn't bet)
Seat 6: Kunet mucked [Qh Qs]



PokerStars Hand #240916821005:  Hold'em No Limit ($0.01/$0.02 USD) - 2023/01/04 18:09:42 ET
Table 'Eulalia II' 6-max Seat #3 is the button
Seat 1: Lorpugo ($1.63 in chips) 
Seat 3: Toonaturner ($0.82 in chips) 
Seat 4: BinBetrunken ($2.57 in chips) 
Seat 5: Hvat ($1.84 in chips) 
Seat 6: Kunet ($2 in chips) 
BinBetrunken: posts small blind $0.01
Hvat: posts big blind $0.02
*** HOLE CARDS ***
Dealt to Lorpugo [2s 3c]
Kunet: folds 
Lorpugo: folds 
Toonaturner: calls $0.02
BinBetrunken: folds 
Hvat: checks 
*** FLOP *** [8h 7c 8s]
Hvat: checks 
Toonaturner: checks 
*** TURN *** [8h 7c 8s] [9s]
Hvat: bets $0.04
Toonaturner: calls $0.04
*** RIVER *** [8h 7c 8s 9s] [6h]
Hvat: checks 
Toonaturner: checks 
*** SHOW DOWN ***
Hvat: shows [Ks 8d] (three of a kind, Eights)
Toonaturner: mucks hand 
Hvat collected $0.13 from pot
*** SUMMARY ***
Total pot $0.13 | Rake $0 
Board [8h 7c 8s 9s 6h]
Seat 1: Lorpugo folded before Flop (didn't bet)
Seat 3: Toonaturner (button) mucked [Kh 6d]
Seat 4: BinBetrunken (small blind) folded before Flop
Seat 5: Hvat (big blind) showed [Ks 8d] and won ($0.13) with three of a kind, Eights
Seat 6: Kunet folded before Flop (didn't bet)



PokerStars Hand #240916832758:  Hold'em No Limit ($0.01/$0.02 USD) - 2023/01/04 18:10:12 ET
Table 'Eulalia II' 6-max Seat #4 is the button
Seat 1: Lorpugo ($1.63 in chips) 
Seat 3: Toonaturner ($0.76 in chips) 
Seat 4: BinBetrunken ($2.56 in chips) 
Seat 5: Hvat ($1.91 in chips) 
Seat 6: Kunet ($2 in chips) 
Hvat: posts small blind $0.01
Kunet: posts big blind $0.02
*** HOLE CARDS ***
Dealt to Lorpugo [Qh Qs]
Lorpugo has timed out
Lorpugo: folds 
Toonaturner: folds 
BinBetrunken: folds 
Hvat: folds 
Uncalled bet ($0.01) returned to Kunet
Kunet collected $0.02 from pot
*** SUMMARY ***
Total pot $0.02 | Rake $0 
Seat 1: Lorpugo folded before Flop (didn't bet)
Seat 3: Toonaturner folded before Flop (didn't bet)
Seat 4: BinBetrunken (button) folded before Flop (didn't bet)
Seat 5: Hvat (small blind) folded before Flop
Seat 6: Kunet (big blind) collected ($0.02)



PokerStars Hand #240916871499:  Hold'em No Limit ($0.01/$0.02 USD) - 2023/01/04 18:11:50 ET
Table 'Eulalia II' 6-max Seat #5 is the button
Seat 1: Lorpugo ($1.63 in chips) 
Seat 2: emvi1337 ($2.29 in chips) 
Seat 4: BinBetrunken ($2.55 in chips) 
Seat 5: Hvat ($2.17 in chips) 
Seat 6: Kunet ($2.01 in chips) 
Kunet: posts small blind $0.01
Lorpugo: posts big blind $0.02
*** HOLE CARDS ***
Dealt to Lorpugo [Th 7s]
emvi1337: raises $0.04 to $0.06
BinBetrunken: folds 
Hvat: folds 
Kunet: folds 
Lorpugo: calls $0.04
*** FLOP *** [8s 9d 7h]
Lorpugo: checks 
emvi1337: checks 
*** TURN *** [8s 9d 7h] [4d]
Lorpugo: bets $0.24
emvi1337: folds 
Uncalled bet ($0.24) returned to Lorpugo
Lorpugo collected $0.13 from pot
Lorpugo: doesn't show hand 
*** SUMMARY ***
Total pot $0.13 | Rake $0 
Board [8s 9d 7h 4d]
Seat 1: Lorpugo (big blind) collected ($0.13)
Seat 2: emvi1337 folded on the Turn
Seat 4: BinBetrunken folded before Flop (didn't bet)
Seat 5: Hvat (button) folded before Flop (didn't bet)
Seat 6: Kunet (small blind) folded before Flop



PokerStars Hand #240916881986:  Hold'em No Limit ($0.01/$0.02 USD) - 2023/01/04 18:12:17 ET
Table 'Eulalia II' 6-max Seat #6 is the button
Seat 1: Lorpugo ($1.70 in chips) 
Seat 2: emvi1337 ($2.23 in chips) 
Seat 4: BinBetrunken ($2.55 in chips) 
Seat 5: Hvat ($2.17 in chips) 
Seat 6: Kunet ($2 in chips) 
Lorpugo: posts small blind $0.01
emvi1337: posts big blind $0.02
*** HOLE CARDS ***
Dealt to Lorpugo [Qd 3s]
BinBetrunken: folds 
Hvat: folds 
Kunet: folds 
Lorpugo: raises $0.06 to $0.08
emvi1337: calls $0.06
*** FLOP *** [2s 9h 5s]
Lorpugo: bets $0.18
emvi1337: folds 
Uncalled bet ($0.18) returned to Lorpugo
Lorpugo collected $0.15 from pot
Lorpugo: doesn't show hand 
*** SUMMARY ***
Total pot $0.16 | Rake $0.01 
Board [2s 9h 5s]
Seat 1: Lorpugo (small blind) collected ($0.15)
Seat 2: emvi1337 (big blind) folded on the Flop
Seat 4: BinBetrunken folded before Flop (didn't bet)
Seat 5: Hvat folded before Flop (didn't bet)
Seat 6: Kunet (button) folded before Flop (didn't bet)



PokerStars Hand #240916892148:  Hold'em No Limit ($0.01/$0.02 USD) - 2023/01/04 18:12:43 ET
Table 'Eulalia II' 6-max Seat #1 is the button
Seat 1: Lorpugo ($1.77 in chips) 
Seat 2: emvi1337 ($2.15 in chips) 
Seat 3: Skljar ($2 in chips) 
Seat 4: BinBetrunken ($2.55 in chips) 
Seat 5: Hvat ($2.17 in chips) 
Seat 6: Kunet ($2 in chips) 
emvi1337: posts small blind $0.01
Skljar: posts big blind $0.02
*** HOLE CARDS ***
Dealt to Lorpugo [4d 3h]
BinBetrunken: raises $0.04 to $0.06
Hvat: folds 
Kunet: folds 
Lorpugo: folds 
emvi1337: folds 
Skljar: folds 
Uncalled bet ($0.04) returned to BinBetrunken
BinBetrunken collected $0.05 from pot
BinBetrunken: doesn't show hand 
*** SUMMARY ***
Total pot $0.05 | Rake $0 
Seat 1: Lorpugo (button) folded before Flop (didn't bet)
Seat 2: emvi1337 (small blind) folded before Flop
Seat 3: Skljar (big blind) folded before Flop
Seat 4: BinBetrunken collected ($0.05)
Seat 5: Hvat folded before Flop (didn't bet)
Seat 6: Kunet folded before Flop (didn't bet)



PokerStars Hand #240916896613:  Hold'em No Limit ($0.01/$0.02 USD) - 2023/01/04 18:12:54 ET
Table 'Eulalia II' 6-max Seat #2 is the button
Seat 1: Lorpugo ($1.77 in chips) 
Seat 2: emvi1337 ($2.14 in chips) 
Seat 3: Skljar ($2 in chips) 
Seat 4: BinBetrunken ($2.58 in chips) 
Seat 5: Hvat ($2.17 in chips) 
Seat 6: Kunet ($2 in chips) 
Skljar: posts small blind $0.01
BinBetrunken: posts big blind $0.02
*** HOLE CARDS ***
Dealt to Lorpugo [6s 7s]
Hvat: folds 
Kunet: raises $0.03 to $0.05
Lorpugo: raises $0.03 to $0.08
emvi1337: folds 
Skljar: folds 
BinBetrunken: folds 
Kunet: calls $0.03
*** FLOP *** [3d 9d Ad]
Kunet: checks 
Lorpugo: checks 
*** TURN *** [3d 9d Ad] [7h]
Kunet: checks 
Lorpugo: bets $0.18
Kunet: calls $0.18
*** RIVER *** [3d 9d Ad 7h] [3h]
Kunet: checks 
Lorpugo: checks 
*** SHOW DOWN ***
Kunet: shows [Ks Ah] (two pair, Aces and Threes)
Lorpugo: mucks hand 
Kunet collected $0.53 from pot
*** SUMMARY ***
Total pot $0.55 | Rake $0.02 
Board [3d 9d Ad 7h 3h]
Seat 1: Lorpugo mucked [6s 7s]
Seat 2: emvi1337 (button) folded before Flop (didn't bet)
Seat 3: Skljar (small blind) folded before Flop
Seat 4: BinBetrunken (big blind) folded before Flop
Seat 5: Hvat folded before Flop (didn't bet)
Seat 6: Kunet showed [Ks Ah] and won ($0.53) with two pair, Aces and Threes



PokerStars Hand #240916917050:  Hold'em No Limit ($0.01/$0.02 USD) - 2023/01/04 18:13:47 ET
Table 'Eulalia II' 6-max Seat #3 is the button
Seat 1: Lorpugo ($1.51 in chips) 
Seat 2: emvi1337 ($2.14 in chips) 
Seat 3: Skljar ($2 in chips) 
Seat 4: BinBetrunken ($2.56 in chips) 
Seat 5: Hvat ($2.17 in chips) 
Seat 6: Kunet ($2.27 in chips) 
BinBetrunken: posts small blind $0.01
Hvat: posts big blind $0.02
*** HOLE CARDS ***
Dealt to Lorpugo [3d 3c]
Kunet: folds 
Lorpugo: raises $0.02 to $0.04
emvi1337: folds 
Skljar: calls $0.04
BinBetrunken: folds 
Hvat: folds 
*** FLOP *** [Ts 9h 5h]
Lorpugo: checks 
Skljar: bets $0.07
Lorpugo: folds 
Uncalled bet ($0.07) returned to Skljar
Skljar collected $0.11 from pot
Skljar: doesn't show hand 
*** SUMMARY ***
Total pot $0.11 | Rake $0 
Board [Ts 9h 5h]
Seat 1: Lorpugo folded on the Flop
Seat 2: emvi1337 folded before Flop (didn't bet)
Seat 3: Skljar (button) collected ($0.11)
Seat 4: BinBetrunken (small blind) folded before Flop
Seat 5: Hvat (big blind) folded before Flop
Seat 6: Kunet folded before Flop (didn't bet)



PokerStars Hand #240916936888:  Hold'em No Limit ($0.01/$0.02 USD) - 2023/01/04 18:14:38 ET
Table 'Eulalia II' 6-max Seat #4 is the button
Seat 1: Lorpugo ($1.47 in chips) 
Seat 2: emvi1337 ($2.14 in chips) 
Seat 3: Skljar ($2.07 in chips) 
Seat 4: BinBetrunken ($2.55 in chips) 
Seat 5: Hvat ($2.15 in chips) 
Seat 6: Kunet ($2.27 in chips) 
Hvat: posts small blind $0.01
Kunet: posts big blind $0.02
*** HOLE CARDS ***
Dealt to Lorpugo [3c Qs]
Lorpugo: folds 
emvi1337: raises $0.04 to $0.06
Skljar: calls $0.06
BinBetrunken: folds 
Hvat: folds 
Kunet: folds 
*** FLOP *** [Ks 8d 2c]
emvi1337: checks 
Skljar: checks 
*** TURN *** [Ks 8d 2c] [2s]
emvi1337: checks 
Skljar: checks 
*** RIVER *** [Ks 8d 2c 2s] [Js]
emvi1337: checks 
Skljar: checks 
*** SHOW DOWN ***
emvi1337: shows [Ad Qd] (a pair of Deuces)
Skljar: mucks hand 
emvi1337 collected $0.14 from pot
*** SUMMARY ***
Total pot $0.15 | Rake $0.01 
Board [Ks 8d 2c 2s Js]
Seat 1: Lorpugo folded before Flop (didn't bet)
Seat 2: emvi1337 showed [Ad Qd] and won ($0.14) with a pair of Deuces
Seat 3: Skljar mucked [7c As]
Seat 4: BinBetrunken (button) folded before Flop (didn't bet)
Seat 5: Hvat (small blind) folded before Flop
Seat 6: Kunet (big blind) folded before Flop



PokerStars Hand #240916950970:  Hold'em No Limit ($0.01/$0.02 USD) - 2023/01/04 18:15:14 ET
Table 'Eulalia II' 6-max Seat #5 is the button
Seat 1: Lorpugo ($1.47 in chips) 
Seat 2: emvi1337 ($2.22 in chips) 
Seat 3: Skljar ($2.01 in chips) 
Seat 4: BinBetrunken ($2.55 in chips) 
Seat 5: Hvat ($2.14 in chips) 
Seat 6: Kunet ($2.25 in chips) 
Kunet: posts small blind $0.01
Lorpugo: posts big blind $0.02
*** HOLE CARDS ***
Dealt to Lorpugo [Qd 7h]
emvi1337: folds 
Skljar: folds 
BinBetrunken: raises $0.04 to $0.06
Hvat: folds 
Kunet: folds 
Lorpugo: folds 
Uncalled bet ($0.04) returned to BinBetrunken
BinBetrunken collected $0.05 from pot
BinBetrunken: doesn't show hand 
*** SUMMARY ***
Total pot $0.05 | Rake $0 
Seat 1: Lorpugo (big blind) folded before Flop
Seat 2: emvi1337 folded before Flop (didn't bet)
Seat 3: Skljar folded before Flop (didn't bet)
Seat 4: BinBetrunken collected ($0.05)
Seat 5: Hvat (button) folded before Flop (didn't bet)
Seat 6: Kunet (small blind) folded before Flop



PokerStars Hand #240916957066:  Hold'em No Limit ($0.01/$0.02 USD) - 2023/01/04 18:15:31 ET
Table 'Eulalia II' 6-max Seat #6 is the button
Seat 1: Lorpugo ($1.45 in chips) 
Seat 2: emvi1337 ($2.22 in chips) 
Seat 3: Skljar ($2.01 in chips) 
Seat 4: BinBetrunken ($2.58 in chips) 
Seat 5: Hvat ($2.14 in chips) 
Seat 6: Kunet ($2.24 in chips) 
Lorpugo: posts small blind $0.01
emvi1337: posts big blind $0.02
*** HOLE CARDS ***
Dealt to Lorpugo [8s 9c]
Skljar: raises $0.04 to $0.06
BinBetrunken: folds 
Hvat: folds 
Kunet: folds 
Lorpugo: calls $0.05
emvi1337: folds 
*** FLOP *** [4s Js Qc]
Lorpugo: checks 
Skljar: checks 
*** TURN *** [4s Js Qc] [3h]
Lorpugo: checks 
Skljar: checks 
*** RIVER *** [4s Js Qc 3h] [6d]
Lorpugo: bets $0.07
Skljar: folds 
Uncalled bet ($0.07) returned to Lorpugo
Lorpugo collected $0.14 from pot
Lorpugo: doesn't show hand 
*** SUMMARY ***
Total pot $0.14 | Rake $0 
Board [4s Js Qc 3h 6d]
Seat 1: Lorpugo (small blind) collected ($0.14)
Seat 2: emvi1337 (big blind) folded before Flop
Seat 3: Skljar folded on the River
Seat 4: BinBetrunken folded before Flop (didn't bet)
Seat 5: Hvat folded before Flop (didn't bet)
Seat 6: Kunet (button) folded before Flop (didn't bet)



PokerStars Hand #240916977485:  Hold'em No Limit ($0.01/$0.02 USD) - 2023/01/04 18:16:23 ET
Table 'Eulalia II' 6-max Seat #1 is the button
Seat 1: Lorpugo ($1.53 in chips) 
Seat 2: emvi1337 ($2.20 in chips) 
Seat 3: Skljar ($2 in chips) 
Seat 4: BinBetrunken ($2.58 in chips) 
Seat 5: Hvat ($2.14 in chips) 
Seat 6: Kunet ($2.24 in chips) 
emvi1337: posts small blind $0.01
Skljar: posts big blind $0.02
*** HOLE CARDS ***
Dealt to Lorpugo [7c As]
BinBetrunken: folds 
Hvat: folds 
Kunet: folds 
Lorpugo: raises $0.03 to $0.05
emvi1337: folds 
Skljar: folds 
Uncalled bet ($0.03) returned to Lorpugo
Lorpugo collected $0.05 from pot
Lorpugo: doesn't show hand 
*** SUMMARY ***
Total pot $0.05 | Rake $0 
Seat 1: Lorpugo (button) collected ($0.05)
Seat 2: emvi1337 (small blind) folded before Flop
Seat 3: Skljar (big blind) folded before Flop
Seat 4: BinBetrunken folded before Flop (didn't bet)
Seat 5: Hvat folded before Flop (didn't bet)
Seat 6: Kunet folded before Flop (didn't bet)



PokerStars Hand #240916987153:  Hold'em No Limit ($0.01/$0.02 USD) - 2023/01/04 18:16:48 ET
Table 'Eulalia II' 6-max Seat #2 is the button
Seat 1: Lorpugo ($1.56 in chips) 
Seat 2: emvi1337 ($2.19 in chips) 
Seat 3: Skljar ($2 in chips) 
Seat 4: BinBetrunken ($2.58 in chips) 
Seat 5: Hvat ($2.14 in chips) 
Seat 6: Kunet ($2.24 in chips) 
Skljar: posts small blind $0.01
BinBetrunken: posts big blind $0.02
*** HOLE CARDS ***
Dealt to Lorpugo [Kd 2d]
Hvat: folds 
Kunet: folds 
Lorpugo: raises $0.02 to $0.04
emvi1337: calls $0.04
Skljar: folds 
BinBetrunken: folds 
*** FLOP *** [Jc Js Kc]
Lorpugo: bets $0.02
emvi1337: calls $0.02
*** TURN *** [Jc Js Kc] [Jh]
Lorpugo: bets $0.07
emvi1337: calls $0.07
*** RIVER *** [Jc Js Kc Jh] [Jd]
Lorpugo: checks 
emvi1337: bets $0.28
Lorpugo: folds 
Uncalled bet ($0.28) returned to emvi1337
emvi1337 collected $0.28 from pot
emvi1337: doesn't show hand 
*** SUMMARY ***
Total pot $0.29 | Rake $0.01 
Board [Jc Js Kc Jh Jd]
Seat 1: Lorpugo folded on the River
Seat 2: emvi1337 (button) collected ($0.28)
Seat 3: Skljar (small blind) folded before Flop
Seat 4: BinBetrunken (big blind) folded before Flop
Seat 5: Hvat folded before Flop (didn't bet)
Seat 6: Kunet folded before Flop (didn't bet)



PokerStars Hand #240917005496:  Hold'em No Limit ($0.01/$0.02 USD) - 2023/01/04 18:17:36 ET
Table 'Eulalia II' 6-max Seat #3 is the button
Seat 1: Lorpugo ($1.43 in chips) 
Seat 2: emvi1337 ($2.34 in chips) 
Seat 3: Skljar ($2 in chips) 
Seat 4: BinBetrunken ($2.56 in chips) 
Seat 5: Hvat ($2.14 in chips) 
Seat 6: Kunet ($2.24 in chips) 
BinBetrunken: posts small blind $0.01
Hvat: posts big blind $0.02
*** HOLE CARDS ***
Dealt to Lorpugo [Ks Kd]
Kunet: folds 
Lorpugo: raises $0.02 to $0.04
emvi1337: calls $0.04
Skljar: folds 
BinBetrunken: folds 
Hvat: folds 
*** FLOP *** [Jh 5c Qh]
Lorpugo: bets $0.02
emvi1337: calls $0.02
*** TURN *** [Jh 5c Qh] [Ac]
Lorpugo: bets $0.02
emvi1337: calls $0.02
*** RIVER *** [Jh 5c Qh Ac] [5s]
Lorpugo: bets $0.09
emvi1337: raises $0.18 to $0.27
Lorpugo: calls $0.18
*** SHOW DOWN ***
emvi1337: shows [5h 4h] (three of a kind, Fives)
Lorpugo: mucks hand 
emvi1337 collected $0.69 from pot
*** SUMMARY ***
Total pot $0.73 | Rake $0.04 
Board [Jh 5c Qh Ac 5s]
Seat 1: Lorpugo mucked [Ks Kd]
Seat 2: emvi1337 showed [5h 4h] and won ($0.69) with three of a kind, Fives
Seat 3: Skljar (button) folded before Flop (didn't bet)
Seat 4: BinBetrunken (small blind) folded before Flop
Seat 5: Hvat (big blind) folded before Flop
Seat 6: Kunet folded before Flop (didn't bet)



PokerStars Hand #240917021088:  Hold'em No Limit ($0.01/$0.02 USD) - 2023/01/04 18:18:17 ET
Table 'Eulalia II' 6-max Seat #4 is the button
Seat 1: Lorpugo ($1.08 in chips) 
Seat 2: emvi1337 ($2.68 in chips) 
Seat 3: Skljar ($2 in chips) 
Seat 4: BinBetrunken ($2.55 in chips) 
Seat 5: Hvat ($2.12 in chips) 
Seat 6: Kunet ($2.24 in chips) 
Hvat: posts small blind $0.01
Kunet: posts big blind $0.02
*** HOLE CARDS ***
Dealt to Lorpugo [2s 4c]
Lorpugo: folds 
emvi1337: folds 
Skljar: folds 
BinBetrunken: raises $0.04 to $0.06
Hvat: folds 
Kunet: calls $0.04
*** FLOP *** [Js Kh Td]
Kunet: checks 
BinBetrunken: bets $0.04
Kunet: calls $0.04
*** TURN *** [Js Kh Td] [5h]
Kunet: checks 
BinBetrunken: checks 
*** RIVER *** [Js Kh Td 5h] [4s]
Kunet: checks 
BinBetrunken: checks 
*** SHOW DOWN ***
Kunet: shows [9s 3s] (high card King)
BinBetrunken: shows [7s Ah] (high card Ace)
BinBetrunken collected $0.20 from pot
*** SUMMARY ***
Total pot $0.21 | Rake $0.01 
Board [Js Kh Td 5h 4s]
Seat 1: Lorpugo folded before Flop (didn't bet)
Seat 2: emvi1337 folded before Flop (didn't bet)
Seat 3: Skljar folded before Flop (didn't bet)
Seat 4: BinBetrunken (button) showed [7s Ah] and won ($0.20) with high card Ace
Seat 5: Hvat (small blind) folded before Flop
Seat 6: Kunet (big blind) showed [9s 3s] and lost with high card King



PokerStars Hand #240917042983:  Hold'em No Limit ($0.01/$0.02 USD) - 2023/01/04 18:19:14 ET
Table 'Eulalia II' 6-max Seat #5 is the button
Seat 1: Lorpugo ($1.08 in chips) 
Seat 2: emvi1337 ($2.68 in chips) 
Seat 3: Skljar ($2 in chips) 
Seat 4: BinBetrunken ($2.65 in chips) 
Seat 5: Hvat ($2.11 in chips) 
Seat 6: Kunet ($2.14 in chips) 
Kunet: posts small blind $0.01
Lorpugo: posts big blind $0.02
*** HOLE CARDS ***
Dealt to Lorpugo [9h Qc]
emvi1337: folds 
Skljar: folds 
BinBetrunken: folds 
Hvat: raises $0.04 to $0.06
Kunet: raises $0.14 to $0.20
Lorpugo: calls $0.18
Hvat: raises $0.44 to $0.64
Kunet: folds 
Lorpugo: folds 
Uncalled bet ($0.44) returned to Hvat
Hvat collected $0.60 from pot
Hvat: doesn't show hand 
*** SUMMARY ***
Total pot $0.60 | Rake $0 
Seat 1: Lorpugo (big blind) folded before Flop
Seat 2: emvi1337 folded before Flop (didn't bet)
Seat 3: Skljar folded before Flop (didn't bet)
Seat 4: BinBetrunken folded before Flop (didn't bet)
Seat 5: Hvat (button) collected ($0.60)
Seat 6: Kunet (small blind) folded before Flop



PokerStars Hand #240917058938:  Hold'em No Limit ($0.01/$0.02 USD) - 2023/01/04 18:19:56 ET
Table 'Eulalia II' 6-max Seat #6 is the button
Seat 1: Lorpugo ($0.88 in chips) 
Seat 2: emvi1337 ($2.68 in chips) 
Seat 3: Skljar ($2 in chips) 
Seat 4: BinBetrunken ($2.65 in chips) 
Seat 5: Hvat ($2.51 in chips) 
Seat 6: Kunet ($2 in chips) 
Lorpugo: posts small blind $0.01
emvi1337: posts big blind $0.02
*** HOLE CARDS ***
Dealt to Lorpugo [4c As]
Skljar: folds 
BinBetrunken: folds 
Hvat: folds 
Kunet: raises $0.02 to $0.04
Lorpugo: raises $0.10 to $0.14
emvi1337: folds 
Kunet: folds 
Uncalled bet ($0.10) returned to Lorpugo
Lorpugo collected $0.10 from pot
Lorpugo: doesn't show hand 
*** SUMMARY ***
Total pot $0.10 | Rake $0 
Seat 1: Lorpugo (small blind) collected ($0.10)
Seat 2: emvi1337 (big blind) folded before Flop
Seat 3: Skljar folded before Flop (didn't bet)
Seat 4: BinBetrunken folded before Flop (didn't bet)
Seat 5: Hvat folded before Flop (didn't bet)
Seat 6: Kunet (button) folded before Flop



PokerStars Hand #240917066658:  Hold'em No Limit ($0.01/$0.02 USD) - 2023/01/04 18:20:16 ET
Table 'Eulalia II' 6-max Seat #1 is the button
Seat 1: Lorpugo ($0.94 in chips) 
Seat 2: emvi1337 ($2.66 in chips) 
Seat 3: Skljar ($2 in chips) 
Seat 4: BinBetrunken ($2.65 in chips) 
Seat 5: Hvat ($2.51 in chips) 
Seat 6: Kunet ($2 in chips) 
emvi1337: posts small blind $0.01
Skljar: posts big blind $0.02
*** HOLE CARDS ***
Dealt to Lorpugo [8s 9h]
BinBetrunken: folds 
Hvat: folds 
Kunet: folds 
Lorpugo: raises $0.02 to $0.04
emvi1337: folds 
Skljar: calls $0.02
*** FLOP *** [6c 7c Qh]
Skljar: checks 
Lorpugo: bets $0.05
Skljar: calls $0.05
*** TURN *** [6c 7c Qh] [Ad]
Skljar: checks 
Lorpugo: bets $0.14
Skljar: folds 
Uncalled bet ($0.14) returned to Lorpugo
Lorpugo collected $0.18 from pot
Lorpugo: doesn't show hand 
*** SUMMARY ***
Total pot $0.19 | Rake $0.01 
Board [6c 7c Qh Ad]
Seat 1: Lorpugo (button) collected ($0.18)
Seat 2: emvi1337 (small blind) folded before Flop
Seat 3: Skljar (big blind) folded on the Turn
Seat 4: BinBetrunken folded before Flop (didn't bet)
Seat 5: Hvat folded before Flop (didn't bet)
Seat 6: Kunet folded before Flop (didn't bet)



PokerStars Hand #240917086080:  Hold'em No Limit ($0.01/$0.02 USD) - 2023/01/04 18:21:07 ET
Table 'Eulalia II' 6-max Seat #2 is the button
Seat 1: Lorpugo ($1.03 in chips) 
Seat 2: emvi1337 ($2.65 in chips) 
Seat 3: Skljar ($2 in chips) 
Seat 4: BinBetrunken ($2.65 in chips) 
Seat 5: Hvat ($2.51 in chips) 
Seat 6: Kunet ($2 in chips) 
Skljar: posts small blind $0.01
BinBetrunken: posts big blind $0.02
*** HOLE CARDS ***
Dealt to Lorpugo [9s Ts]
Hvat: folds 
Kunet: raises $0.03 to $0.05
Lorpugo: raises $0.13 to $0.18
emvi1337: folds 
Skljar: folds 
BinBetrunken: folds 
Kunet: calls $0.13
*** FLOP *** [5s Jh Th]
Kunet: checks 
Lorpugo: bets $0.85 and is all-in
Kunet: folds 
Uncalled bet ($0.85) returned to Lorpugo
Lorpugo collected $0.38 from pot
Lorpugo: doesn't show hand 
*** SUMMARY ***
Total pot $0.39 | Rake $0.01 
Board [5s Jh Th]
Seat 1: Lorpugo collected ($0.38)
Seat 2: emvi1337 (button) folded before Flop (didn't bet)
Seat 3: Skljar (small blind) folded before Flop
Seat 4: BinBetrunken (big blind) folded before Flop
Seat 5: Hvat folded before Flop (didn't bet)
Seat 6: Kunet folded on the Flop



PokerStars Hand #240917095444:  Hold'em No Limit ($0.01/$0.02 USD) - 2023/01/04 18:21:32 ET
Table 'Eulalia II' 6-max Seat #3 is the button
Seat 1: Lorpugo ($1.23 in chips) 
Seat 2: emvi1337 ($2.65 in chips) 
Seat 3: Skljar ($2 in chips) 
Seat 4: BinBetrunken ($2.63 in chips) 
Seat 5: Hvat ($2.51 in chips) 
Seat 6: Kunet ($2 in chips) 
BinBetrunken: posts small blind $0.01
Hvat: posts big blind $0.02
*** HOLE CARDS ***
Dealt to Lorpugo [6h 9s]
Kunet: folds 
Lorpugo: raises $0.02 to $0.04
emvi1337: folds 
Skljar: folds 
BinBetrunken: raises $0.12 to $0.16
Hvat: folds 
Lorpugo: folds 
Uncalled bet ($0.12) returned to BinBetrunken
BinBetrunken collected $0.10 from pot
BinBetrunken: doesn't show hand 
*** SUMMARY ***
Total pot $0.10 | Rake $0 
Seat 1: Lorpugo folded before Flop
Seat 2: emvi1337 folded before Flop (didn't bet)
Seat 3: Skljar (button) folded before Flop (didn't bet)
Seat 4: BinBetrunken (small blind) collected ($0.10)
Seat 5: Hvat (big blind) folded before Flop
Seat 6: Kunet folded before Flop (didn't bet)



PokerStars Hand #240917105501:  Hold'em No Limit ($0.01/$0.02 USD) - 2023/01/04 18:21:59 ET
Table 'Eulalia II' 6-max Seat #4 is the button
Seat 1: Lorpugo ($1.19 in chips) 
Seat 2: emvi1337 ($2.65 in chips) 
Seat 3: Skljar ($2 in chips) 
Seat 4: BinBetrunken ($2.69 in chips) 
Seat 5: Hvat ($2.49 in chips) 
Seat 6: Kunet ($2 in chips) 
Hvat: posts small blind $0.01
Kunet: posts big blind $0.02
*** HOLE CARDS ***
Dealt to Lorpugo [2h 7s]
Lorpugo: folds 
emvi1337: folds 
Skljar: folds 
BinBetrunken: folds 
Hvat: raises $0.04 to $0.06
Kunet: folds 
Uncalled bet ($0.04) returned to Hvat
Hvat collected $0.04 from pot
Hvat: doesn't show hand 
*** SUMMARY ***
Total pot $0.04 | Rake $0 
Seat 1: Lorpugo folded before Flop (didn't bet)
Seat 2: emvi1337 folded before Flop (didn't bet)
Seat 3: Skljar folded before Flop (didn't bet)
Seat 4: BinBetrunken (button) folded before Flop (didn't bet)
Seat 5: Hvat (small blind) collected ($0.04)
Seat 6: Kunet (big blind) folded before Flop



PokerStars Hand #240917110530:  Hold'em No Limit ($0.01/$0.02 USD) - 2023/01/04 18:22:12 ET
Table 'Eulalia II' 6-max Seat #5 is the button
Seat 1: Lorpugo ($1.19 in chips) 
Seat 2: emvi1337 ($2.65 in chips) 
Seat 3: Skljar ($2 in chips) 
Seat 4: BinBetrunken ($2.69 in chips) 
Seat 5: Hvat ($2.51 in chips) 
Seat 6: Kunet ($2 in chips) 
Kunet: posts small blind $0.01
Lorpugo: posts big blind $0.02
*** HOLE CARDS ***
Dealt to Lorpugo [Js 5h]
emvi1337: folds 
Skljar: folds 
BinBetrunken: folds 
Hvat: raises $0.04 to $0.06
Kunet: folds 
Lorpugo: folds 
Uncalled bet ($0.04) returned to Hvat
Hvat collected $0.05 from pot
Hvat: doesn't show hand 
*** SUMMARY ***
Total pot $0.05 | Rake $0 
Seat 1: Lorpugo (big blind) folded before Flop
Seat 2: emvi1337 folded before Flop (didn't bet)
Seat 3: Skljar folded before Flop (didn't bet)
Seat 4: BinBetrunken folded before Flop (didn't bet)
Seat 5: Hvat (button) collected ($0.05)
Seat 6: Kunet (small blind) folded before Flop



PokerStars Hand #240917121576:  Hold'em No Limit ($0.01/$0.02 USD) - 2023/01/04 18:22:42 ET
Table 'Eulalia II' 6-max Seat #6 is the button
Seat 1: Lorpugo ($1.17 in chips) 
Seat 2: emvi1337 ($2.65 in chips) 
Seat 3: Skljar ($2 in chips) 
Seat 4: BinBetrunken ($2.69 in chips) 
Seat 5: Hvat ($2.54 in chips) 
Seat 6: Kunet ($2 in chips) 
Lorpugo: posts small blind $0.01
emvi1337: posts big blind $0.02
*** HOLE CARDS ***
Dealt to Lorpugo [8h 5d]
Skljar: folds 
BinBetrunken: folds 
Hvat: folds 
Kunet: folds 
Lorpugo: raises $0.02 to $0.04
emvi1337: folds 
Uncalled bet ($0.02) returned to Lorpugo
Lorpugo collected $0.04 from pot
Lorpugo: doesn't show hand 
*** SUMMARY ***
Total pot $0.04 | Rake $0 
Seat 1: Lorpugo (small blind) collected ($0.04)
Seat 2: emvi1337 (big blind) folded before Flop
Seat 3: Skljar folded before Flop (didn't bet)
Seat 4: BinBetrunken folded before Flop (didn't bet)
Seat 5: Hvat folded before Flop (didn't bet)
Seat 6: Kunet (button) folded before Flop (didn't bet)



PokerStars Hand #240917128309:  Hold'em No Limit ($0.01/$0.02 USD) - 2023/01/04 18:23:00 ET
Table 'Eulalia II' 6-max Seat #1 is the button
Seat 1: Lorpugo ($1.19 in chips) 
Seat 2: emvi1337 ($2.63 in chips) 
Seat 3: Skljar ($2 in chips) 
Seat 4: BinBetrunken ($2.69 in chips) 
Seat 5: Hvat ($2.54 in chips) 
Seat 6: Kunet ($2 in chips) 
emvi1337: posts small blind $0.01
Skljar: posts big blind $0.02
*** HOLE CARDS ***
Dealt to Lorpugo [Kd 2s]
BinBetrunken: folds 
Hvat: folds 
Kunet: folds 
Lorpugo: raises $0.02 to $0.04
emvi1337: folds 
Skljar: folds 
Uncalled bet ($0.02) returned to Lorpugo
Lorpugo collected $0.05 from pot
Lorpugo: doesn't show hand 
*** SUMMARY ***
Total pot $0.05 | Rake $0 
Seat 1: Lorpugo (button) collected ($0.05)
Seat 2: emvi1337 (small blind) folded before Flop
Seat 3: Skljar (big blind) folded before Flop
Seat 4: BinBetrunken folded before Flop (didn't bet)
Seat 5: Hvat folded before Flop (didn't bet)
Seat 6: Kunet folded before Flop (didn't bet)



PokerStars Hand #240917134547:  Hold'em No Limit ($0.01/$0.02 USD) - 2023/01/04 18:23:17 ET
Table 'Eulalia II' 6-max Seat #2 is the button
Seat 1: Lorpugo ($1.22 in chips) 
Seat 2: emvi1337 ($2.62 in chips) 
Seat 3: Skljar ($2 in chips) 
Seat 4: BinBetrunken ($2.69 in chips) 
Seat 5: Hvat ($2.54 in chips) 
Seat 6: Kunet ($2 in chips) 
Skljar: posts small blind $0.01
BinBetrunken: posts big blind $0.02
*** HOLE CARDS ***
Dealt to Lorpugo [3s 7s]
Hvat: folds 
Kunet: folds 
Lorpugo: folds 
emvi1337: folds 
Skljar: folds 
Uncalled bet ($0.01) returned to BinBetrunken
BinBetrunken collected $0.02 from pot
BinBetrunken: doesn't show hand 
*** SUMMARY ***
Total pot $0.02 | Rake $0 
Seat 1: Lorpugo folded before Flop (didn't bet)
Seat 2: emvi1337 (button) folded before Flop (didn't bet)
Seat 3: Skljar (small blind) folded before Flop
Seat 4: BinBetrunken (big blind) collected ($0.02)
Seat 5: Hvat folded before Flop (didn't bet)
Seat 6: Kunet folded before Flop (didn't bet)



PokerStars Hand #240917140073:  Hold'em No Limit ($0.01/$0.02 USD) - 2023/01/04 18:23:32 ET
Table 'Eulalia II' 6-max Seat #3 is the button
Seat 1: Lorpugo ($1.22 in chips) 
Seat 2: emvi1337 ($2.62 in chips) 
Seat 3: Skljar ($2 in chips) 
Seat 4: BinBetrunken ($2.70 in chips) 
Seat 5: Hvat ($2.54 in chips) 
Seat 6: Kunet ($2 in chips) 
BinBetrunken: posts small blind $0.01
Hvat: posts big blind $0.02
*** HOLE CARDS ***
Dealt to Lorpugo [8h Qd]
Kunet: folds 
Lorpugo: folds 
emvi1337: folds 
Skljar: folds 
BinBetrunken: folds 
Uncalled bet ($0.01) returned to Hvat
Hvat collected $0.02 from pot
Hvat: doesn't show hand 
*** SUMMARY ***
Total pot $0.02 | Rake $0 
Seat 1: Lorpugo folded before Flop (didn't bet)
Seat 2: emvi1337 folded before Flop (didn't bet)
Seat 3: Skljar (button) folded before Flop (didn't bet)
Seat 4: BinBetrunken (small blind) folded before Flop
Seat 5: Hvat (big blind) collected ($0.02)
Seat 6: Kunet folded before Flop (didn't bet)



PokerStars Hand #240917146911:  Hold'em No Limit ($0.01/$0.02 USD) - 2023/01/04 18:23:50 ET
Table 'Eulalia II' 6-max Seat #4 is the button
Seat 1: Lorpugo ($1.22 in chips) 
Seat 2: emvi1337 ($2.62 in chips) 
Seat 3: Skljar ($2 in chips) 
Seat 4: BinBetrunken ($2.69 in chips) 
Seat 5: Hvat ($2.55 in chips) 
Seat 6: Kunet ($2 in chips) 
Hvat: posts small blind $0.01
Kunet: posts big blind $0.02
*** HOLE CARDS ***
Dealt to Lorpugo [9c 6s]
Lorpugo: folds 
emvi1337: raises $0.04 to $0.06
Skljar: raises $0.12 to $0.18
BinBetrunken: folds 
Hvat: folds 
Kunet: folds 
emvi1337: calls $0.12
*** FLOP *** [3h 7c Th]
emvi1337: checks 
Skljar: bets $0.38
emvi1337: calls $0.38
*** TURN *** [3h 7c Th] [2s]
emvi1337: checks 
Skljar: checks 
*** RIVER *** [3h 7c Th 2s] [As]
emvi1337: checks 
Skljar: checks 
*** SHOW DOWN ***
emvi1337: shows [Qc Qd] (a pair of Queens)
Skljar: shows [Qh Qs] (a pair of Queens)
emvi1337 collected $0.55 from pot
Skljar collected $0.55 from pot
*** SUMMARY ***
Total pot $1.15 | Rake $0.05 
Board [3h 7c Th 2s As]
Seat 1: Lorpugo folded before Flop (didn't bet)
Seat 2: emvi1337 showed [Qc Qd] and won ($0.55) with a pair of Queens
Seat 3: Skljar showed [Qh Qs] and won ($0.55) with a pair of Queens
Seat 4: BinBetrunken (button) folded before Flop (didn't bet)
Seat 5: Hvat (small blind) folded before Flop
Seat 6: Kunet (big blind) folded before Flop



PokerStars Hand #240917164101:  Hold'em No Limit ($0.01/$0.02 USD) - 2023/01/04 18:24:37 ET
Table 'Eulalia II' 6-max Seat #5 is the button
Seat 1: Lorpugo ($1.22 in chips) 
Seat 2: emvi1337 ($2.61 in chips) 
Seat 3: Skljar ($2 in chips) 
Seat 4: BinBetrunken ($2.69 in chips) 
Seat 5: Hvat ($2.54 in chips) 
Seat 6: Kunet ($2 in chips) 
Kunet: posts small blind $0.01
Lorpugo: posts big blind $0.02
*** HOLE CARDS ***
Dealt to Lorpugo [Ks 5c]
emvi1337: folds 
Skljar: calls $0.02
BinBetrunken: folds 
Hvat: folds 
Kunet: folds 
Lorpugo: checks 
*** FLOP *** [4h 5d 3s]
Lorpugo: bets $0.02
Skljar: calls $0.02
*** TURN *** [4h 5d 3s] [5s]
Lorpugo: bets $0.14
Skljar: folds 
Uncalled bet ($0.14) returned to Lorpugo
Lorpugo collected $0.09 from pot
Lorpugo: doesn't show hand 
*** SUMMARY ***
Total pot $0.09 | Rake $0 
Board [4h 5d 3s 5s]
Seat 1: Lorpugo (big blind) collected ($0.09)
Seat 2: emvi1337 folded before Flop (didn't bet)
Seat 3: Skljar folded on the Turn
Seat 4: BinBetrunken folded before Flop (didn't bet)
Seat 5: Hvat (button) folded before Flop (didn't bet)
Seat 6: Kunet (small blind) folded before Flop



PokerStars Hand #240917180859:  Hold'em No Limit ($0.01/$0.02 USD) - 2023/01/04 18:25:22 ET
Table 'Eulalia II' 6-max Seat #6 is the button
Seat 1: Lorpugo ($1.27 in chips) 
Seat 2: emvi1337 ($2.61 in chips) 
Seat 3: Skljar ($2 in chips) 
Seat 4: BinBetrunken ($2.69 in chips) 
Seat 5: Hvat ($2.54 in chips) 
Seat 6: Kunet ($2 in chips) 
Lorpugo: posts small blind $0.01
emvi1337: posts big blind $0.02
*** HOLE CARDS ***
Dealt to Lorpugo [5c Ad]
Skljar: folds 
BinBetrunken: folds 
Hvat: folds 
Kunet: raises $0.02 to $0.04
Lorpugo: raises $0.14 to $0.18
emvi1337: folds 
Kunet: folds 
Uncalled bet ($0.14) returned to Lorpugo
Lorpugo collected $0.10 from pot
Lorpugo: doesn't show hand 
*** SUMMARY ***
Total pot $0.10 | Rake $0 
Seat 1: Lorpugo (small blind) collected ($0.10)
Seat 2: emvi1337 (big blind) folded before Flop
Seat 3: Skljar folded before Flop (didn't bet)
Seat 4: BinBetrunken folded before Flop (didn't bet)
Seat 5: Hvat folded before Flop (didn't bet)
Seat 6: Kunet (button) folded before Flop



PokerStars Hand #240917187248:  Hold'em No Limit ($0.01/$0.02 USD) - 2023/01/04 18:25:40 ET
Table 'Eulalia II' 6-max Seat #1 is the button
Seat 1: Lorpugo ($1.33 in chips) 
Seat 2: emvi1337 ($2.59 in chips) 
Seat 3: Skljar ($2 in chips) 
Seat 4: BinBetrunken ($2.69 in chips) 
Seat 5: Hvat ($2.54 in chips) 
Seat 6: Kunet ($2 in chips) 
emvi1337: posts small blind $0.01
Skljar: posts big blind $0.02
*** HOLE CARDS ***
Dealt to Lorpugo [8c Ac]
BinBetrunken: folds 
Hvat: folds 
Kunet: folds 
Lorpugo: raises $0.02 to $0.04
emvi1337: folds 
Skljar: calls $0.02
*** FLOP *** [5h Jh Qc]
Skljar: checks 
Lorpugo: checks 
*** TURN *** [5h Jh Qc] [7d]
Skljar: checks 
Lorpugo: bets $0.02
Skljar: calls $0.02
*** RIVER *** [5h Jh Qc 7d] [4d]
Skljar: checks 
Lorpugo: checks 
*** SHOW DOWN ***
Skljar: shows [6d 5d] (a pair of Fives)
Lorpugo: mucks hand 
Skljar collected $0.13 from pot
*** SUMMARY ***
Total pot $0.13 | Rake $0 
Board [5h Jh Qc 7d 4d]
Seat 1: Lorpugo (button) mucked [8c Ac]
Seat 2: emvi1337 (small blind) folded before Flop
Seat 3: Skljar (big blind) showed [6d 5d] and won ($0.13) with a pair of Fives
Seat 4: BinBetrunken folded before Flop (didn't bet)
Seat 5: Hvat folded before Flop (didn't bet)
Seat 6: Kunet folded before Flop (didn't bet)



PokerStars Hand #240917202727:  Hold'em No Limit ($0.01/$0.02 USD) - 2023/01/04 18:26:22 ET
Table 'Eulalia II' 6-max Seat #2 is the button
Seat 1: Lorpugo ($1.27 in chips) 
Seat 2: emvi1337 ($2.58 in chips) 
Seat 3: Skljar ($2.07 in chips) 
Seat 4: BinBetrunken ($2.69 in chips) 
Seat 5: Hvat ($2.54 in chips) 
Seat 6: Kunet ($2 in chips) 
Skljar: posts small blind $0.01
BinBetrunken: posts big blind $0.02
*** HOLE CARDS ***
Dealt to Lorpugo [3c Ad]
Hvat: folds 
Kunet: folds 
Lorpugo: raises $0.02 to $0.04
emvi1337: raises $0.11 to $0.15
Skljar: folds 
BinBetrunken: folds 
Lorpugo: raises $1.12 to $1.27 and is all-in
emvi1337: calls $1.12
*** FLOP *** [Kh Qc 9s]
*** TURN *** [Kh Qc 9s] [4d]
*** RIVER *** [Kh Qc 9s 4d] [8d]
*** SHOW DOWN ***
Lorpugo: shows [3c Ad] (high card Ace)
emvi1337: shows [Ac Jc] (high card Ace - King+Queen+Jack kicker)
emvi1337 collected $2.46 from pot
*** SUMMARY ***
Total pot $2.57 | Rake $0.11 
Board [Kh Qc 9s 4d 8d]
Seat 1: Lorpugo showed [3c Ad] and lost with high card Ace
Seat 2: emvi1337 (button) showed [Ac Jc] and won ($2.46) with high card Ace
Seat 3: Skljar (small blind) folded before Flop
Seat 4: BinBetrunken (big blind) folded before Flop
Seat 5: Hvat folded before Flop (didn't bet)
Seat 6: Kunet folded before Flop (didn't bet)



PokerStars Hand #240917230472:  Hold'em No Limit ($0.01/$0.02 USD) - 2023/01/04 18:27:38 ET
Table 'Eulalia II' 6-max Seat #4 is the button
Seat 1: Lorpugo ($1.60 in chips) 
Seat 2: emvi1337 ($3.77 in chips) 
Seat 3: Skljar ($2.06 in chips) 
Seat 4: BinBetrunken ($2.84 in chips) 
Seat 5: Hvat ($2.36 in chips) 
Seat 6: Kunet ($2 in chips) 
Hvat: posts small blind $0.01
Kunet: posts big blind $0.02
*** HOLE CARDS ***
Dealt to Lorpugo [8d 7s]
Lorpugo: folds 
emvi1337: folds 
Skljar: folds 
BinBetrunken: raises $0.04 to $0.06
Hvat: raises $0.12 to $0.18
Kunet: folds 
BinBetrunken: calls $0.12
*** FLOP *** [Qh 4d 3s]
Hvat: bets $0.19
BinBetrunken: calls $0.19
*** TURN *** [Qh 4d 3s] [Kd]
Hvat: bets $0.08
BinBetrunken: raises $0.50 to $0.58
Hvat: folds 
Uncalled bet ($0.50) returned to BinBetrunken
BinBetrunken collected $0.88 from pot
BinBetrunken: doesn't show hand 
*** SUMMARY ***
Total pot $0.92 | Rake $0.04 
Board [Qh 4d 3s Kd]
Seat 1: Lorpugo folded before Flop (didn't bet)
Seat 2: emvi1337 folded before Flop (didn't bet)
Seat 3: Skljar folded before Flop (didn't bet)
Seat 4: BinBetrunken (button) collected ($0.88)
Seat 5: Hvat (small blind) folded on the Turn
Seat 6: Kunet (big blind) folded before Flop



PokerStars Hand #240917251199:  Hold'em No Limit ($0.01/$0.02 USD) - 2023/01/04 18:28:35 ET
Table 'Eulalia II' 6-max Seat #5 is the button
Seat 1: Lorpugo ($1.60 in chips) 
Seat 2: emvi1337 ($3.77 in chips) 
Seat 3: Skljar ($2.06 in chips) 
Seat 4: BinBetrunken ($3.27 in chips) 
Seat 5: Hvat ($1.91 in chips) 
Seat 6: Kunet ($2 in chips) 
Kunet: posts small blind $0.01
Lorpugo: posts big blind $0.02
*** HOLE CARDS ***
Dealt to Lorpugo [6h 2h]
emvi1337: folds 
Skljar: folds 
BinBetrunken: raises $0.04 to $0.06
Hvat: folds 
Kunet: folds 
Lorpugo: calls $0.04
*** FLOP *** [9h 7s Ts]
Lorpugo: checks 
BinBetrunken: checks 
*** TURN *** [9h 7s Ts] [Kd]
Lorpugo: bets $0.02
BinBetrunken: calls $0.02
*** RIVER *** [9h 7s Ts Kd] [5d]
Lorpugo: checks 
BinBetrunken: bets $0.16
Lorpugo: folds 
Uncalled bet ($0.16) returned to BinBetrunken
BinBetrunken collected $0.16 from pot
BinBetrunken: doesn't show hand 
*** SUMMARY ***
Total pot $0.17 | Rake $0.01 
Board [9h 7s Ts Kd 5d]
Seat 1: Lorpugo (big blind) folded on the River
Seat 2: emvi1337 folded before Flop (didn't bet)
Seat 3: Skljar folded before Flop (didn't bet)
Seat 4: BinBetrunken collected ($0.16)
Seat 5: Hvat (button) folded before Flop (didn't bet)
Seat 6: Kunet (small blind) folded before Flop



PokerStars Hand #240917276090:  Hold'em No Limit ($0.01/$0.02 USD) - 2023/01/04 18:29:44 ET
Table 'Eulalia II' 6-max Seat #6 is the button
Seat 1: Lorpugo ($1.52 in chips) 
Seat 2: emvi1337 ($3.77 in chips) 
Seat 3: Skljar ($2.06 in chips) 
Seat 4: BinBetrunken ($3.35 in chips) 
Seat 5: Hvat ($1.91 in chips) 
Seat 6: Kunet ($2 in chips) 
Lorpugo: posts small blind $0.01
emvi1337: posts big blind $0.02
*** HOLE CARDS ***
Dealt to Lorpugo [7s Th]
Skljar: folds 
BinBetrunken: folds 
Hvat: folds 
Kunet: raises $0.02 to $0.04
Lorpugo: raises $0.18 to $0.22
emvi1337: folds 
Kunet: folds 
Uncalled bet ($0.18) returned to Lorpugo
Lorpugo collected $0.10 from pot
Lorpugo: doesn't show hand 
*** SUMMARY ***
Total pot $0.10 | Rake $0 
Seat 1: Lorpugo (small blind) collected ($0.10)
Seat 2: emvi1337 (big blind) folded before Flop
Seat 3: Skljar folded before Flop (didn't bet)
Seat 4: BinBetrunken folded before Flop (didn't bet)
Seat 5: Hvat folded before Flop (didn't bet)
Seat 6: Kunet (button) folded before Flop



PokerStars Hand #240917283313:  Hold'em No Limit ($0.01/$0.02 USD) - 2023/01/04 18:30:04 ET
Table 'Eulalia II' 6-max Seat #1 is the button
Seat 1: Lorpugo ($1.58 in chips) 
Seat 2: emvi1337 ($3.75 in chips) 
Seat 3: Skljar ($2.06 in chips) 
Seat 4: BinBetrunken ($3.35 in chips) 
Seat 5: Hvat ($1.91 in chips) 
Seat 6: Kunet ($2 in chips) 
emvi1337: posts small blind $0.01
Skljar: posts big blind $0.02
*** HOLE CARDS ***
Dealt to Lorpugo [Qh 3c]
BinBetrunken: folds 
Hvat: folds 
Kunet: folds 
Lorpugo: raises $0.03 to $0.05
emvi1337: calls $0.04
Skljar: folds 
*** FLOP *** [4c Ad Ah]
emvi1337: checks 
Lorpugo: bets $0.04
emvi1337: calls $0.04
*** TURN *** [4c Ad Ah] [Ks]
emvi1337: checks 
Lorpugo: bets $0.02
emvi1337: calls $0.02
*** RIVER *** [4c Ad Ah Ks] [5d]
emvi1337: checks 
Lorpugo: checks 
*** SHOW DOWN ***
emvi1337: shows [7h 7d] (two pair, Aces and Sevens)
Lorpugo: mucks hand 
emvi1337 collected $0.23 from pot
*** SUMMARY ***
Total pot $0.24 | Rake $0.01 
Board [4c Ad Ah Ks 5d]
Seat 1: Lorpugo (button) mucked [Qh 3c]
Seat 2: emvi1337 (small blind) showed [7h 7d] and won ($0.23) with two pair, Aces and Sevens
Seat 3: Skljar (big blind) folded before Flop
Seat 4: BinBetrunken folded before Flop (didn't bet)
Seat 5: Hvat folded before Flop (didn't bet)
Seat 6: Kunet folded before Flop (didn't bet)



PokerStars Hand #240917298350:  Hold'em No Limit ($0.01/$0.02 USD) - 2023/01/04 18:30:44 ET
Table 'Eulalia II' 6-max Seat #2 is the button
Seat 1: Lorpugo ($1.47 in chips) 
Seat 2: emvi1337 ($3.87 in chips) 
Seat 3: Skljar ($2.04 in chips) 
Seat 4: BinBetrunken ($3.35 in chips) 
Seat 5: Hvat ($1.91 in chips) 
Seat 6: Kunet ($2 in chips) 
Skljar: posts small blind $0.01
BinBetrunken: posts big blind $0.02
*** HOLE CARDS ***
Dealt to Lorpugo [Ts Js]
Hvat: folds 
Kunet: folds 
Lorpugo: raises $0.05 to $0.07
emvi1337: folds 
Skljar: folds 
BinBetrunken: calls $0.05
*** FLOP *** [Jd 8d 6s]
BinBetrunken: checks 
Lorpugo: bets $0.14
BinBetrunken: calls $0.14
*** TURN *** [Jd 8d 6s] [9s]
BinBetrunken: checks 
Lorpugo: bets $0.27
BinBetrunken: calls $0.27
*** RIVER *** [Jd 8d 6s 9s] [Qd]
BinBetrunken: checks 
Lorpugo: bets $0.99 and is all-in
BinBetrunken: folds 
Uncalled bet ($0.99) returned to Lorpugo
Lorpugo collected $0.94 from pot
Lorpugo: doesn't show hand 
*** SUMMARY ***
Total pot $0.97 | Rake $0.03 
Board [Jd 8d 6s 9s Qd]
Seat 1: Lorpugo collected ($0.94)
Seat 2: emvi1337 (button) folded before Flop (didn't bet)
Seat 3: Skljar (small blind) folded before Flop
Seat 4: BinBetrunken (big blind) folded on the River
Seat 5: Hvat folded before Flop (didn't bet)
Seat 6: Kunet folded before Flop (didn't bet)



PokerStars Hand #240917323507:  Hold'em No Limit ($0.01/$0.02 USD) - 2023/01/04 18:31:53 ET
Table 'Eulalia II' 6-max Seat #3 is the button
Seat 1: Lorpugo ($1.93 in chips) 
Seat 2: emvi1337 ($3.87 in chips) 
Seat 3: Skljar ($2.03 in chips) 
Seat 4: BinBetrunken ($2.87 in chips) 
Seat 5: Hvat ($1.91 in chips) 
Seat 6: Kunet ($2 in chips) 
BinBetrunken: posts small blind $0.01
Hvat: posts big blind $0.02
*** HOLE CARDS ***
Dealt to Lorpugo [9h Ad]
Kunet: folds 
Lorpugo: raises $0.03 to $0.05
emvi1337: folds 
Skljar: folds 
BinBetrunken: folds 
Hvat: folds 
Uncalled bet ($0.03) returned to Lorpugo
Lorpugo collected $0.05 from pot
Lorpugo: doesn't show hand 
*** SUMMARY ***
Total pot $0.05 | Rake $0 
Seat 1: Lorpugo collected ($0.05)
Seat 2: emvi1337 folded before Flop (didn't bet)
Seat 3: Skljar (button) folded before Flop (didn't bet)
Seat 4: BinBetrunken (small blind) folded before Flop
Seat 5: Hvat (big blind) folded before Flop
Seat 6: Kunet folded before Flop (didn't bet)



PokerStars Hand #240917333882:  Hold'em No Limit ($0.01/$0.02 USD) - 2023/01/04 18:32:22 ET
Table 'Eulalia II' 6-max Seat #4 is the button
Seat 1: Lorpugo ($1.96 in chips) 
Seat 2: emvi1337 ($3.87 in chips) 
Seat 3: Skljar ($2.03 in chips) 
Seat 4: BinBetrunken ($2.86 in chips) 
Seat 5: Hvat ($1.89 in chips) 
Hvat: posts small blind $0.01
Lorpugo: posts big blind $0.02
*** HOLE CARDS ***
Dealt to Lorpugo [Tc 6h]
Kunet leaves the table
emvi1337: raises $0.04 to $0.06
Skljar: folds 
BinBetrunken: raises $0.10 to $0.16
Hvat: folds 
Lorpugo: folds 
emvi1337: calls $0.10
*** FLOP *** [4d 9s 7s]
emvi1337: checks 
BinBetrunken: bets $0.14
Raphael vict joins the table at seat #6 
emvi1337: folds 
Uncalled bet ($0.14) returned to BinBetrunken
BinBetrunken collected $0.34 from pot
BinBetrunken: doesn't show hand 
*** SUMMARY ***
Total pot $0.35 | Rake $0.01 
Board [4d 9s 7s]
Seat 1: Lorpugo (big blind) folded before Flop
Seat 2: emvi1337 folded on the Flop
Seat 3: Skljar folded before Flop (didn't bet)
Seat 4: BinBetrunken (button) collected ($0.34)
Seat 5: Hvat (small blind) folded before Flop



PokerStars Hand #240917345046:  Hold'em No Limit ($0.01/$0.02 USD) - 2023/01/04 18:32:52 ET
Table 'Eulalia II' 6-max Seat #5 is the button
Seat 1: Lorpugo ($1.94 in chips) 
Seat 2: emvi1337 ($3.71 in chips) 
Seat 3: Skljar ($2.03 in chips) 
Seat 4: BinBetrunken ($3.04 in chips) 
Seat 5: Hvat ($1.88 in chips) 
Lorpugo: posts small blind $0.01
emvi1337: posts big blind $0.02
*** HOLE CARDS ***
Dealt to Lorpugo [Qh Qs]
Skljar: folds 
BinBetrunken: folds 
Hvat: folds 
Lorpugo: raises $0.02 to $0.04
emvi1337: folds 
Uncalled bet ($0.02) returned to Lorpugo
Lorpugo collected $0.04 from pot
Lorpugo: doesn't show hand 
*** SUMMARY ***
Total pot $0.04 | Rake $0 
Seat 1: Lorpugo (small blind) collected ($0.04)
Seat 2: emvi1337 (big blind) folded before Flop
Seat 3: Skljar folded before Flop (didn't bet)
Seat 4: BinBetrunken folded before Flop (didn't bet)
Seat 5: Hvat (button) folded before Flop (didn't bet)



PokerStars Hand #240917349455:  Hold'em No Limit ($0.01/$0.02 USD) - 2023/01/04 18:33:04 ET
Table 'Eulalia II' 6-max Seat #1 is the button
Seat 1: Lorpugo ($1.96 in chips) 
Seat 2: emvi1337 ($3.69 in chips) 
Seat 3: Skljar ($2.03 in chips) 
Seat 4: BinBetrunken ($3.04 in chips) 
Seat 5: Hvat ($1.88 in chips) 
emvi1337: posts small blind $0.01
Skljar: posts big blind $0.02
*** HOLE CARDS ***
Dealt to Lorpugo [6h 3s]
BinBetrunken: folds 
Hvat: folds 
Lorpugo: folds 
emvi1337: raises $0.02 to $0.04
Skljar: folds 
Uncalled bet ($0.02) returned to emvi1337
emvi1337 collected $0.04 from pot
emvi1337: doesn't show hand 
*** SUMMARY ***
Total pot $0.04 | Rake $0 
Seat 1: Lorpugo (button) folded before Flop (didn't bet)
Seat 2: emvi1337 (small blind) collected ($0.04)
Seat 3: Skljar (big blind) folded before Flop
Seat 4: BinBetrunken folded before Flop (didn't bet)
Seat 5: Hvat folded before Flop (didn't bet)



PokerStars Hand #240917359069:  Hold'em No Limit ($0.01/$0.02 USD) - 2023/01/04 18:33:31 ET
Table 'Eulalia II' 6-max Seat #2 is the button
Seat 1: Lorpugo ($1.96 in chips) 
Seat 2: emvi1337 ($3.71 in chips) 
Seat 3: Skljar ($2.01 in chips) 
Seat 4: BinBetrunken ($3.04 in chips) 
Seat 5: Hvat ($1.88 in chips) 
Skljar: posts small blind $0.01
BinBetrunken: posts big blind $0.02
*** HOLE CARDS ***
Dealt to Lorpugo [5d Qd]
Hvat: raises $0.05 to $0.07
Lorpugo: folds 
emvi1337: folds 
Skljar: calls $0.06
BinBetrunken: folds 
*** FLOP *** [7s Kc 7c]
Skljar: checks 
Hvat: bets $0.10
Skljar: calls $0.10
*** TURN *** [7s Kc 7c] [Js]
Skljar: checks 
Hvat: checks 
*** RIVER *** [7s Kc 7c Js] [Qc]
Skljar: bets $0.30
Hvat: folds 
Uncalled bet ($0.30) returned to Skljar
Skljar collected $0.35 from pot
Skljar: doesn't show hand 
*** SUMMARY ***
Total pot $0.36 | Rake $0.01 
Board [7s Kc 7c Js Qc]
Seat 1: Lorpugo folded before Flop (didn't bet)
Seat 2: emvi1337 (button) folded before Flop (didn't bet)
Seat 3: Skljar (small blind) collected ($0.35)
Seat 4: BinBetrunken (big blind) folded before Flop
Seat 5: Hvat folded on the River



PokerStars Hand #240917380180:  Hold'em No Limit ($0.01/$0.02 USD) - 2023/01/04 18:34:29 ET
Table 'Eulalia II' 6-max Seat #3 is the button
Seat 1: Lorpugo ($1.96 in chips) 
Seat 2: emvi1337 ($3.71 in chips) 
Seat 3: Skljar ($2.19 in chips) 
Seat 4: BinBetrunken ($3.02 in chips) 
Seat 5: Hvat ($1.71 in chips) 
Seat 6: Raphael vict ($1.60 in chips) 
BinBetrunken: posts small blind $0.01
Hvat: posts big blind $0.02
Raphael vict: posts big blind $0.02
*** HOLE CARDS ***
Dealt to Lorpugo [7c Jc]
Raphael vict: checks 
Lorpugo: raises $0.02 to $0.04
emvi1337: folds 
Skljar: calls $0.04
BinBetrunken: calls $0.03
Hvat: folds 
Raphael vict: calls $0.02
*** FLOP *** [Ac Qd 5s]
BinBetrunken: checks 
Raphael vict: bets $0.50
Lorpugo: folds 
Skljar: folds 
BinBetrunken: folds 
Uncalled bet ($0.50) returned to Raphael vict
Raphael vict collected $0.17 from pot
Raphael vict: doesn't show hand 
*** SUMMARY ***
Total pot $0.18 | Rake $0.01 
Board [Ac Qd 5s]
Seat 1: Lorpugo folded on the Flop
Seat 2: emvi1337 folded before Flop (didn't bet)
Seat 3: Skljar (button) folded on the Flop
Seat 4: BinBetrunken (small blind) folded on the Flop
Seat 5: Hvat (big blind) folded before Flop
Seat 6: Raphael vict collected ($0.17)



PokerStars Hand #240917393601:  Hold'em No Limit ($0.01/$0.02 USD) - 2023/01/04 18:35:05 ET
Table 'Eulalia II' 6-max Seat #4 is the button
Seat 1: Lorpugo ($1.92 in chips) 
Seat 2: emvi1337 ($3.71 in chips) 
Seat 3: Skljar ($2.15 in chips) 
Seat 4: BinBetrunken ($2.98 in chips) 
Seat 5: Hvat ($1.69 in chips) 
Seat 6: Raphael vict ($1.73 in chips) 
Hvat: posts small blind $0.01
Raphael vict: posts big blind $0.02
*** HOLE CARDS ***
Dealt to Lorpugo [5s As]
Lorpugo: raises $0.02 to $0.04
emvi1337: folds 
Skljar: folds 
BinBetrunken: folds 
Hvat: folds 
Raphael vict: calls $0.02
*** FLOP *** [9h Ts 2h]
Raphael vict: checks 
Lorpugo: checks 
*** TURN *** [9h Ts 2h] [4s]
Raphael vict: bets $0.10
Lorpugo: calls $0.10
*** RIVER *** [9h Ts 2h 4s] [3d]
Raphael vict: bets $1.59 and is all-in
Lorpugo: calls $1.59
*** SHOW DOWN ***
Raphael vict: shows [6c 5c] (a straight, Deuce to Six)
Lorpugo: shows [5s As] (a straight, Ace to Five)
Raphael vict collected $3.35 from pot
*** SUMMARY ***
Total pot $3.47 | Rake $0.12 
Board [9h Ts 2h 4s 3d]
Seat 1: Lorpugo showed [5s As] and lost with a straight, Ace to Five
Seat 2: emvi1337 folded before Flop (didn't bet)
Seat 3: Skljar folded before Flop (didn't bet)
Seat 4: BinBetrunken (button) folded before Flop (didn't bet)
Seat 5: Hvat (small blind) folded before Flop
Seat 6: Raphael vict (big blind) showed [6c 5c] and won ($3.35) with a straight, Deuce to Six



PokerStars Hand #240917411652:  Hold'em No Limit ($0.01/$0.02 USD) - 2023/01/04 18:35:54 ET
Table 'Eulalia II' 6-max Seat #5 is the button
Seat 1: Lorpugo ($0.19 in chips) 
Seat 2: emvi1337 ($3.71 in chips) 
Seat 3: Skljar ($2.15 in chips) 
Seat 4: BinBetrunken ($2.98 in chips) 
Seat 5: Hvat ($1.68 in chips) 
Seat 6: Raphael vict ($3.35 in chips) 
Raphael vict: posts small blind $0.01
Lorpugo: posts big blind $0.02
*** HOLE CARDS ***
Dealt to Lorpugo [Ad As]
emvi1337: folds 
Skljar: calls $0.02
BinBetrunken: raises $0.06 to $0.08
Hvat: folds 
Raphael vict: folds 
Lorpugo: raises $0.11 to $0.19 and is all-in
Skljar: folds 
BinBetrunken: calls $0.11
*** FLOP *** [5d 3d 2d]
*** TURN *** [5d 3d 2d] [8d]
*** RIVER *** [5d 3d 2d 8d] [5h]
*** SHOW DOWN ***
Lorpugo: shows [Ad As] (a flush, Ace high)
BinBetrunken: shows [Qs 9s] (a pair of Fives)
Lorpugo collected $0.40 from pot
*** SUMMARY ***
Total pot $0.41 | Rake $0.01 
Board [5d 3d 2d 8d 5h]
Seat 1: Lorpugo (big blind) showed [Ad As] and won ($0.40) with a flush, Ace high
Seat 2: emvi1337 folded before Flop (didn't bet)
Seat 3: Skljar folded before Flop
Seat 4: BinBetrunken showed [Qs 9s] and lost with a pair of Fives
Seat 5: Hvat (button) folded before Flop (didn't bet)
Seat 6: Raphael vict (small blind) folded before Flop



PokerStars Hand #240917424169:  Hold'em No Limit ($0.01/$0.02 USD) - 2023/01/04 18:36:29 ET
Table 'Eulalia II' 6-max Seat #6 is the button
Seat 1: Lorpugo ($0.40 in chips) 
Seat 2: emvi1337 ($3.71 in chips) 
Seat 3: Skljar ($2.13 in chips) 
Seat 4: BinBetrunken ($2.79 in chips) 
Seat 5: Hvat ($1.68 in chips) 
Seat 6: Raphael vict ($3.34 in chips) 
Lorpugo: posts small blind $0.01
emvi1337: posts big blind $0.02
*** HOLE CARDS ***
Dealt to Lorpugo [6s Ac]
Skljar: calls $0.02
BinBetrunken: folds 
Hvat: folds 
Raphael vict: calls $0.02
Lorpugo: raises $0.38 to $0.40 and is all-in
emvi1337: folds 
Skljar: folds 
Raphael vict: calls $0.38
*** FLOP *** [2d As Ks]
*** TURN *** [2d As Ks] [4s]
*** RIVER *** [2d As Ks 4s] [9h]
*** SHOW DOWN ***
Lorpugo: shows [6s Ac] (a pair of Aces)
Raphael vict: shows [Jc 4d] (a pair of Fours)
Lorpugo collected $0.81 from pot
*** SUMMARY ***
Total pot $0.84 | Rake $0.03 
Board [2d As Ks 4s 9h]
Seat 1: Lorpugo (small blind) showed [6s Ac] and won ($0.81) with a pair of Aces
Seat 2: emvi1337 (big blind) folded before Flop
Seat 3: Skljar folded before Flop
Seat 4: BinBetrunken folded before Flop (didn't bet)
Seat 5: Hvat folded before Flop (didn't bet)
Seat 6: Raphael vict (button) showed [Jc 4d] and lost with a pair of Fours



PokerStars Hand #240917441606:  Hold'em No Limit ($0.01/$0.02 USD) - 2023/01/04 18:37:17 ET
Table 'Eulalia II' 6-max Seat #1 is the button
Seat 1: Lorpugo ($0.81 in chips) 
Seat 2: emvi1337 ($3.69 in chips) 
Seat 3: Skljar ($2.11 in chips) 
Seat 4: BinBetrunken ($2.79 in chips) 
Seat 5: Hvat ($1.68 in chips) 
Seat 6: Raphael vict ($2.94 in chips) 
emvi1337: posts small blind $0.01
Skljar: posts big blind $0.02
*** HOLE CARDS ***
Dealt to Lorpugo [5s Ks]
BinBetrunken: folds 
Hvat: folds 
Raphael vict: calls $0.02
Lorpugo: raises $0.03 to $0.05
emvi1337: folds 
Skljar: folds 
Raphael vict: calls $0.03
*** FLOP *** [9d 2s 2d]
Raphael vict: checks 
Lorpugo: bets $0.04
Raphael vict: folds 
Uncalled bet ($0.04) returned to Lorpugo
Lorpugo collected $0.13 from pot
Lorpugo: doesn't show hand 
*** SUMMARY ***
Total pot $0.13 | Rake $0 
Board [9d 2s 2d]
Seat 1: Lorpugo (button) collected ($0.13)
Seat 2: emvi1337 (small blind) folded before Flop
Seat 3: Skljar (big blind) folded before Flop
Seat 4: BinBetrunken folded before Flop (didn't bet)
Seat 5: Hvat folded before Flop (didn't bet)
Seat 6: Raphael vict folded on the Flop



PokerStars Hand #240917459720:  Hold'em No Limit ($0.01/$0.02 USD) - 2023/01/04 18:38:06 ET
Table 'Eulalia II' 6-max Seat #2 is the button
Seat 1: Lorpugo ($0.89 in chips) 
Seat 2: emvi1337 ($3.68 in chips) 
Seat 3: Skljar ($2.09 in chips) 
Seat 4: BinBetrunken ($2.79 in chips) 
Seat 5: Hvat ($1.68 in chips) 
Seat 6: Raphael vict ($2.89 in chips) 
Skljar: posts small blind $0.01
BinBetrunken: posts big blind $0.02
*** HOLE CARDS ***
Dealt to Lorpugo [3c 9c]
Hvat: folds 
Raphael vict: calls $0.02
Lorpugo: folds 
emvi1337: folds 
Skljar: folds 
BinBetrunken: raises $0.04 to $0.06
Raphael vict: calls $0.04
*** FLOP *** [8s 9d 4d]
BinBetrunken: bets $0.04
Raphael vict: raises $0.04 to $0.08
BinBetrunken: calls $0.04
*** TURN *** [8s 9d 4d] [Kc]
BinBetrunken: checks 
Raphael vict: bets $2.75 and is all-in
BinBetrunken: folds 
Uncalled bet ($2.75) returned to Raphael vict
Raphael vict collected $0.28 from pot
Raphael vict: doesn't show hand 
*** SUMMARY ***
Total pot $0.29 | Rake $0.01 
Board [8s 9d 4d Kc]
Seat 1: Lorpugo folded before Flop (didn't bet)
Seat 2: emvi1337 (button) folded before Flop (didn't bet)
Seat 3: Skljar (small blind) folded before Flop
Seat 4: BinBetrunken (big blind) folded on the Turn
Seat 5: Hvat folded before Flop (didn't bet)
Seat 6: Raphael vict collected ($0.28)



PokerStars Hand #240917474447:  Hold'em No Limit ($0.01/$0.02 USD) - 2023/01/04 18:38:47 ET
Table 'Eulalia II' 6-max Seat #3 is the button
Seat 1: Lorpugo ($0.89 in chips) 
Seat 2: emvi1337 ($3.68 in chips) 
Seat 3: Skljar ($2.08 in chips) 
Seat 4: BinBetrunken ($2.65 in chips) 
Seat 5: Hvat ($1.68 in chips) 
Seat 6: Raphael vict ($3.03 in chips) 
BinBetrunken: posts small blind $0.01
Hvat: posts big blind $0.02
*** HOLE CARDS ***
Dealt to Lorpugo [5d Td]
Raphael vict: raises $0.98 to $1
Lorpugo: folds 
emvi1337: folds 
Skljar: folds 
BinBetrunken: folds 
Hvat: folds 
Uncalled bet ($0.98) returned to Raphael vict
Raphael vict collected $0.05 from pot
Raphael vict: doesn't show hand 
*** SUMMARY ***
Total pot $0.05 | Rake $0 
Seat 1: Lorpugo folded before Flop (didn't bet)
Seat 2: emvi1337 folded before Flop (didn't bet)
Seat 3: Skljar (button) folded before Flop (didn't bet)
Seat 4: BinBetrunken (small blind) folded before Flop
Seat 5: Hvat (big blind) folded before Flop
Seat 6: Raphael vict collected ($0.05)



PokerStars Hand #240917484248:  Hold'em No Limit ($0.01/$0.02 USD) - 2023/01/04 18:39:14 ET
Table 'Eulalia II' 6-max Seat #4 is the button
Seat 1: Lorpugo ($0.89 in chips) 
Seat 2: emvi1337 ($3.68 in chips) 
Seat 3: Skljar ($2.08 in chips) 
Seat 4: BinBetrunken ($2.64 in chips) 
Seat 5: Hvat ($1.66 in chips) 
Seat 6: Raphael vict ($3.06 in chips) 
Hvat: posts small blind $0.01
Raphael vict: posts big blind $0.02
*** HOLE CARDS ***
Dealt to Lorpugo [8c 8h]
Lorpugo: raises $0.02 to $0.04
emvi1337: folds 
Skljar: folds 
BinBetrunken: folds 
Hvat: folds 
Raphael vict: calls $0.02
*** FLOP *** [Qs Kc 9c]
Raphael vict: checks 
Lorpugo: checks 
*** TURN *** [Qs Kc 9c] [Ac]
Raphael vict: checks 
Lorpugo: checks 
*** RIVER *** [Qs Kc 9c Ac] [Qc]
Raphael vict: bets $0.60
Lorpugo: folds 
Uncalled bet ($0.60) returned to Raphael vict
Raphael vict collected $0.09 from pot
Raphael vict: doesn't show hand 
*** SUMMARY ***
Total pot $0.09 | Rake $0 
Board [Qs Kc 9c Ac Qc]
Seat 1: Lorpugo folded on the River
Seat 2: emvi1337 folded before Flop (didn't bet)
Seat 3: Skljar folded before Flop (didn't bet)
Seat 4: BinBetrunken (button) folded before Flop (didn't bet)
Seat 5: Hvat (small blind) folded before Flop
Seat 6: Raphael vict (big blind) collected ($0.09)



PokerStars Hand #240917516489:  Hold'em No Limit ($0.01/$0.02 USD) - 2023/01/04 18:40:44 ET
Table 'Eulalia II' 6-max Seat #5 is the button
Seat 1: Lorpugo ($0.85 in chips) 
Seat 2: emvi1337 ($3.68 in chips) 
Seat 3: Skljar ($2.08 in chips) 
Seat 4: BinBetrunken ($2.64 in chips) 
Seat 5: Hvat ($1.65 in chips) 
Seat 6: Raphael vict ($3.11 in chips) 
Raphael vict: posts small blind $0.01
Lorpugo: posts big blind $0.02
*** HOLE CARDS ***
Dealt to Lorpugo [8c Ah]
emvi1337: folds 
Skljar: calls $0.02
BinBetrunken: raises $0.04 to $0.06
Hvat: folds 
Raphael vict: folds 
Lorpugo: calls $0.04
Skljar: folds 
*** FLOP *** [9h 8h 5h]
Lorpugo: checks 
BinBetrunken: bets $0.07
Lorpugo: raises $0.72 to $0.79 and is all-in
BinBetrunken: calls $0.72
*** TURN *** [9h 8h 5h] [7h]
*** RIVER *** [9h 8h 5h 7h] [9d]
*** SHOW DOWN ***
Lorpugo: shows [8c Ah] (a flush, Ace high)
BinBetrunken: shows [9c As] (three of a kind, Nines)
Lorpugo collected $1.67 from pot
BinBetrunken cashed out the hand for $0.93 | Cash Out Fee $0.01
*** SUMMARY ***
Total pot $1.73 | Rake $0.06 
Board [9h 8h 5h 7h 9d]
Seat 1: Lorpugo (big blind) showed [8c Ah] and won ($1.67) with a flush, Ace high
Seat 2: emvi1337 folded before Flop (didn't bet)
Seat 3: Skljar folded before Flop
Seat 4: BinBetrunken showed [9c As] and lost with three of a kind, Nines (cashed out).
Seat 5: Hvat (button) folded before Flop (didn't bet)
Seat 6: Raphael vict (small blind) folded before Flop



PokerStars Hand #240917535253:  Hold'em No Limit ($0.01/$0.02 USD) - 2023/01/04 18:41:37 ET
Table 'Eulalia II' 6-max Seat #6 is the button
Seat 1: Lorpugo ($1.67 in chips) 
Seat 2: emvi1337 ($3.68 in chips) 
Seat 3: Skljar ($2.06 in chips) 
Seat 4: BinBetrunken ($2.72 in chips) 
Seat 5: Hvat ($1.65 in chips) 
Seat 6: Raphael vict ($3.10 in chips) 
Lorpugo: posts small blind $0.01
emvi1337: posts big blind $0.02
*** HOLE CARDS ***
Dealt to Lorpugo [Ts 2c]
Skljar: folds 
BinBetrunken: folds 
Hvat: folds 
Raphael vict has timed out
Raphael vict: folds 
Lorpugo: raises $0.12 to $0.14
emvi1337: folds 
Uncalled bet ($0.12) returned to Lorpugo
Lorpugo collected $0.04 from pot
Lorpugo: doesn't show hand 
*** SUMMARY ***
Total pot $0.04 | Rake $0 
Seat 1: Lorpugo (small blind) collected ($0.04)
Seat 2: emvi1337 (big blind) folded before Flop
Seat 3: Skljar folded before Flop (didn't bet)
Seat 4: BinBetrunken folded before Flop (didn't bet)
Seat 5: Hvat folded before Flop (didn't bet)
Seat 6: Raphael vict (button) folded before Flop (didn't bet)



PokerStars Hand #240917544850:  Hold'em No Limit ($0.01/$0.02 USD) - 2023/01/04 18:42:04 ET
Table 'Eulalia II' 6-max Seat #1 is the button
Seat 1: Lorpugo ($1.69 in chips) 
Seat 2: emvi1337 ($3.66 in chips) 
Seat 3: Skljar ($2.06 in chips) 
Seat 4: BinBetrunken ($2.72 in chips) 
Seat 5: Hvat ($1.65 in chips) 
emvi1337: posts small blind $0.01
Skljar: posts big blind $0.02
*** HOLE CARDS ***
Dealt to Lorpugo [2c Tc]
BinBetrunken: folds 
Hvat: folds 
Lorpugo: raises $0.02 to $0.04
emvi1337: folds 
Skljar: folds 
Uncalled bet ($0.02) returned to Lorpugo
Lorpugo collected $0.05 from pot
Lorpugo: doesn't show hand 
*** SUMMARY ***
Total pot $0.05 | Rake $0 
Seat 1: Lorpugo (button) collected ($0.05)
Seat 2: emvi1337 (small blind) folded before Flop
Seat 3: Skljar (big blind) folded before Flop
Seat 4: BinBetrunken folded before Flop (didn't bet)
Seat 5: Hvat folded before Flop (didn't bet)



PokerStars Hand #240917550031:  Hold'em No Limit ($0.01/$0.02 USD) - 2023/01/04 18:42:18 ET
Table 'Eulalia II' 6-max Seat #2 is the button
Seat 1: Lorpugo ($1.72 in chips) 
Seat 2: emvi1337 ($3.65 in chips) 
Seat 3: Skljar ($2.04 in chips) 
Seat 4: BinBetrunken ($2.72 in chips) 
Seat 5: Hvat ($1.65 in chips) 
Seat 6: Raphael vict ($3.10 in chips) 
Skljar: posts small blind $0.01
BinBetrunken: posts big blind $0.02
*** HOLE CARDS ***
Dealt to Lorpugo [Kd 7h]
Hvat: folds 
Raphael vict: raises $0.02 to $0.04
Lorpugo: folds 
emvi1337: folds 
Skljar: folds 
BinBetrunken: calls $0.02
*** FLOP *** [Ah 6s Qh]
BinBetrunken: checks 
Raphael vict: bets $0.05
BinBetrunken: folds 
Uncalled bet ($0.05) returned to Raphael vict
Raphael vict collected $0.09 from pot
Raphael vict: doesn't show hand 
*** SUMMARY ***
Total pot $0.09 | Rake $0 
Board [Ah 6s Qh]
Seat 1: Lorpugo folded before Flop (didn't bet)
Seat 2: emvi1337 (button) folded before Flop (didn't bet)
Seat 3: Skljar (small blind) folded before Flop
Seat 4: BinBetrunken (big blind) folded on the Flop
Seat 5: Hvat folded before Flop (didn't bet)
Seat 6: Raphael vict collected ($0.09)



PokerStars Hand #240917569150:  Hold'em No Limit ($0.01/$0.02 USD) - 2023/01/04 18:43:12 ET
Table 'Eulalia II' 6-max Seat #3 is the button
Seat 1: Lorpugo ($1.72 in chips) 
Seat 2: emvi1337 ($3.65 in chips) 
Seat 3: Skljar ($2.03 in chips) 
Seat 4: BinBetrunken ($2.68 in chips) 
Seat 5: Hvat ($1.65 in chips) 
Seat 6: Raphael vict ($3.15 in chips) 
BinBetrunken: posts small blind $0.01
Hvat: posts big blind $0.02
*** HOLE CARDS ***
Dealt to Lorpugo [4d Qd]
Raphael vict: raises $0.02 to $0.04
Lorpugo: folds 
emvi1337: folds 
Skljar: calls $0.04
BinBetrunken: folds 
Hvat: calls $0.02
*** FLOP *** [5c Jd Kd]
Hvat: checks 
Raphael vict: bets $0.02
Skljar: calls $0.02
Hvat: folds 
*** TURN *** [5c Jd Kd] [3h]
Raphael vict: checks 
Skljar: checks 
*** RIVER *** [5c Jd Kd 3h] [2c]
Raphael vict: checks 
Skljar: checks 
*** SHOW DOWN ***
Raphael vict: shows [5s Ad] (a pair of Fives)
Skljar: mucks hand 
Raphael vict collected $0.16 from pot
*** SUMMARY ***
Total pot $0.17 | Rake $0.01 
Board [5c Jd Kd 3h 2c]
Seat 1: Lorpugo folded before Flop (didn't bet)
Seat 2: emvi1337 folded before Flop (didn't bet)
Seat 3: Skljar (button) mucked [Ac 8s]
Seat 4: BinBetrunken (small blind) folded before Flop
Seat 5: Hvat (big blind) folded on the Flop
Seat 6: Raphael vict showed [5s Ad] and won ($0.16) with a pair of Fives



PokerStars Hand #240917594093:  Hold'em No Limit ($0.01/$0.02 USD) - 2023/01/04 18:44:23 ET
Table 'Eulalia II' 6-max Seat #4 is the button
Seat 1: Lorpugo ($1.72 in chips) 
Seat 2: emvi1337 ($3.65 in chips) 
Seat 3: Skljar ($2 in chips) 
Seat 4: BinBetrunken ($2.67 in chips) 
Seat 5: Hvat ($1.61 in chips) 
Seat 6: Raphael vict ($3.25 in chips) 
Hvat: posts small blind $0.01
Raphael vict: posts big blind $0.02
*** HOLE CARDS ***
Dealt to Lorpugo [2c Jc]
Lorpugo: folds 
emvi1337: folds 
Skljar: folds 
BinBetrunken: folds 
Hvat: raises $0.04 to $0.06
Raphael vict: raises $0.04 to $0.10
Hvat: folds 
Uncalled bet ($0.04) returned to Raphael vict
Raphael vict collected $0.12 from pot
Raphael vict: doesn't show hand 
*** SUMMARY ***
Total pot $0.12 | Rake $0 
Seat 1: Lorpugo folded before Flop (didn't bet)
Seat 2: emvi1337 folded before Flop (didn't bet)
Seat 3: Skljar folded before Flop (didn't bet)
Seat 4: BinBetrunken (button) folded before Flop (didn't bet)
Seat 5: Hvat (small blind) folded before Flop
Seat 6: Raphael vict (big blind) collected ($0.12)



PokerStars Hand #240917605083:  Hold'em No Limit ($0.01/$0.02 USD) - 2023/01/04 18:44:55 ET
Table 'Eulalia II' 6-max Seat #5 is the button
Seat 1: Lorpugo ($1.72 in chips) 
Seat 2: emvi1337 ($3.65 in chips) 
Seat 3: Skljar ($2 in chips) 
Seat 4: BinBetrunken ($2.67 in chips) 
Seat 5: Hvat ($1.55 in chips) 
Seat 6: Raphael vict ($3.31 in chips) 
Raphael vict: posts small blind $0.01
Lorpugo: posts big blind $0.02
*** HOLE CARDS ***
Dealt to Lorpugo [8h Th]
emvi1337: folds 
Skljar: folds 
BinBetrunken: folds 
Hvat: folds 
Raphael vict: raises $0.02 to $0.04
Lorpugo: raises $0.14 to $0.18
Raphael vict: calls $0.14
*** FLOP *** [6s Qc Kd]
Raphael vict: checks 
Lorpugo: bets $0.02
Raphael vict: calls $0.02
*** TURN *** [6s Qc Kd] [8c]
Raphael vict: checks 
Lorpugo: checks 
*** RIVER *** [6s Qc Kd 8c] [7h]
Raphael vict: bets $0.20
Lorpugo: folds 
Uncalled bet ($0.20) returned to Raphael vict
Raphael vict collected $0.39 from pot
Raphael vict: doesn't show hand 
*** SUMMARY ***
Total pot $0.40 | Rake $0.01 
Board [6s Qc Kd 8c 7h]
Seat 1: Lorpugo (big blind) folded on the River
Seat 2: emvi1337 folded before Flop (didn't bet)
Seat 3: Skljar folded before Flop (didn't bet)
Seat 4: BinBetrunken folded before Flop (didn't bet)
Seat 5: Hvat (button) folded before Flop (didn't bet)
Seat 6: Raphael vict (small blind) collected ($0.39)



PokerStars Hand #240917641440:  Hold'em No Limit ($0.01/$0.02 USD) - 2023/01/04 18:46:40 ET
Table 'Eulalia II' 6-max Seat #6 is the button
Seat 1: Lorpugo ($1.52 in chips) 
Seat 2: emvi1337 ($3.65 in chips) 
Seat 3: Skljar ($2 in chips) 
Seat 4: BinBetrunken ($2.67 in chips) 
Seat 5: Hvat ($1.55 in chips) 
Seat 6: Raphael vict ($3.50 in chips) 
Lorpugo: posts small blind $0.01
emvi1337: posts big blind $0.02
*** HOLE CARDS ***
Dealt to Lorpugo [Ts Kc]
Skljar: calls $0.02
BinBetrunken has timed out
BinBetrunken: folds 
Hvat: folds 
Raphael vict: calls $0.02
Lorpugo: calls $0.01
emvi1337: checks 
*** FLOP *** [5d 5s 2d]
Lorpugo: bets $0.04
emvi1337: folds 
Skljar: calls $0.04
Raphael vict: calls $0.04
*** TURN *** [5d 5s 2d] [Ks]
Lorpugo: bets $0.06
Skljar: folds 
Raphael vict: raises $0.34 to $0.40
Lorpugo has timed out
Lorpugo: folds 
Uncalled bet ($0.34) returned to Raphael vict
Raphael vict collected $0.31 from pot
Raphael vict: doesn't show hand 
*** SUMMARY ***
Total pot $0.32 | Rake $0.01 
Board [5d 5s 2d Ks]
Seat 1: Lorpugo (small blind) folded on the Turn
Seat 2: emvi1337 (big blind) folded on the Flop
Seat 3: Skljar folded on the Turn
Seat 4: BinBetrunken folded before Flop (didn't bet)
Seat 5: Hvat folded before Flop (didn't bet)
Seat 6: Raphael vict (button) collected ($0.31)



