PokerStars Hand #240917799245:  Hold'em No Limit ($0.01/$0.02 USD) - 2023/01/04 18:54:20 ET
Table 'Hamiltonia II' 6-max Seat #1 is the button
Seat 1: descandy ($2.76 in chips) 
Seat 2: Kovchyk_V ($2.21 in chips) 
Seat 3: Lorpugo ($1.60 in chips) 
Seat 4: qwerty1556 ($4.39 in chips) 
Seat 5: Nastasia1030 ($2.08 in chips) 
Seat 6: DelaneyJack ($2.15 in chips) 
Kovchyk_V: posts small blind $0.01
Lorpugo: posts big blind $0.02
*** HOLE CARDS ***
Dealt to Lorpugo [7c 9h]
qwerty1556: folds 
Nastasia1030: folds 
DelaneyJack: raises $0.04 to $0.06
descandy: folds 
Kovchyk_V: folds 
Lorpugo: folds 
Uncalled bet ($0.04) returned to DelaneyJack
DelaneyJack collected $0.05 from pot
DelaneyJack: doesn't show hand 
*** SUMMARY ***
Total pot $0.05 | Rake $0 
Seat 1: descandy (button) folded before Flop (didn't bet)
Seat 2: Kovchyk_V (small blind) folded before Flop
Seat 3: Lorpugo (big blind) folded before Flop
Seat 4: qwerty1556 folded before Flop (didn't bet)
Seat 5: Nastasia1030 folded before Flop (didn't bet)
Seat 6: DelaneyJack collected ($0.05)



PokerStars Hand #240917805676:  Hold'em No Limit ($0.01/$0.02 USD) - 2023/01/04 18:54:39 ET
Table 'Hamiltonia II' 6-max Seat #2 is the button
Seat 1: descandy ($2.76 in chips) 
Seat 2: Kovchyk_V ($2.20 in chips) 
Seat 3: Lorpugo ($1.58 in chips) 
Seat 4: qwerty1556 ($4.39 in chips) 
Seat 5: Nastasia1030 ($2.08 in chips) 
Seat 6: DelaneyJack ($2.18 in chips) 
Lorpugo: posts small blind $0.01
qwerty1556: posts big blind $0.02
*** HOLE CARDS ***
Dealt to Lorpugo [6d Ah]
Nastasia1030: raises $0.04 to $0.06
DelaneyJack: calls $0.06
descandy: folds 
Kovchyk_V: folds 
Lorpugo: folds 
qwerty1556: folds 
*** FLOP *** [5h 9d 8d]
Nastasia1030: bets $0.07
DelaneyJack: folds 
Uncalled bet ($0.07) returned to Nastasia1030
Nastasia1030 collected $0.14 from pot
Nastasia1030: doesn't show hand 
*** SUMMARY ***
Total pot $0.15 | Rake $0.01 
Board [5h 9d 8d]
Seat 1: descandy folded before Flop (didn't bet)
Seat 2: Kovchyk_V (button) folded before Flop (didn't bet)
Seat 3: Lorpugo (small blind) folded before Flop
Seat 4: qwerty1556 (big blind) folded before Flop
Seat 5: Nastasia1030 collected ($0.14)
Seat 6: DelaneyJack folded on the Flop



PokerStars Hand #240917816550:  Hold'em No Limit ($0.01/$0.02 USD) - 2023/01/04 18:55:13 ET
Table 'Hamiltonia II' 6-max Seat #3 is the button
Seat 1: descandy ($2.76 in chips) 
Seat 2: Kovchyk_V ($2.20 in chips) 
Seat 3: Lorpugo ($1.57 in chips) 
Seat 4: qwerty1556 ($4.37 in chips) 
Seat 5: Nastasia1030 ($2.16 in chips) 
Seat 6: DelaneyJack ($2.12 in chips) 
qwerty1556: posts small blind $0.01
Nastasia1030: posts big blind $0.02
*** HOLE CARDS ***
Dealt to Lorpugo [3d 2s]
DelaneyJack: folds 
descandy: folds 
Kovchyk_V: folds 
Lorpugo: folds 
qwerty1556: raises $0.04 to $0.06
Nastasia1030: calls $0.04
*** FLOP *** [Kh Tc Qc]
qwerty1556: checks 
Nastasia1030: checks 
*** TURN *** [Kh Tc Qc] [3s]
qwerty1556: bets $0.12
Nastasia1030: folds 
Uncalled bet ($0.12) returned to qwerty1556
qwerty1556 collected $0.12 from pot
qwerty1556: doesn't show hand 
*** SUMMARY ***
Total pot $0.12 | Rake $0 
Board [Kh Tc Qc 3s]
Seat 1: descandy folded before Flop (didn't bet)
Seat 2: Kovchyk_V folded before Flop (didn't bet)
Seat 3: Lorpugo (button) folded before Flop (didn't bet)
Seat 4: qwerty1556 (small blind) collected ($0.12)
Seat 5: Nastasia1030 (big blind) folded on the Turn
Seat 6: DelaneyJack folded before Flop (didn't bet)



PokerStars Hand #240917824644:  Hold'em No Limit ($0.01/$0.02 USD) - 2023/01/04 18:55:44 ET
Table 'Hamiltonia II' 6-max Seat #4 is the button
Seat 1: descandy ($2.76 in chips) 
Seat 2: Kovchyk_V ($2.20 in chips) 
Seat 3: Lorpugo ($1.57 in chips) 
Seat 4: qwerty1556 ($4.43 in chips) 
Seat 5: Nastasia1030 ($2.10 in chips) 
Seat 6: DelaneyJack ($2.12 in chips) 
Nastasia1030: posts small blind $0.01
DelaneyJack: posts big blind $0.02
*** HOLE CARDS ***
Dealt to Lorpugo [5h 9d]
descandy: raises $0.04 to $0.06
Kovchyk_V: folds 
Lorpugo: folds 
qwerty1556: folds 
Nastasia1030: folds 
DelaneyJack: folds 
Uncalled bet ($0.04) returned to descandy
descandy collected $0.05 from pot
descandy: doesn't show hand 
*** SUMMARY ***
Total pot $0.05 | Rake $0 
Seat 1: descandy collected ($0.05)
Seat 2: Kovchyk_V folded before Flop (didn't bet)
Seat 3: Lorpugo folded before Flop (didn't bet)
Seat 4: qwerty1556 (button) folded before Flop (didn't bet)
Seat 5: Nastasia1030 (small blind) folded before Flop
Seat 6: DelaneyJack (big blind) folded before Flop



PokerStars Hand #240917830421:  Hold'em No Limit ($0.01/$0.02 USD) - 2023/01/04 18:56:06 ET
Table 'Hamiltonia II' 6-max Seat #5 is the button
Seat 1: descandy ($2.79 in chips) 
Seat 2: Kovchyk_V ($2.20 in chips) 
Seat 3: Lorpugo ($1.57 in chips) 
Seat 4: qwerty1556 ($4.43 in chips) 
Seat 5: Nastasia1030 ($2.09 in chips) 
Seat 6: DelaneyJack ($2.10 in chips) 
DelaneyJack: posts small blind $0.01
descandy: posts big blind $0.02
*** HOLE CARDS ***
Dealt to Lorpugo [8d Ad]
Kovchyk_V: folds 
Lorpugo: raises $0.08 to $0.10
qwerty1556: folds 
Nastasia1030: folds 
DelaneyJack: folds 
descandy: folds 
Uncalled bet ($0.08) returned to Lorpugo
Lorpugo collected $0.05 from pot
Lorpugo: doesn't show hand 
*** SUMMARY ***
Total pot $0.05 | Rake $0 
Seat 1: descandy (big blind) folded before Flop
Seat 2: Kovchyk_V folded before Flop (didn't bet)
Seat 3: Lorpugo collected ($0.05)
Seat 4: qwerty1556 folded before Flop (didn't bet)
Seat 5: Nastasia1030 (button) folded before Flop (didn't bet)
Seat 6: DelaneyJack (small blind) folded before Flop



PokerStars Hand #240917834405:  Hold'em No Limit ($0.01/$0.02 USD) - 2023/01/04 18:56:21 ET
Table 'Hamiltonia II' 6-max Seat #6 is the button
Seat 1: descandy ($2.77 in chips) 
Seat 2: Kovchyk_V ($2.20 in chips) 
Seat 3: Lorpugo ($1.60 in chips) 
Seat 4: qwerty1556 ($4.43 in chips) 
Seat 5: Nastasia1030 ($2.09 in chips) 
Seat 6: DelaneyJack ($2.09 in chips) 
descandy: posts small blind $0.01
Kovchyk_V: posts big blind $0.02
*** HOLE CARDS ***
Dealt to Lorpugo [Jh 6s]
Lorpugo: folds 
qwerty1556: folds 
Nastasia1030: folds 
DelaneyJack: folds 
descandy: folds 
Uncalled bet ($0.01) returned to Kovchyk_V
Kovchyk_V collected $0.02 from pot
Kovchyk_V: doesn't show hand 
*** SUMMARY ***
Total pot $0.02 | Rake $0 
Seat 1: descandy (small blind) folded before Flop
Seat 2: Kovchyk_V (big blind) collected ($0.02)
Seat 3: Lorpugo folded before Flop (didn't bet)
Seat 4: qwerty1556 folded before Flop (didn't bet)
Seat 5: Nastasia1030 folded before Flop (didn't bet)
Seat 6: DelaneyJack (button) folded before Flop (didn't bet)



PokerStars Hand #240917837671:  Hold'em No Limit ($0.01/$0.02 USD) - 2023/01/04 18:56:33 ET
Table 'Hamiltonia II' 6-max Seat #1 is the button
Seat 1: descandy ($2.76 in chips) 
Seat 2: Kovchyk_V ($2.21 in chips) 
Seat 3: Lorpugo ($1.60 in chips) 
Seat 4: qwerty1556 ($4.43 in chips) 
Seat 5: Nastasia1030 ($2.09 in chips) 
Seat 6: DelaneyJack ($2.09 in chips) 
Kovchyk_V: posts small blind $0.01
Lorpugo: posts big blind $0.02
*** HOLE CARDS ***
Dealt to Lorpugo [9s Td]
qwerty1556: raises $0.04 to $0.06
Nastasia1030: folds 
DelaneyJack: raises $0.11 to $0.17
descandy: folds 
Kovchyk_V: folds 
Lorpugo: folds 
qwerty1556: raises $0.29 to $0.46
DelaneyJack: calls $0.29
*** FLOP *** [8h 2h Ah]
qwerty1556: bets $0.30
DelaneyJack: raises $1.33 to $1.63 and is all-in
qwerty1556: calls $1.33
*** TURN *** [8h 2h Ah] [8s]
*** RIVER *** [8h 2h Ah 8s] [7c]
*** SHOW DOWN ***
qwerty1556: shows [Ac Ad] (a full house, Aces full of Eights)
DelaneyJack: shows [Kc Kh] (two pair, Kings and Eights)
qwerty1556 collected $4.06 from pot
*** SUMMARY ***
Total pot $4.21 | Rake $0.15 
Board [8h 2h Ah 8s 7c]
Seat 1: descandy (button) folded before Flop (didn't bet)
Seat 2: Kovchyk_V (small blind) folded before Flop
Seat 3: Lorpugo (big blind) folded before Flop
Seat 4: qwerty1556 showed [Ac Ad] and won ($4.06) with a full house, Aces full of Eights
Seat 5: Nastasia1030 folded before Flop (didn't bet)
Seat 6: DelaneyJack showed [Kc Kh] and lost with two pair, Kings and Eights



PokerStars Hand #240917854857:  Hold'em No Limit ($0.01/$0.02 USD) - 2023/01/04 18:57:38 ET
Table 'Hamiltonia II' 6-max Seat #2 is the button
Seat 1: descandy ($2.76 in chips) 
Seat 2: Kovchyk_V ($2.20 in chips) 
Seat 3: Lorpugo ($1.58 in chips) 
Seat 4: qwerty1556 ($6.40 in chips) 
Seat 5: Nastasia1030 ($2.09 in chips) 
Lorpugo: posts small blind $0.01
qwerty1556: posts big blind $0.02
*** HOLE CARDS ***
Dealt to Lorpugo [9s 7d]
Nastasia1030: folds 
descandy: folds 
Kovchyk_V: folds 
Lorpugo: raises $0.05 to $0.07
qwerty1556: calls $0.05
*** FLOP *** [As 4d 9c]
Lorpugo: checks 
qwerty1556: checks 
*** TURN *** [As 4d 9c] [5d]
Lorpugo: bets $0.09
qwerty1556: raises $0.15 to $0.24
Lorpugo: folds 
Uncalled bet ($0.15) returned to qwerty1556
qwerty1556 collected $0.31 from pot
qwerty1556: doesn't show hand 
*** SUMMARY ***
Total pot $0.32 | Rake $0.01 
Board [As 4d 9c 5d]
Seat 1: descandy folded before Flop (didn't bet)
Seat 2: Kovchyk_V (button) folded before Flop (didn't bet)
Seat 3: Lorpugo (small blind) folded on the Turn
Seat 4: qwerty1556 (big blind) collected ($0.31)
Seat 5: Nastasia1030 folded before Flop (didn't bet)



PokerStars Hand #240917874576:  Hold'em No Limit ($0.01/$0.02 USD) - 2023/01/04 18:58:51 ET
Table 'Hamiltonia II' 6-max Seat #3 is the button
Seat 1: descandy ($2.76 in chips) 
Seat 2: Kovchyk_V ($2.20 in chips) 
Seat 3: Lorpugo ($1.42 in chips) 
Seat 4: qwerty1556 ($6.55 in chips) 
Seat 5: Nastasia1030 ($2.09 in chips) 
Seat 6: DelaneyJack ($2 in chips) 
qwerty1556: posts small blind $0.01
Nastasia1030: posts big blind $0.02
*** HOLE CARDS ***
Dealt to Lorpugo [Qc 8h]
DelaneyJack: folds 
descandy: raises $0.04 to $0.06
Kovchyk_V: folds 
Lorpugo: folds 
qwerty1556: folds 
Nastasia1030: folds 
Uncalled bet ($0.04) returned to descandy
descandy collected $0.05 from pot
descandy: doesn't show hand 
*** SUMMARY ***
Total pot $0.05 | Rake $0 
Seat 1: descandy collected ($0.05)
Seat 2: Kovchyk_V folded before Flop (didn't bet)
Seat 3: Lorpugo (button) folded before Flop (didn't bet)
Seat 4: qwerty1556 (small blind) folded before Flop
Seat 5: Nastasia1030 (big blind) folded before Flop
Seat 6: DelaneyJack folded before Flop (didn't bet)



PokerStars Hand #240917879460:  Hold'em No Limit ($0.01/$0.02 USD) - 2023/01/04 18:59:10 ET
Table 'Hamiltonia II' 6-max Seat #4 is the button
Seat 1: descandy ($2.79 in chips) 
Seat 2: Kovchyk_V ($2.20 in chips) 
Seat 3: Lorpugo ($1.42 in chips) 
Seat 4: qwerty1556 ($6.54 in chips) 
Seat 5: Nastasia1030 ($2.07 in chips) 
Seat 6: DelaneyJack ($2 in chips) 
Nastasia1030: posts small blind $0.01
DelaneyJack: posts big blind $0.02
*** HOLE CARDS ***
Dealt to Lorpugo [3s 5s]
descandy: folds 
Kovchyk_V: folds 
Lorpugo: raises $0.02 to $0.04
qwerty1556: folds 
Nastasia1030: folds 
DelaneyJack: folds 
Uncalled bet ($0.02) returned to Lorpugo
Lorpugo collected $0.05 from pot
Lorpugo: doesn't show hand 
*** SUMMARY ***
Total pot $0.05 | Rake $0 
Seat 1: descandy folded before Flop (didn't bet)
Seat 2: Kovchyk_V folded before Flop (didn't bet)
Seat 3: Lorpugo collected ($0.05)
Seat 4: qwerty1556 (button) folded before Flop (didn't bet)
Seat 5: Nastasia1030 (small blind) folded before Flop
Seat 6: DelaneyJack (big blind) folded before Flop



PokerStars Hand #240917884253:  Hold'em No Limit ($0.01/$0.02 USD) - 2023/01/04 18:59:28 ET
Table 'Hamiltonia II' 6-max Seat #5 is the button
Seat 2: Kovchyk_V ($2.20 in chips) 
Seat 3: Lorpugo ($1.45 in chips) 
Seat 4: qwerty1556 ($6.54 in chips) 
Seat 5: Nastasia1030 ($2.06 in chips) 
Seat 6: DelaneyJack ($1.98 in chips) 
DelaneyJack: posts small blind $0.01
Kovchyk_V: posts big blind $0.02
*** HOLE CARDS ***
Dealt to Lorpugo [Qd 2c]
Lorpugo: folds 
qwerty1556: raises $0.04 to $0.06
Nastasia1030: folds 
DelaneyJack: folds 
Kovchyk_V: folds 
Uncalled bet ($0.04) returned to qwerty1556
qwerty1556 collected $0.05 from pot
qwerty1556: doesn't show hand 
*** SUMMARY ***
Total pot $0.05 | Rake $0 
Seat 2: Kovchyk_V (big blind) folded before Flop
Seat 3: Lorpugo folded before Flop (didn't bet)
Seat 4: qwerty1556 collected ($0.05)
Seat 5: Nastasia1030 (button) folded before Flop (didn't bet)
Seat 6: DelaneyJack (small blind) folded before Flop



PokerStars Hand #240917888166:  Hold'em No Limit ($0.01/$0.02 USD) - 2023/01/04 18:59:43 ET
Table 'Hamiltonia II' 6-max Seat #6 is the button
Seat 2: Kovchyk_V ($2.18 in chips) 
Seat 3: Lorpugo ($1.45 in chips) 
Seat 4: qwerty1556 ($6.57 in chips) 
Seat 5: Nastasia1030 ($2.06 in chips) 
Seat 6: DelaneyJack ($1.97 in chips) 
Kovchyk_V: posts small blind $0.01
Lorpugo: posts big blind $0.02
*** HOLE CARDS ***
Dealt to Lorpugo [8s 2s]
qwerty1556: folds 
Nastasia1030: folds 
DelaneyJack: folds 
Kovchyk_V: folds 
Uncalled bet ($0.01) returned to Lorpugo
Lorpugo collected $0.02 from pot
Lorpugo: doesn't show hand 
*** SUMMARY ***
Total pot $0.02 | Rake $0 
Seat 2: Kovchyk_V (small blind) folded before Flop
Seat 3: Lorpugo (big blind) collected ($0.02)
Seat 4: qwerty1556 folded before Flop (didn't bet)
Seat 5: Nastasia1030 folded before Flop (didn't bet)
Seat 6: DelaneyJack (button) folded before Flop (didn't bet)



PokerStars Hand #240917889923:  Hold'em No Limit ($0.01/$0.02 USD) - 2023/01/04 18:59:50 ET
Table 'Hamiltonia II' 6-max Seat #2 is the button
Seat 2: Kovchyk_V ($2.17 in chips) 
Seat 3: Lorpugo ($1.46 in chips) 
Seat 4: qwerty1556 ($6.57 in chips) 
Seat 5: Nastasia1030 ($2.06 in chips) 
Seat 6: DelaneyJack ($1.97 in chips) 
Lorpugo: posts small blind $0.01
qwerty1556: posts big blind $0.02
*** HOLE CARDS ***
Dealt to Lorpugo [3s Ks]
Nastasia1030: folds 
DelaneyJack: raises $0.04 to $0.06
Kovchyk_V: folds 
Lorpugo: calls $0.05
qwerty1556: folds 
*** FLOP *** [5d 8h Qs]
Lorpugo: checks 
DelaneyJack: bets $0.05
Lorpugo: folds 
Uncalled bet ($0.05) returned to DelaneyJack
DelaneyJack collected $0.14 from pot
DelaneyJack: doesn't show hand 
*** SUMMARY ***
Total pot $0.14 | Rake $0 
Board [5d 8h Qs]
Seat 2: Kovchyk_V (button) folded before Flop (didn't bet)
Seat 3: Lorpugo (small blind) folded on the Flop
Seat 4: qwerty1556 (big blind) folded before Flop
Seat 5: Nastasia1030 folded before Flop (didn't bet)
Seat 6: DelaneyJack collected ($0.14)



PokerStars Hand #240917898210:  Hold'em No Limit ($0.01/$0.02 USD) - 2023/01/04 19:00:21 ET
Table 'Hamiltonia II' 6-max Seat #3 is the button
Seat 2: Kovchyk_V ($2.17 in chips) 
Seat 3: Lorpugo ($1.40 in chips) 
Seat 4: qwerty1556 ($6.55 in chips) 
Seat 5: Nastasia1030 ($2.06 in chips) 
Seat 6: DelaneyJack ($2.05 in chips) 
qwerty1556: posts small blind $0.01
Nastasia1030: posts big blind $0.02
*** HOLE CARDS ***
Dealt to Lorpugo [3d Qh]
DelaneyJack: raises $0.04 to $0.06
Kovchyk_V: folds 
Lorpugo: folds 
qwerty1556: folds 
Nastasia1030: folds 
Uncalled bet ($0.04) returned to DelaneyJack
DelaneyJack collected $0.05 from pot
DelaneyJack: doesn't show hand 
*** SUMMARY ***
Total pot $0.05 | Rake $0 
Seat 2: Kovchyk_V folded before Flop (didn't bet)
Seat 3: Lorpugo (button) folded before Flop (didn't bet)
Seat 4: qwerty1556 (small blind) folded before Flop
Seat 5: Nastasia1030 (big blind) folded before Flop
Seat 6: DelaneyJack collected ($0.05)



PokerStars Hand #240917902426:  Hold'em No Limit ($0.01/$0.02 USD) - 2023/01/04 19:00:36 ET
Table 'Hamiltonia II' 6-max Seat #4 is the button
Seat 2: Kovchyk_V ($2.17 in chips) 
Seat 3: Lorpugo ($1.40 in chips) 
Seat 4: qwerty1556 ($6.54 in chips) 
Seat 5: Nastasia1030 ($2.04 in chips) 
Seat 6: DelaneyJack ($2.08 in chips) 
Nastasia1030: posts small blind $0.01
DelaneyJack: posts big blind $0.02
*** HOLE CARDS ***
Dealt to Lorpugo [5s 6c]
Kovchyk_V: folds 
Lorpugo: folds 
qwerty1556: folds 
Nastasia1030: folds 
Uncalled bet ($0.01) returned to DelaneyJack
DelaneyJack collected $0.02 from pot
DelaneyJack: doesn't show hand 
*** SUMMARY ***
Total pot $0.02 | Rake $0 
Seat 2: Kovchyk_V folded before Flop (didn't bet)
Seat 3: Lorpugo folded before Flop (didn't bet)
Seat 4: qwerty1556 (button) folded before Flop (didn't bet)
Seat 5: Nastasia1030 (small blind) folded before Flop
Seat 6: DelaneyJack (big blind) collected ($0.02)



PokerStars Hand #240917904303:  Hold'em No Limit ($0.01/$0.02 USD) - 2023/01/04 19:00:42 ET
Table 'Hamiltonia II' 6-max Seat #5 is the button
Seat 2: Kovchyk_V ($2.17 in chips) 
Seat 3: Lorpugo ($1.40 in chips) 
Seat 4: qwerty1556 ($6.54 in chips) 
Seat 5: Nastasia1030 ($2.03 in chips) 
Seat 6: DelaneyJack ($2.09 in chips) 
DelaneyJack: posts small blind $0.01
Kovchyk_V: posts big blind $0.02
*** HOLE CARDS ***
Dealt to Lorpugo [3c 4c]
Lorpugo: raises $0.03 to $0.05
qwerty1556: folds 
Nastasia1030: folds 
DelaneyJack: folds 
Kovchyk_V: folds 
Uncalled bet ($0.03) returned to Lorpugo
Lorpugo collected $0.05 from pot
Lorpugo: doesn't show hand 
*** SUMMARY ***
Total pot $0.05 | Rake $0 
Seat 2: Kovchyk_V (big blind) folded before Flop
Seat 3: Lorpugo collected ($0.05)
Seat 4: qwerty1556 folded before Flop (didn't bet)
Seat 5: Nastasia1030 (button) folded before Flop (didn't bet)
Seat 6: DelaneyJack (small blind) folded before Flop



PokerStars Hand #240917911503:  Hold'em No Limit ($0.01/$0.02 USD) - 2023/01/04 19:01:05 ET
Table 'Hamiltonia II' 6-max Seat #6 is the button
Seat 2: Kovchyk_V ($2.15 in chips) 
Seat 3: Lorpugo ($1.43 in chips) 
Seat 4: qwerty1556 ($6.54 in chips) 
Seat 5: Nastasia1030 ($2.03 in chips) 
Seat 6: DelaneyJack ($2.08 in chips) 
Kovchyk_V: posts small blind $0.01
Lorpugo: posts big blind $0.02
*** HOLE CARDS ***
Dealt to Lorpugo [9c Ks]
qwerty1556: folds 
Nastasia1030: raises $0.04 to $0.06
DelaneyJack: folds 
Kovchyk_V: folds 
Lorpugo: calls $0.04
*** FLOP *** [7c 9s Kd]
Lorpugo: checks 
Nastasia1030: checks 
*** TURN *** [7c 9s Kd] [As]
Lorpugo: bets $0.04
Nastasia1030: raises $0.11 to $0.15
Lorpugo: raises $0.22 to $0.37
Nastasia1030: folds 
Uncalled bet ($0.22) returned to Lorpugo
Lorpugo collected $0.41 from pot
Lorpugo: doesn't show hand 
*** SUMMARY ***
Total pot $0.43 | Rake $0.02 
Board [7c 9s Kd As]
Seat 2: Kovchyk_V (small blind) folded before Flop
Seat 3: Lorpugo (big blind) collected ($0.41)
Seat 4: qwerty1556 folded before Flop (didn't bet)
Seat 5: Nastasia1030 folded on the Turn
Seat 6: DelaneyJack (button) folded before Flop (didn't bet)



PokerStars Hand #240917926394:  Hold'em No Limit ($0.01/$0.02 USD) - 2023/01/04 19:01:52 ET
Table 'Hamiltonia II' 6-max Seat #3 is the button
Seat 3: Lorpugo ($1.63 in chips) 
Seat 4: qwerty1556 ($6.54 in chips) 
Seat 5: Nastasia1030 ($2 in chips) 
Seat 6: DelaneyJack ($2.08 in chips) 
qwerty1556: posts small blind $0.01
Nastasia1030: posts big blind $0.02
*** HOLE CARDS ***
Dealt to Lorpugo [9h 3s]
DelaneyJack: folds 
Lorpugo: raises $0.18 to $0.20
qwerty1556: folds 
Nastasia1030: folds 
Uncalled bet ($0.18) returned to Lorpugo
Lorpugo collected $0.05 from pot
Lorpugo: doesn't show hand 
*** SUMMARY ***
Total pot $0.05 | Rake $0 
Seat 3: Lorpugo (button) collected ($0.05)
Seat 4: qwerty1556 (small blind) folded before Flop
Seat 5: Nastasia1030 (big blind) folded before Flop
Seat 6: DelaneyJack folded before Flop (didn't bet)



PokerStars Hand #240917932394:  Hold'em No Limit ($0.01/$0.02 USD) - 2023/01/04 19:02:10 ET
Table 'Hamiltonia II' 6-max Seat #4 is the button
Seat 3: Lorpugo ($1.66 in chips) 
Seat 4: qwerty1556 ($6.53 in chips) 
Seat 5: Nastasia1030 ($2 in chips) 
Seat 6: DelaneyJack ($2.08 in chips) 
Nastasia1030: posts small blind $0.01
DelaneyJack: posts big blind $0.02
*** HOLE CARDS ***
Dealt to Lorpugo [9d Qc]
Lorpugo: raises $0.12 to $0.14
qwerty1556: folds 
Nastasia1030: folds 
DelaneyJack: folds 
Uncalled bet ($0.12) returned to Lorpugo
Lorpugo collected $0.05 from pot
Lorpugo: doesn't show hand 
*** SUMMARY ***
Total pot $0.05 | Rake $0 
Seat 3: Lorpugo collected ($0.05)
Seat 4: qwerty1556 (button) folded before Flop (didn't bet)
Seat 5: Nastasia1030 (small blind) folded before Flop
Seat 6: DelaneyJack (big blind) folded before Flop



PokerStars Hand #240917935631:  Hold'em No Limit ($0.01/$0.02 USD) - 2023/01/04 19:02:20 ET
Table 'Hamiltonia II' 6-max Seat #5 is the button
Seat 3: Lorpugo ($1.69 in chips) 
Seat 4: qwerty1556 ($6.53 in chips) 
Seat 5: Nastasia1030 ($2 in chips) 
Seat 6: DelaneyJack ($2.06 in chips) 
DelaneyJack: posts small blind $0.01
Lorpugo: posts big blind $0.02
*** HOLE CARDS ***
Dealt to Lorpugo [8h Ad]
qwerty1556: folds 
Nastasia1030: folds 
DelaneyJack: folds 
Uncalled bet ($0.01) returned to Lorpugo
Lorpugo collected $0.02 from pot
Lorpugo: doesn't show hand 
*** SUMMARY ***
Total pot $0.02 | Rake $0 
Seat 3: Lorpugo (big blind) collected ($0.02)
Seat 4: qwerty1556 folded before Flop (didn't bet)
Seat 5: Nastasia1030 (button) folded before Flop (didn't bet)
Seat 6: DelaneyJack (small blind) folded before Flop



PokerStars Hand #240917938113:  Hold'em No Limit ($0.01/$0.02 USD) - 2023/01/04 19:02:27 ET
Table 'Hamiltonia II' 6-max Seat #6 is the button
Seat 3: Lorpugo ($1.70 in chips) 
Seat 4: qwerty1556 ($6.53 in chips) 
Seat 5: Nastasia1030 ($2 in chips) 
Seat 6: DelaneyJack ($2.05 in chips) 
Lorpugo: posts small blind $0.01
qwerty1556: posts big blind $0.02
*** HOLE CARDS ***
Dealt to Lorpugo [Kh Jc]
Nastasia1030: folds 
DelaneyJack: raises $0.04 to $0.06
Lorpugo: calls $0.05
qwerty1556: folds 
*** FLOP *** [Js Jh 7s]
Lorpugo: bets $0.07
DelaneyJack: folds 
Uncalled bet ($0.07) returned to Lorpugo
Lorpugo collected $0.14 from pot
Lorpugo: doesn't show hand 
*** SUMMARY ***
Total pot $0.14 | Rake $0 
Board [Js Jh 7s]
Seat 3: Lorpugo (small blind) collected ($0.14)
Seat 4: qwerty1556 (big blind) folded before Flop
Seat 5: Nastasia1030 folded before Flop (didn't bet)
Seat 6: DelaneyJack (button) folded on the Flop



PokerStars Hand #240917944157:  Hold'em No Limit ($0.01/$0.02 USD) - 2023/01/04 19:02:46 ET
Table 'Hamiltonia II' 6-max Seat #3 is the button
Seat 3: Lorpugo ($1.78 in chips) 
Seat 4: qwerty1556 ($6.51 in chips) 
Seat 5: Nastasia1030 ($2 in chips) 
Seat 6: DelaneyJack ($1.99 in chips) 
qwerty1556: posts small blind $0.01
Nastasia1030: posts big blind $0.02
*** HOLE CARDS ***
Dealt to Lorpugo [Jh Kd]
DelaneyJack: folds 
Lorpugo: raises $0.05 to $0.07
qwerty1556: calls $0.06
Nastasia1030: calls $0.05
*** FLOP *** [7c 7s 8c]
qwerty1556: checks 
Nastasia1030: checks 
Lorpugo: checks 
*** TURN *** [7c 7s 8c] [3h]
qwerty1556: bets $0.19
Nastasia1030: folds 
Lorpugo: folds 
Uncalled bet ($0.19) returned to qwerty1556
qwerty1556 collected $0.20 from pot
qwerty1556: doesn't show hand 
*** SUMMARY ***
Total pot $0.21 | Rake $0.01 
Board [7c 7s 8c 3h]
Seat 3: Lorpugo (button) folded on the Turn
Seat 4: qwerty1556 (small blind) collected ($0.20)
Seat 5: Nastasia1030 (big blind) folded on the Turn
Seat 6: DelaneyJack folded before Flop (didn't bet)



PokerStars Hand #240917960035:  Hold'em No Limit ($0.01/$0.02 USD) - 2023/01/04 19:03:35 ET
Table 'Hamiltonia II' 6-max Seat #4 is the button
Seat 3: Lorpugo ($1.71 in chips) 
Seat 4: qwerty1556 ($6.64 in chips) 
Seat 5: Nastasia1030 ($2 in chips) 
Seat 6: DelaneyJack ($1.99 in chips) 
Nastasia1030: posts small blind $0.01
DelaneyJack: posts big blind $0.02
*** HOLE CARDS ***
Dealt to Lorpugo [Kd Tc]
Lorpugo: raises $0.02 to $0.04
qwerty1556: folds 
Nastasia1030: folds 
DelaneyJack: calls $0.02
*** FLOP *** [9c 7c Jc]
DelaneyJack: bets $0.05
Lorpugo: calls $0.05
*** TURN *** [9c 7c Jc] [Js]
DelaneyJack: bets $0.07
Lorpugo: calls $0.07
*** RIVER *** [9c 7c Jc Js] [Ah]
DelaneyJack: checks 
Lorpugo: checks 
*** SHOW DOWN ***
DelaneyJack: shows [Qc Td] (a pair of Jacks)
Lorpugo: shows [Kd Tc] (a pair of Jacks - Ace+King kicker)
Lorpugo collected $0.32 from pot
*** SUMMARY ***
Total pot $0.33 | Rake $0.01 
Board [9c 7c Jc Js Ah]
Seat 3: Lorpugo showed [Kd Tc] and won ($0.32) with a pair of Jacks
Seat 4: qwerty1556 (button) folded before Flop (didn't bet)
Seat 5: Nastasia1030 (small blind) folded before Flop
Seat 6: DelaneyJack (big blind) showed [Qc Td] and lost with a pair of Jacks



PokerStars Hand #240917977196:  Hold'em No Limit ($0.01/$0.02 USD) - 2023/01/04 19:04:27 ET
Table 'Hamiltonia II' 6-max Seat #5 is the button
Seat 3: Lorpugo ($1.87 in chips) 
Seat 4: qwerty1556 ($6.64 in chips) 
Seat 5: Nastasia1030 ($2 in chips) 
Seat 6: DelaneyJack ($1.83 in chips) 
DelaneyJack: posts small blind $0.01
Lorpugo: posts big blind $0.02
*** HOLE CARDS ***
Dealt to Lorpugo [5d 8h]
qwerty1556: folds 
Nastasia1030: folds 
DelaneyJack: raises $0.04 to $0.06
Lorpugo: calls $0.04
*** FLOP *** [Kh As Tc]
DelaneyJack: bets $0.06
Lorpugo: folds 
Uncalled bet ($0.06) returned to DelaneyJack
DelaneyJack collected $0.12 from pot
descandy leaves the table
DelaneyJack: doesn't show hand 
*** SUMMARY ***
Total pot $0.12 | Rake $0 
Board [Kh As Tc]
Seat 3: Lorpugo (big blind) folded on the Flop
Seat 4: qwerty1556 folded before Flop (didn't bet)
Seat 5: Nastasia1030 (button) folded before Flop (didn't bet)
Seat 6: DelaneyJack (small blind) collected ($0.12)



PokerStars Hand #240917985526:  Hold'em No Limit ($0.01/$0.02 USD) - 2023/01/04 19:04:52 ET
Table 'Hamiltonia II' 6-max Seat #6 is the button
Seat 3: Lorpugo ($1.81 in chips) 
Seat 4: qwerty1556 ($6.64 in chips) 
Seat 5: Nastasia1030 ($2 in chips) 
Seat 6: DelaneyJack ($1.89 in chips) 
Lorpugo: posts small blind $0.01
qwerty1556: posts big blind $0.02
*** HOLE CARDS ***
Dealt to Lorpugo [9d 9h]
Nastasia1030: folds 
DelaneyJack: raises $0.04 to $0.06
Lorpugo: raises $0.14 to $0.20
qwerty1556: folds 
DelaneyJack: folds 
Uncalled bet ($0.14) returned to Lorpugo
Lorpugo collected $0.14 from pot
Lorpugo: doesn't show hand 
*** SUMMARY ***
Total pot $0.14 | Rake $0 
Seat 3: Lorpugo (small blind) collected ($0.14)
Seat 4: qwerty1556 (big blind) folded before Flop
Seat 5: Nastasia1030 folded before Flop (didn't bet)
Seat 6: DelaneyJack (button) folded before Flop



PokerStars Hand #240917991281:  Hold'em No Limit ($0.01/$0.02 USD) - 2023/01/04 19:05:10 ET
Table 'Hamiltonia II' 6-max Seat #3 is the button
Seat 3: Lorpugo ($1.89 in chips) 
Seat 4: qwerty1556 ($6.62 in chips) 
Seat 5: Nastasia1030 ($2 in chips) 
Seat 6: DelaneyJack ($1.83 in chips) 
qwerty1556: posts small blind $0.01
Nastasia1030: posts big blind $0.02
*** HOLE CARDS ***
Dealt to Lorpugo [Qh 9d]
Lalofranjeado joins the table at seat #1 
DelaneyJack: raises $0.03 to $0.05
Lorpugo: folds 
qwerty1556: folds 
Nastasia1030: folds 
Uncalled bet ($0.03) returned to DelaneyJack
DelaneyJack collected $0.05 from pot
DelaneyJack: doesn't show hand 
*** SUMMARY ***
Total pot $0.05 | Rake $0 
Seat 3: Lorpugo (button) folded before Flop (didn't bet)
Seat 4: qwerty1556 (small blind) folded before Flop
Seat 5: Nastasia1030 (big blind) folded before Flop
Seat 6: DelaneyJack collected ($0.05)



PokerStars Hand #240917996857:  Hold'em No Limit ($0.01/$0.02 USD) - 2023/01/04 19:05:27 ET
Table 'Hamiltonia II' 6-max Seat #4 is the button
Seat 3: Lorpugo ($1.89 in chips) 
Seat 4: qwerty1556 ($6.61 in chips) 
Seat 5: Nastasia1030 ($2 in chips) 
Seat 6: DelaneyJack ($1.86 in chips) 
Nastasia1030: posts small blind $0.01
DelaneyJack: posts big blind $0.02
*** HOLE CARDS ***
Dealt to Lorpugo [Tc 4d]
Lorpugo: folds 
qwerty1556: folds 
Nastasia1030: folds 
Uncalled bet ($0.01) returned to DelaneyJack
DelaneyJack collected $0.02 from pot
DelaneyJack: doesn't show hand 
*** SUMMARY ***
Total pot $0.02 | Rake $0 
Seat 3: Lorpugo folded before Flop (didn't bet)
Seat 4: qwerty1556 (button) folded before Flop (didn't bet)
Seat 5: Nastasia1030 (small blind) folded before Flop
Seat 6: DelaneyJack (big blind) collected ($0.02)



PokerStars Hand #240917999813:  Hold'em No Limit ($0.01/$0.02 USD) - 2023/01/04 19:05:36 ET
Table 'Hamiltonia II' 6-max Seat #5 is the button
Seat 1: Lalofranjeado ($1.60 in chips) 
Seat 3: Lorpugo ($1.89 in chips) 
Seat 4: qwerty1556 ($6.61 in chips) 
Seat 5: Nastasia1030 ($2 in chips) 
Seat 6: DelaneyJack ($1.87 in chips) 
DelaneyJack: posts small blind $0.01
Lalofranjeado: posts big blind $0.02
*** HOLE CARDS ***
Dealt to Lorpugo [Kc 6c]
Lorpugo: raises $0.02 to $0.04
qwerty1556: folds 
Nastasia1030: raises $0.10 to $0.14
DelaneyJack: folds 
Lalofranjeado: folds 
Lorpugo: folds 
Uncalled bet ($0.10) returned to Nastasia1030
Nastasia1030 collected $0.11 from pot
Nastasia1030: doesn't show hand 
*** SUMMARY ***
Total pot $0.11 | Rake $0 
Seat 1: Lalofranjeado (big blind) folded before Flop
Seat 3: Lorpugo folded before Flop
Seat 4: qwerty1556 folded before Flop (didn't bet)
Seat 5: Nastasia1030 (button) collected ($0.11)
Seat 6: DelaneyJack (small blind) folded before Flop



PokerStars Hand #240918008923:  Hold'em No Limit ($0.01/$0.02 USD) - 2023/01/04 19:06:04 ET
Table 'Hamiltonia II' 6-max Seat #6 is the button
Seat 1: Lalofranjeado ($1.58 in chips) 
Seat 3: Lorpugo ($1.85 in chips) 
Seat 4: qwerty1556 ($6.61 in chips) 
Seat 5: Nastasia1030 ($2.07 in chips) 
Seat 6: DelaneyJack ($1.86 in chips) 
Lalofranjeado: posts small blind $0.01
Lorpugo: posts big blind $0.02
*** HOLE CARDS ***
Dealt to Lorpugo [8c 6d]
Kovchyk_V leaves the table
qwerty1556: folds 
Nastasia1030: folds 
DelaneyJack: folds 
Lalofranjeado: folds 
Uncalled bet ($0.01) returned to Lorpugo
Lorpugo collected $0.02 from pot
Lorpugo: doesn't show hand 
*** SUMMARY ***
Total pot $0.02 | Rake $0 
Seat 1: Lalofranjeado (small blind) folded before Flop
Seat 3: Lorpugo (big blind) collected ($0.02)
Seat 4: qwerty1556 folded before Flop (didn't bet)
Seat 5: Nastasia1030 folded before Flop (didn't bet)
Seat 6: DelaneyJack (button) folded before Flop (didn't bet)



PokerStars Hand #240918012688:  Hold'em No Limit ($0.01/$0.02 USD) - 2023/01/04 19:06:16 ET
Table 'Hamiltonia II' 6-max Seat #1 is the button
Seat 1: Lalofranjeado ($1.57 in chips) 
Seat 3: Lorpugo ($1.86 in chips) 
Seat 4: qwerty1556 ($6.61 in chips) 
Seat 5: Nastasia1030 ($2.07 in chips) 
Seat 6: DelaneyJack ($1.86 in chips) 
Lorpugo: posts small blind $0.01
qwerty1556: posts big blind $0.02
*** HOLE CARDS ***
Dealt to Lorpugo [Tc 5s]
Nastasia1030: folds 
DelaneyJack: raises $0.04 to $0.06
Lalofranjeado: folds 
Lorpugo: folds 
qwerty1556: folds 
Uncalled bet ($0.04) returned to DelaneyJack
DelaneyJack collected $0.05 from pot
DelaneyJack: doesn't show hand 
*** SUMMARY ***
Total pot $0.05 | Rake $0 
Seat 1: Lalofranjeado (button) folded before Flop (didn't bet)
Seat 3: Lorpugo (small blind) folded before Flop
Seat 4: qwerty1556 (big blind) folded before Flop
Seat 5: Nastasia1030 folded before Flop (didn't bet)
Seat 6: DelaneyJack collected ($0.05)



PokerStars Hand #240918017837:  Hold'em No Limit ($0.01/$0.02 USD) - 2023/01/04 19:06:32 ET
Table 'Hamiltonia II' 6-max Seat #3 is the button
Seat 1: Lalofranjeado ($1.57 in chips) 
Seat 3: Lorpugo ($1.85 in chips) 
Seat 4: qwerty1556 ($6.59 in chips) 
Seat 5: Nastasia1030 ($2.07 in chips) 
Seat 6: DelaneyJack ($1.89 in chips) 
qwerty1556: posts small blind $0.01
Nastasia1030: posts big blind $0.02
*** HOLE CARDS ***
Dealt to Lorpugo [Jh Kh]
DelaneyJack: folds 
Lalofranjeado: folds 
Lorpugo: raises $0.05 to $0.07
qwerty1556: folds 
Nastasia1030: calls $0.05
*** FLOP *** [4d Ah 8h]
Nastasia1030: checks 
Lorpugo: bets $0.02
Nastasia1030: calls $0.02
*** TURN *** [4d Ah 8h] [5c]
Nastasia1030: checks 
bitencourt529 joins the table at seat #2 
Lorpugo: bets $0.18
Nastasia1030: folds 
Uncalled bet ($0.18) returned to Lorpugo
Lorpugo collected $0.18 from pot
Lorpugo: doesn't show hand 
*** SUMMARY ***
Total pot $0.19 | Rake $0.01 
Board [4d Ah 8h 5c]
Seat 1: Lalofranjeado folded before Flop (didn't bet)
Seat 3: Lorpugo (button) collected ($0.18)
Seat 4: qwerty1556 (small blind) folded before Flop
Seat 5: Nastasia1030 (big blind) folded on the Turn
Seat 6: DelaneyJack folded before Flop (didn't bet)



PokerStars Hand #240918030089:  Hold'em No Limit ($0.01/$0.02 USD) - 2023/01/04 19:07:10 ET
Table 'Hamiltonia II' 6-max Seat #4 is the button
Seat 1: Lalofranjeado ($1.57 in chips) 
Seat 2: bitencourt529 ($0.80 in chips) 
Seat 3: Lorpugo ($1.94 in chips) 
Seat 4: qwerty1556 ($6.58 in chips) 
Seat 5: Nastasia1030 ($2 in chips) 
Seat 6: DelaneyJack ($1.89 in chips) 
Nastasia1030: posts small blind $0.01
DelaneyJack: posts big blind $0.02
bitencourt529: posts big blind $0.02
*** HOLE CARDS ***
Dealt to Lorpugo [5h 8c]
Lalofranjeado: folds 
bitencourt529: raises $0.02 to $0.04
Lorpugo: folds 
qwerty1556: folds 
Nastasia1030: folds 
DelaneyJack: folds 
Uncalled bet ($0.02) returned to bitencourt529
bitencourt529 collected $0.05 from pot
*** SUMMARY ***
Total pot $0.05 | Rake $0 
Seat 1: Lalofranjeado folded before Flop (didn't bet)
Seat 2: bitencourt529 collected ($0.05)
Seat 3: Lorpugo folded before Flop (didn't bet)
Seat 4: qwerty1556 (button) folded before Flop (didn't bet)
Seat 5: Nastasia1030 (small blind) folded before Flop
Seat 6: DelaneyJack (big blind) folded before Flop



PokerStars Hand #240918036343:  Hold'em No Limit ($0.01/$0.02 USD) - 2023/01/04 19:07:29 ET
Table 'Hamiltonia II' 6-max Seat #5 is the button
Seat 1: Lalofranjeado ($1.57 in chips) 
Seat 2: bitencourt529 ($0.83 in chips) 
Seat 3: Lorpugo ($1.94 in chips) 
Seat 4: qwerty1556 ($6.58 in chips) 
Seat 5: Nastasia1030 ($2 in chips) 
Seat 6: DelaneyJack ($1.87 in chips) 
DelaneyJack: posts small blind $0.01
Lalofranjeado: posts big blind $0.02
*** HOLE CARDS ***
Dealt to Lorpugo [4s Ks]
bitencourt529: folds 
Lorpugo: raises $0.02 to $0.04
qwerty1556: folds 
Nastasia1030: folds 
DelaneyJack: raises $0.12 to $0.16
Lalofranjeado: folds 
Lorpugo: folds 
Uncalled bet ($0.12) returned to DelaneyJack
DelaneyJack collected $0.10 from pot
DelaneyJack: doesn't show hand 
*** SUMMARY ***
Total pot $0.10 | Rake $0 
Seat 1: Lalofranjeado (big blind) folded before Flop
Seat 2: bitencourt529 folded before Flop (didn't bet)
Seat 3: Lorpugo folded before Flop
Seat 4: qwerty1556 folded before Flop (didn't bet)
Seat 5: Nastasia1030 (button) folded before Flop (didn't bet)
Seat 6: DelaneyJack (small blind) collected ($0.10)



PokerStars Hand #240918045271:  Hold'em No Limit ($0.01/$0.02 USD) - 2023/01/04 19:07:56 ET
Table 'Hamiltonia II' 6-max Seat #6 is the button
Seat 1: Lalofranjeado ($1.55 in chips) 
Seat 2: bitencourt529 ($0.83 in chips) 
Seat 3: Lorpugo ($1.90 in chips) 
Seat 4: qwerty1556 ($6.58 in chips) 
Seat 5: Nastasia1030 ($2 in chips) 
Seat 6: DelaneyJack ($1.93 in chips) 
Lalofranjeado: posts small blind $0.01
bitencourt529: posts big blind $0.02
*** HOLE CARDS ***
Dealt to Lorpugo [5s 9c]
Lorpugo has timed out
Lorpugo: folds 
qwerty1556 has timed out
qwerty1556: folds 
Nastasia1030: folds 
DelaneyJack: folds 
Lalofranjeado: folds 
Uncalled bet ($0.01) returned to bitencourt529
bitencourt529 collected $0.02 from pot
*** SUMMARY ***
Total pot $0.02 | Rake $0 
Seat 1: Lalofranjeado (small blind) folded before Flop
Seat 2: bitencourt529 (big blind) collected ($0.02)
Seat 3: Lorpugo folded before Flop (didn't bet)
Seat 4: qwerty1556 folded before Flop (didn't bet)
Seat 5: Nastasia1030 folded before Flop (didn't bet)
Seat 6: DelaneyJack (button) folded before Flop (didn't bet)



PokerStars Hand #240918054159:  Hold'em No Limit ($0.01/$0.02 USD) - 2023/01/04 19:08:24 ET
Table 'Hamiltonia II' 6-max Seat #1 is the button
Seat 1: Lalofranjeado ($1.54 in chips) 
Seat 2: bitencourt529 ($0.84 in chips) 
Seat 3: Lorpugo ($1.90 in chips) 
Seat 5: Nastasia1030 ($2 in chips) 
Seat 6: DelaneyJack ($1.93 in chips) 
bitencourt529: posts small blind $0.01
Lorpugo: posts big blind $0.02
*** HOLE CARDS ***
Dealt to Lorpugo [3d 3h]
Nastasia1030: raises $0.04 to $0.06
DelaneyJack: folds 
Lalofranjeado: folds 
bitencourt529: folds 
Lorpugo: calls $0.04
*** FLOP *** [3s 5c Td]
Lorpugo: bets $0.02
Nastasia1030: calls $0.02
*** TURN *** [3s 5c Td] [8c]
Lorpugo: checks 
Nastasia1030: checks 
*** RIVER *** [3s 5c Td 8c] [2d]
Lorpugo: bets $0.10
Nastasia1030: calls $0.10
*** SHOW DOWN ***
Lorpugo: shows [3d 3h] (three of a kind, Threes)
Nastasia1030: mucks hand 
Lorpugo collected $0.36 from pot
*** SUMMARY ***
Total pot $0.37 | Rake $0.01 
Board [3s 5c Td 8c 2d]
Seat 1: Lalofranjeado (button) folded before Flop (didn't bet)
Seat 2: bitencourt529 (small blind) folded before Flop
Seat 3: Lorpugo (big blind) showed [3d 3h] and won ($0.36) with three of a kind, Threes
Seat 5: Nastasia1030 mucked [Ah Qh]
Seat 6: DelaneyJack folded before Flop (didn't bet)



PokerStars Hand #240918069975:  Hold'em No Limit ($0.01/$0.02 USD) - 2023/01/04 19:09:12 ET
Table 'Hamiltonia II' 6-max Seat #2 is the button
Seat 1: Lalofranjeado ($1.54 in chips) 
Seat 2: bitencourt529 ($0.83 in chips) 
Seat 3: Lorpugo ($2.08 in chips) 
Seat 4: qwerty1556 ($6.58 in chips) 
Seat 5: Nastasia1030 ($2 in chips) 
Seat 6: DelaneyJack ($1.93 in chips) 
Lorpugo: posts small blind $0.01
qwerty1556: posts big blind $0.02
*** HOLE CARDS ***
Dealt to Lorpugo [8h Ad]
Nastasia1030: folds 
DelaneyJack: folds 
Lalofranjeado: folds 
bitencourt529: raises $0.04 to $0.06
Lorpugo: raises $0.12 to $0.18
qwerty1556: folds 
bitencourt529: calls $0.12
*** FLOP *** [Qs 7d 4h]
Lorpugo: bets $1.90 and is all-in
bitencourt529: calls $0.65 and is all-in
Uncalled bet ($1.25) returned to Lorpugo
*** TURN *** [Qs 7d 4h] [6c]
*** RIVER *** [Qs 7d 4h 6c] [7c]
*** SHOW DOWN ***
Lorpugo: shows [8h Ad] (a pair of Sevens)
bitencourt529: shows [4s 5s] (two pair, Sevens and Fours)
bitencourt529 collected $1.62 from pot
*** SUMMARY ***
Total pot $1.68 | Rake $0.06 
Board [Qs 7d 4h 6c 7c]
Seat 1: Lalofranjeado folded before Flop (didn't bet)
Seat 2: bitencourt529 (button) showed [4s 5s] and won ($1.62) with two pair, Sevens and Fours
Seat 3: Lorpugo (small blind) showed [8h Ad] and lost with a pair of Sevens
Seat 4: qwerty1556 (big blind) folded before Flop
Seat 5: Nastasia1030 folded before Flop (didn't bet)
Seat 6: DelaneyJack folded before Flop (didn't bet)



PokerStars Hand #240918079413:  Hold'em No Limit ($0.01/$0.02 USD) - 2023/01/04 19:09:42 ET
Table 'Hamiltonia II' 6-max Seat #3 is the button
Seat 1: Lalofranjeado ($1.54 in chips) 
Seat 2: bitencourt529 ($1.62 in chips) 
Seat 3: Lorpugo ($1.25 in chips) 
Seat 4: qwerty1556 ($6.56 in chips) 
Seat 5: Nastasia1030 ($2 in chips) 
Seat 6: DelaneyJack ($1.93 in chips) 
qwerty1556: posts small blind $0.01
Nastasia1030: posts big blind $0.02
*** HOLE CARDS ***
Dealt to Lorpugo [5h 5d]
DelaneyJack has timed out
DelaneyJack: folds 
Lalofranjeado: folds 
bitencourt529: folds 
Lorpugo: raises $0.02 to $0.04
qwerty1556: folds 
Nastasia1030: folds 
Uncalled bet ($0.02) returned to Lorpugo
Lorpugo collected $0.05 from pot
Lorpugo: doesn't show hand 
*** SUMMARY ***
Total pot $0.05 | Rake $0 
Seat 1: Lalofranjeado folded before Flop (didn't bet)
Seat 2: bitencourt529 folded before Flop (didn't bet)
Seat 3: Lorpugo (button) collected ($0.05)
Seat 4: qwerty1556 (small blind) folded before Flop
Seat 5: Nastasia1030 (big blind) folded before Flop
Seat 6: DelaneyJack folded before Flop (didn't bet)



PokerStars Hand #240918086244:  Hold'em No Limit ($0.01/$0.02 USD) - 2023/01/04 19:10:03 ET
Table 'Hamiltonia II' 6-max Seat #4 is the button
Seat 1: Lalofranjeado ($1.54 in chips) 
Seat 2: bitencourt529 ($1.62 in chips) 
Seat 3: Lorpugo ($1.28 in chips) 
Seat 4: qwerty1556 ($6.55 in chips) 
Seat 5: Nastasia1030 ($2 in chips) 
Seat 6: DelaneyJack ($1.93 in chips) 
Nastasia1030: posts small blind $0.01
DelaneyJack: posts big blind $0.02
*** HOLE CARDS ***
Dealt to Lorpugo [6d 9d]
Lalofranjeado: raises $0.03 to $0.05
bitencourt529: raises $0.09 to $0.14
Lorpugo: calls $0.14
qwerty1556: folds 
Nastasia1030: folds 
DelaneyJack: folds 
Lalofranjeado: calls $0.09
*** FLOP *** [Ts Th Ad]
Lalofranjeado: checks 
bitencourt529: bets $0.22
Lorpugo: folds 
Lalofranjeado: folds 
Uncalled bet ($0.22) returned to bitencourt529
bitencourt529 collected $0.43 from pot
*** SUMMARY ***
Total pot $0.45 | Rake $0.02 
Board [Ts Th Ad]
Seat 1: Lalofranjeado folded on the Flop
Seat 2: bitencourt529 collected ($0.43)
Seat 3: Lorpugo folded on the Flop
Seat 4: qwerty1556 (button) folded before Flop (didn't bet)
Seat 5: Nastasia1030 (small blind) folded before Flop
Seat 6: DelaneyJack (big blind) folded before Flop



PokerStars Hand #240918103846:  Hold'em No Limit ($0.01/$0.02 USD) - 2023/01/04 19:10:58 ET
Table 'Hamiltonia II' 6-max Seat #5 is the button
Seat 1: Lalofranjeado ($1.40 in chips) 
Seat 2: bitencourt529 ($1.91 in chips) 
Seat 3: Lorpugo ($1.14 in chips) 
Seat 4: qwerty1556 ($6.55 in chips) 
Seat 5: Nastasia1030 ($2 in chips) 
Seat 6: DelaneyJack ($1.91 in chips) 
DelaneyJack: posts small blind $0.01
Lalofranjeado: posts big blind $0.02
*** HOLE CARDS ***
Dealt to Lorpugo [Jh Tc]
bitencourt529: raises $0.02 to $0.04
Lorpugo: calls $0.04
qwerty1556: raises $0.26 to $0.30
Nastasia1030: folds 
DelaneyJack: folds 
Lalofranjeado: folds 
bitencourt529: folds 
Lorpugo: folds 
Uncalled bet ($0.26) returned to qwerty1556
qwerty1556 collected $0.15 from pot
qwerty1556: doesn't show hand 
*** SUMMARY ***
Total pot $0.15 | Rake $0 
Seat 1: Lalofranjeado (big blind) folded before Flop
Seat 2: bitencourt529 folded before Flop
Seat 3: Lorpugo folded before Flop
Seat 4: qwerty1556 collected ($0.15)
Seat 5: Nastasia1030 (button) folded before Flop (didn't bet)
Seat 6: DelaneyJack (small blind) folded before Flop



PokerStars Hand #240918112244:  Hold'em No Limit ($0.01/$0.02 USD) - 2023/01/04 19:11:24 ET
Table 'Hamiltonia II' 6-max Seat #6 is the button
Seat 1: Lalofranjeado ($1.38 in chips) 
Seat 2: bitencourt529 ($1.87 in chips) 
Seat 3: Lorpugo ($1.10 in chips) 
Seat 4: qwerty1556 ($6.66 in chips) 
Seat 5: Nastasia1030 ($2 in chips) 
Seat 6: DelaneyJack ($1.90 in chips) 
Lalofranjeado: posts small blind $0.01
bitencourt529: posts big blind $0.02
*** HOLE CARDS ***
Dealt to Lorpugo [Ad Jh]
Lorpugo: raises $0.03 to $0.05
qwerty1556: folds 
Nastasia1030: folds 
DelaneyJack: folds 
Lalofranjeado: folds 
bitencourt529: folds 
Uncalled bet ($0.03) returned to Lorpugo
Lorpugo collected $0.05 from pot
Lorpugo: doesn't show hand 
*** SUMMARY ***
Total pot $0.05 | Rake $0 
Seat 1: Lalofranjeado (small blind) folded before Flop
Seat 2: bitencourt529 (big blind) folded before Flop
Seat 3: Lorpugo collected ($0.05)
Seat 4: qwerty1556 folded before Flop (didn't bet)
Seat 5: Nastasia1030 folded before Flop (didn't bet)
Seat 6: DelaneyJack (button) folded before Flop (didn't bet)



PokerStars Hand #240918117095:  Hold'em No Limit ($0.01/$0.02 USD) - 2023/01/04 19:11:39 ET
Table 'Hamiltonia II' 6-max Seat #1 is the button
Seat 1: Lalofranjeado ($1.37 in chips) 
Seat 2: bitencourt529 ($1.85 in chips) 
Seat 3: Lorpugo ($1.13 in chips) 
Seat 4: qwerty1556 ($6.66 in chips) 
Seat 5: Nastasia1030 ($2 in chips) 
Seat 6: DelaneyJack ($1.90 in chips) 
bitencourt529: posts small blind $0.01
Lorpugo: posts big blind $0.02
*** HOLE CARDS ***
Dealt to Lorpugo [Ad Jc]
qwerty1556: folds 
Nastasia1030: folds 
DelaneyJack: folds 
Lalofranjeado: folds 
bitencourt529: raises $0.04 to $0.06
Lorpugo: raises $0.10 to $0.16
bitencourt529: calls $0.10
*** FLOP *** [Kd 2s Ac]
bitencourt529: checks 
Lorpugo: bets $0.16
bitencourt529: folds 
Uncalled bet ($0.16) returned to Lorpugo
Nastasia1030 leaves the table
Lorpugo collected $0.31 from pot
Lorpugo: doesn't show hand 
*** SUMMARY ***
Total pot $0.32 | Rake $0.01 
Board [Kd 2s Ac]
Seat 1: Lalofranjeado (button) folded before Flop (didn't bet)
Seat 2: bitencourt529 (small blind) folded on the Flop
Seat 3: Lorpugo (big blind) collected ($0.31)
Seat 4: qwerty1556 folded before Flop (didn't bet)
Seat 5: Nastasia1030 folded before Flop (didn't bet)
Seat 6: DelaneyJack folded before Flop (didn't bet)



PokerStars Hand #240918130988:  Hold'em No Limit ($0.01/$0.02 USD) - 2023/01/04 19:12:23 ET
Table 'Hamiltonia II' 6-max Seat #2 is the button
Seat 1: Lalofranjeado ($1.37 in chips) 
Seat 2: bitencourt529 ($1.69 in chips) 
Seat 3: Lorpugo ($1.28 in chips) 
Seat 4: qwerty1556 ($6.66 in chips) 
Seat 6: DelaneyJack ($1.90 in chips) 
Lorpugo: posts small blind $0.01
qwerty1556: posts big blind $0.02
*** HOLE CARDS ***
Dealt to Lorpugo [Js 6h]
DelaneyJack: folds 
Lalofranjeado: folds 
bitencourt529: raises $0.06 to $0.08
travisf32 joins the table at seat #5 
Lorpugo: folds 
qwerty1556: folds 
Uncalled bet ($0.06) returned to bitencourt529
bitencourt529 collected $0.05 from pot
*** SUMMARY ***
Total pot $0.05 | Rake $0 
Seat 1: Lalofranjeado folded before Flop (didn't bet)
Seat 2: bitencourt529 (button) collected ($0.05)
Seat 3: Lorpugo (small blind) folded before Flop
Seat 4: qwerty1556 (big blind) folded before Flop
Seat 6: DelaneyJack folded before Flop (didn't bet)



PokerStars Hand #240918136634:  Hold'em No Limit ($0.01/$0.02 USD) - 2023/01/04 19:12:41 ET
Table 'Hamiltonia II' 6-max Seat #3 is the button
Seat 1: Lalofranjeado ($1.37 in chips) 
Seat 2: bitencourt529 ($1.72 in chips) 
Seat 3: Lorpugo ($1.27 in chips) 
Seat 4: qwerty1556 ($6.64 in chips) 
Seat 5: travisf32 ($2 in chips) 
Seat 6: DelaneyJack ($1.90 in chips) 
qwerty1556: posts small blind $0.01
travisf32: posts big blind $0.02
*** HOLE CARDS ***
Dealt to Lorpugo [Qd 9d]
DelaneyJack: folds 
Lalofranjeado: folds 
bitencourt529: raises $0.02 to $0.04
Lorpugo: raises $0.11 to $0.15
qwerty1556: calls $0.14
travisf32: folds 
bitencourt529: calls $0.11
*** FLOP *** [Th 2s 8h]
qwerty1556: checks 
bitencourt529: checks 
Lorpugo: bets $0.23
qwerty1556: folds 
bitencourt529: folds 
Uncalled bet ($0.23) returned to Lorpugo
Lorpugo collected $0.45 from pot
Lorpugo: doesn't show hand 
*** SUMMARY ***
Total pot $0.47 | Rake $0.02 
Board [Th 2s 8h]
Seat 1: Lalofranjeado folded before Flop (didn't bet)
Seat 2: bitencourt529 folded on the Flop
Seat 3: Lorpugo (button) collected ($0.45)
Seat 4: qwerty1556 (small blind) folded on the Flop
Seat 5: travisf32 (big blind) folded before Flop
Seat 6: DelaneyJack folded before Flop (didn't bet)



PokerStars Hand #240918149584:  Hold'em No Limit ($0.01/$0.02 USD) - 2023/01/04 19:13:22 ET
Table 'Hamiltonia II' 6-max Seat #4 is the button
Seat 1: Lalofranjeado ($1.37 in chips) 
Seat 2: bitencourt529 ($1.57 in chips) 
Seat 3: Lorpugo ($1.57 in chips) 
Seat 4: qwerty1556 ($6.49 in chips) 
Seat 5: travisf32 ($1.98 in chips) 
Seat 6: DelaneyJack ($1.90 in chips) 
travisf32: posts small blind $0.01
DelaneyJack: posts big blind $0.02
*** HOLE CARDS ***
Dealt to Lorpugo [3h Qs]
Lalofranjeado: raises $0.03 to $0.05
bitencourt529: folds 
bitencourt529 leaves the table
Lorpugo: folds 
qwerty1556: folds 
travisf32: calls $0.04
DelaneyJack: folds 
*** FLOP *** [6d 5d Jh]
travisf32: checks 
Lalofranjeado: bets $0.06
travisf32: calls $0.06
*** TURN *** [6d 5d Jh] [8c]
travisf32: checks 
melooF joins the table at seat #2 
Lalofranjeado: bets $0.17
travisf32: calls $0.17
*** RIVER *** [6d 5d Jh 8c] [3s]
travisf32: checks 
Lalofranjeado: bets $0.56
travisf32: folds 
Uncalled bet ($0.56) returned to Lalofranjeado
Lalofranjeado collected $0.56 from pot
Lalofranjeado: doesn't show hand 
*** SUMMARY ***
Total pot $0.58 | Rake $0.02 
Board [6d 5d Jh 8c 3s]
Seat 1: Lalofranjeado collected ($0.56)
Seat 2: bitencourt529 folded before Flop (didn't bet)
Seat 3: Lorpugo folded before Flop (didn't bet)
Seat 4: qwerty1556 (button) folded before Flop (didn't bet)
Seat 5: travisf32 (small blind) folded on the River
Seat 6: DelaneyJack (big blind) folded before Flop



PokerStars Hand #240918185156:  Hold'em No Limit ($0.01/$0.02 USD) - 2023/01/04 19:15:15 ET
Table 'Hamiltonia II' 6-max Seat #5 is the button
Seat 1: Lalofranjeado ($1.65 in chips) 
Seat 3: Lorpugo ($1.57 in chips) 
Seat 4: qwerty1556 ($6.49 in chips) 
Seat 5: travisf32 ($1.70 in chips) 
Seat 6: DelaneyJack ($1.88 in chips) 
DelaneyJack: posts small blind $0.01
Lalofranjeado: posts big blind $0.02
*** HOLE CARDS ***
Dealt to Lorpugo [4d 4s]
Lorpugo: raises $0.02 to $0.04
qwerty1556: folds 
travisf32 has timed out
travisf32: folds 
DelaneyJack: folds 
Lalofranjeado: folds 
Uncalled bet ($0.02) returned to Lorpugo
Lorpugo collected $0.05 from pot
Lorpugo: doesn't show hand 
*** SUMMARY ***
Total pot $0.05 | Rake $0 
Seat 1: Lalofranjeado (big blind) folded before Flop
Seat 3: Lorpugo collected ($0.05)
Seat 4: qwerty1556 folded before Flop (didn't bet)
Seat 5: travisf32 (button) folded before Flop (didn't bet)
Seat 6: DelaneyJack (small blind) folded before Flop



PokerStars Hand #240918194040:  Hold'em No Limit ($0.01/$0.02 USD) - 2023/01/04 19:15:43 ET
Table 'Hamiltonia II' 6-max Seat #6 is the button
Seat 1: Lalofranjeado ($1.63 in chips) 
Seat 3: Lorpugo ($1.60 in chips) 
Seat 4: qwerty1556 ($6.49 in chips) 
Seat 5: travisf32 ($1.70 in chips) 
Seat 6: DelaneyJack ($1.87 in chips) 
Lalofranjeado: posts small blind $0.01
Lorpugo: posts big blind $0.02
*** HOLE CARDS ***
Dealt to Lorpugo [Ac Kd]
qwerty1556: folds 
travisf32 has timed out
travisf32: folds 
DelaneyJack: folds 
Lalofranjeado: raises $0.04 to $0.06
Lorpugo: raises $0.12 to $0.18
Lalofranjeado: raises $0.24 to $0.42
Lorpugo: raises $1.18 to $1.60 and is all-in
Lalofranjeado: calls $1.18
Lalofranjeado has timed out
*** FLOP *** [5h Js 4c]
*** TURN *** [5h Js 4c] [4s]
*** RIVER *** [5h Js 4c 4s] [7h]
*** SHOW DOWN ***
Lalofranjeado: shows [Ks As] (a pair of Fours)
Lorpugo: shows [Ac Kd] (a pair of Fours)
Lalofranjeado collected $1.55 from pot
Lorpugo collected $1.54 from pot
*** SUMMARY ***
Total pot $3.20 | Rake $0.11 
Board [5h Js 4c 4s 7h]
Seat 1: Lalofranjeado (small blind) showed [Ks As] and won ($1.55) with a pair of Fours
Seat 3: Lorpugo (big blind) showed [Ac Kd] and won ($1.54) with a pair of Fours
Seat 4: qwerty1556 folded before Flop (didn't bet)
Seat 5: travisf32 folded before Flop (didn't bet)
Seat 6: DelaneyJack (button) folded before Flop (didn't bet)



PokerStars Hand #240918214813:  Hold'em No Limit ($0.01/$0.02 USD) - 2023/01/04 19:16:50 ET
Table 'Hamiltonia II' 6-max Seat #1 is the button
Seat 1: Lalofranjeado ($1.58 in chips) 
Seat 3: Lorpugo ($1.54 in chips) 
Seat 4: qwerty1556 ($6.49 in chips) 
Seat 6: DelaneyJack ($1.87 in chips) 
Lorpugo: posts small blind $0.01
qwerty1556: posts big blind $0.02
*** HOLE CARDS ***
Dealt to Lorpugo [Kh 9d]
DelaneyJack: folds 
Lalofranjeado: raises $0.03 to $0.05
Lorpugo: raises $0.12 to $0.17
qwerty1556: folds 
travisf32 leaves the table
Lalofranjeado: folds 
Uncalled bet ($0.12) returned to Lorpugo
Lorpugo collected $0.12 from pot
Lorpugo: doesn't show hand 
*** SUMMARY ***
Total pot $0.12 | Rake $0 
Seat 1: Lalofranjeado (button) folded before Flop
Seat 3: Lorpugo (small blind) collected ($0.12)
Seat 4: qwerty1556 (big blind) folded before Flop
Seat 6: DelaneyJack folded before Flop (didn't bet)



PokerStars Hand #240918225269:  Hold'em No Limit ($0.01/$0.02 USD) - 2023/01/04 19:17:24 ET
Table 'Hamiltonia II' 6-max Seat #3 is the button
Seat 1: Lalofranjeado ($1.53 in chips) 
Seat 3: Lorpugo ($1.61 in chips) 
Seat 4: qwerty1556 ($6.47 in chips) 
Seat 6: DelaneyJack ($1.87 in chips) 
qwerty1556: posts small blind $0.01
DelaneyJack: posts big blind $0.02
*** HOLE CARDS ***
Dealt to Lorpugo [Kd 4h]
Lalofranjeado: folds 
Lorpugo: folds 
qwerty1556: raises $0.04 to $0.06
DelaneyJack: folds 
Uncalled bet ($0.04) returned to qwerty1556
Jovial86 joins the table at seat #5 
qwerty1556 collected $0.04 from pot
qwerty1556: doesn't show hand 
*** SUMMARY ***
Total pot $0.04 | Rake $0 
Seat 1: Lalofranjeado folded before Flop (didn't bet)
Seat 3: Lorpugo (button) folded before Flop (didn't bet)
Seat 4: qwerty1556 (small blind) collected ($0.04)
Seat 6: DelaneyJack (big blind) folded before Flop



PokerStars Hand #240918229444:  Hold'em No Limit ($0.01/$0.02 USD) - 2023/01/04 19:17:37 ET
Table 'Hamiltonia II' 6-max Seat #4 is the button
Seat 1: Lalofranjeado ($1.53 in chips) 
Seat 3: Lorpugo ($1.61 in chips) 
Seat 4: qwerty1556 ($6.49 in chips) 
Seat 6: DelaneyJack ($1.85 in chips) 
DelaneyJack: posts small blind $0.01
Lalofranjeado: posts big blind $0.02
*** HOLE CARDS ***
Dealt to Lorpugo [3h Td]
Lorpugo: folds 
qwerty1556: folds 
DelaneyJack: raises $0.03 to $0.05
Lalofranjeado: raises $0.13 to $0.18
DelaneyJack: folds 
Uncalled bet ($0.13) returned to Lalofranjeado
Lalofranjeado collected $0.10 from pot
Lalofranjeado: doesn't show hand 
*** SUMMARY ***
Total pot $0.10 | Rake $0 
Seat 1: Lalofranjeado (big blind) collected ($0.10)
Seat 3: Lorpugo folded before Flop (didn't bet)
Seat 4: qwerty1556 (button) folded before Flop (didn't bet)
Seat 6: DelaneyJack (small blind) folded before Flop



PokerStars Hand #240918234620:  Hold'em No Limit ($0.01/$0.02 USD) - 2023/01/04 19:17:54 ET
Table 'Hamiltonia II' 6-max Seat #6 is the button
Seat 1: Lalofranjeado ($1.58 in chips) 
Seat 3: Lorpugo ($1.61 in chips) 
Seat 4: qwerty1556 ($6.49 in chips) 
Seat 6: DelaneyJack ($1.80 in chips) 
Lalofranjeado: posts small blind $0.01
Lorpugo: posts big blind $0.02
*** HOLE CARDS ***
Dealt to Lorpugo [8h 9c]
qwerty1556: folds 
DelaneyJack: folds 
Lalofranjeado: folds 
Uncalled bet ($0.01) returned to Lorpugo
Lorpugo collected $0.02 from pot
Lorpugo: doesn't show hand 
*** SUMMARY ***
Total pot $0.02 | Rake $0 
Seat 1: Lalofranjeado (small blind) folded before Flop
Seat 3: Lorpugo (big blind) collected ($0.02)
Seat 4: qwerty1556 folded before Flop (didn't bet)
Seat 6: DelaneyJack (button) folded before Flop (didn't bet)



PokerStars Hand #240918238631:  Hold'em No Limit ($0.01/$0.02 USD) - 2023/01/04 19:18:07 ET
Table 'Hamiltonia II' 6-max Seat #1 is the button
Seat 1: Lalofranjeado ($1.57 in chips) 
Seat 3: Lorpugo ($1.62 in chips) 
Seat 5: Jovial86 ($2 in chips) 
Seat 6: DelaneyJack ($1.80 in chips) 
Lorpugo: posts small blind $0.01
Jovial86: posts big blind $0.02
*** HOLE CARDS ***
Dealt to Lorpugo [2d 2s]
DelaneyJack: raises $0.04 to $0.06
Lalofranjeado: folds 
Lorpugo: calls $0.05
qwerty1556 leaves the table
Jovial86: folds 
*** FLOP *** [Ks Js 4c]
Lorpugo: checks 
Elsocio0807 joins the table at seat #4 
DelaneyJack: bets $0.05
Lorpugo: raises $0.16 to $0.21
DelaneyJack: calls $0.16
*** TURN *** [Ks Js 4c] [5c]
Lorpugo: bets $1.35 and is all-in
DelaneyJack: calls $1.35
*** RIVER *** [Ks Js 4c 5c] [3h]
*** SHOW DOWN ***
Lorpugo: shows [2d 2s] (a pair of Deuces)
DelaneyJack: shows [Ad As] (a pair of Aces)
DelaneyJack collected $3.15 from pot
*** SUMMARY ***
Total pot $3.26 | Rake $0.11 
Board [Ks Js 4c 5c 3h]
Seat 1: Lalofranjeado (button) folded before Flop (didn't bet)
Seat 3: Lorpugo (small blind) showed [2d 2s] and lost with a pair of Deuces
Seat 5: Jovial86 (big blind) folded before Flop
Seat 6: DelaneyJack showed [Ad As] and won ($3.15) with a pair of Aces



