PokerStars Hand #240916746864:  Hold'em No Limit ($0.01/$0.02 USD) - 2023/01/04 18:06:36 ET
Table 'Scania III' 6-max Seat #2 is the button
Seat 1: superRODRI ($2 in chips) 
Seat 2: nicolas8910 ($1.75 in chips) 
Seat 3: kingjelly777 ($6.12 in chips) 
Seat 5: Lorpugo ($1.60 in chips) 
Seat 6: NotEnough77 ($2.03 in chips) 
kingjelly777: posts small blind $0.01
Lorpugo: posts big blind $0.02
*** HOLE CARDS ***
Dealt to Lorpugo [Jd 3d]
NotEnough77: raises $0.03 to $0.05
superRODRI: raises $0.13 to $0.18
nicolas8910: folds 
kingjelly777: calls $0.17
Lorpugo: folds 
NotEnough77: folds 
*** FLOP *** [2h Jc 4h]
kingjelly777: checks 
superRODRI: bets $0.14
kingjelly777: folds 
Uncalled bet ($0.14) returned to superRODRI
superRODRI collected $0.41 from pot
superRODRI: doesn't show hand 
*** SUMMARY ***
Total pot $0.43 | Rake $0.02 
Board [2h Jc 4h]
Seat 1: superRODRI collected ($0.41)
Seat 2: nicolas8910 (button) folded before Flop (didn't bet)
Seat 3: kingjelly777 (small blind) folded on the Flop
Seat 5: Lorpugo (big blind) folded before Flop
Seat 6: NotEnough77 folded before Flop



PokerStars Hand #240916760732:  Hold'em No Limit ($0.01/$0.02 USD) - 2023/01/04 18:07:10 ET
Table 'Scania III' 6-max Seat #3 is the button
Seat 1: superRODRI ($2.23 in chips) 
Seat 2: nicolas8910 ($2 in chips) 
Seat 3: kingjelly777 ($5.94 in chips) 
Seat 5: Lorpugo ($1.58 in chips) 
Seat 6: NotEnough77 ($2 in chips) 
Lorpugo: posts small blind $0.01
NotEnough77: posts big blind $0.02
*** HOLE CARDS ***
Dealt to Lorpugo [4d Ks]
superRODRI: folds 
nicolas8910: folds 
kingjelly777: folds 
Lorpugo: raises $0.03 to $0.05
NotEnough77: folds 
Uncalled bet ($0.03) returned to Lorpugo
Lorpugo collected $0.04 from pot
Lorpugo: doesn't show hand 
*** SUMMARY ***
Total pot $0.04 | Rake $0 
Seat 1: superRODRI folded before Flop (didn't bet)
Seat 2: nicolas8910 folded before Flop (didn't bet)
Seat 3: kingjelly777 (button) folded before Flop (didn't bet)
Seat 5: Lorpugo (small blind) collected ($0.04)
Seat 6: NotEnough77 (big blind) folded before Flop



PokerStars Hand #240916765896:  Hold'em No Limit ($0.01/$0.02 USD) - 2023/01/04 18:07:23 ET
Table 'Scania III' 6-max Seat #5 is the button
Seat 1: superRODRI ($2.23 in chips) 
Seat 2: nicolas8910 ($2 in chips) 
Seat 3: kingjelly777 ($5.94 in chips) 
Seat 5: Lorpugo ($1.60 in chips) 
Seat 6: NotEnough77 ($2 in chips) 
NotEnough77: posts small blind $0.01
superRODRI: posts big blind $0.02
*** HOLE CARDS ***
Dealt to Lorpugo [6s Tc]
nicolas8910: folds 
kingjelly777: folds 
Lorpugo: raises $0.02 to $0.04
NotEnough77: calls $0.03
superRODRI: calls $0.02
*** FLOP *** [Jd 5h 6h]
NotEnough77: bets $0.08
superRODRI: folds 
Lorpugo: raises $1.48 to $1.56 and is all-in
NotEnough77: calls $1.48
*** TURN *** [Jd 5h 6h] [Kd]
*** RIVER *** [Jd 5h 6h Kd] [3c]
*** SHOW DOWN ***
NotEnough77: shows [Jh Th] (a pair of Jacks)
Lorpugo: shows [6s Tc] (a pair of Sixes)
NotEnough77 collected $3.13 from pot
*** SUMMARY ***
Total pot $3.24 | Rake $0.11 
Board [Jd 5h 6h Kd 3c]
Seat 1: superRODRI (big blind) folded on the Flop
Seat 2: nicolas8910 folded before Flop (didn't bet)
Seat 3: kingjelly777 folded before Flop (didn't bet)
Seat 5: Lorpugo (button) showed [6s Tc] and lost with a pair of Sixes
Seat 6: NotEnough77 (small blind) showed [Jh Th] and won ($3.13) with a pair of Jacks



PokerStars Hand #240916796036:  Hold'em No Limit ($0.01/$0.02 USD) - 2023/01/04 18:08:39 ET
Table 'Scania III' 6-max Seat #1 is the button
Seat 1: superRODRI ($2.18 in chips) 
Seat 2: nicolas8910 ($1.98 in chips) 
Seat 3: kingjelly777 ($6.19 in chips) 
Seat 5: Lorpugo ($1.60 in chips) 
Seat 6: NotEnough77 ($3.29 in chips) 
nicolas8910: posts small blind $0.01
kingjelly777: posts big blind $0.02
*** HOLE CARDS ***
Dealt to Lorpugo [7s As]
Lorpugo: raises $0.03 to $0.05
NotEnough77: folds 
superRODRI: folds 
nicolas8910: folds 
kingjelly777: calls $0.03
*** FLOP *** [Ks 2d 8s]
kingjelly777: checks 
Lorpugo: bets $1.55 and is all-in
kingjelly777: folds 
Uncalled bet ($1.55) returned to Lorpugo
Lorpugo collected $0.11 from pot
Lorpugo: doesn't show hand 
*** SUMMARY ***
Total pot $0.11 | Rake $0 
Board [Ks 2d 8s]
Seat 1: superRODRI (button) folded before Flop (didn't bet)
Seat 2: nicolas8910 (small blind) folded before Flop
Seat 3: kingjelly777 (big blind) folded on the Flop
Seat 5: Lorpugo collected ($0.11)
Seat 6: NotEnough77 folded before Flop (didn't bet)



PokerStars Hand #240916809124:  Hold'em No Limit ($0.01/$0.02 USD) - 2023/01/04 18:09:12 ET
Table 'Scania III' 6-max Seat #2 is the button
Seat 1: superRODRI ($2.18 in chips) 
Seat 2: nicolas8910 ($1.97 in chips) 
Seat 3: kingjelly777 ($6.14 in chips) 
Seat 5: Lorpugo ($1.66 in chips) 
Seat 6: NotEnough77 ($3.29 in chips) 
kingjelly777: posts small blind $0.01
Lorpugo: posts big blind $0.02
*** HOLE CARDS ***
Dealt to Lorpugo [8h Qd]
NotEnough77: folds 
superRODRI: raises $0.05 to $0.07
nicolas8910: folds 
kingjelly777: calls $0.06
Lorpugo: folds 
*** FLOP *** [8c 4s Qs]
kingjelly777: bets $0.14
superRODRI: folds 
Uncalled bet ($0.14) returned to kingjelly777
kingjelly777 collected $0.15 from pot
klayfer03 leaves the table
*** SUMMARY ***
Total pot $0.16 | Rake $0.01 
Board [8c 4s Qs]
Seat 1: superRODRI folded on the Flop
Seat 2: nicolas8910 (button) folded before Flop (didn't bet)
Seat 3: kingjelly777 (small blind) collected ($0.15)
Seat 5: Lorpugo (big blind) folded before Flop
Seat 6: NotEnough77 folded before Flop (didn't bet)



PokerStars Hand #240916819602:  Hold'em No Limit ($0.01/$0.02 USD) - 2023/01/04 18:09:38 ET
Table 'Scania III' 6-max Seat #3 is the button
Seat 1: superRODRI ($2.11 in chips) 
Seat 2: nicolas8910 ($1.97 in chips) 
Seat 3: kingjelly777 ($6.22 in chips) 
Seat 5: Lorpugo ($1.64 in chips) 
Seat 6: NotEnough77 ($3.29 in chips) 
Lorpugo: posts small blind $0.01
NotEnough77: posts big blind $0.02
*** HOLE CARDS ***
Dealt to Lorpugo [4h 5s]
superRODRI: folds 
s_gift joins the table at seat #4 
nicolas8910: folds 
kingjelly777: raises $0.04 to $0.06
Lorpugo: folds 
NotEnough77: calls $0.04
*** FLOP *** [Kh 9c 3c]
NotEnough77: checks 
kingjelly777: bets $0.16
NotEnough77: calls $0.16
*** TURN *** [Kh 9c 3c] [Td]
NotEnough77: checks 
kingjelly777: bets $0.56
NotEnough77: calls $0.56
*** RIVER *** [Kh 9c 3c Td] [7s]
NotEnough77: checks 
kingjelly777: checks 
*** SHOW DOWN ***
NotEnough77: shows [Jc 4c] (high card King)
kingjelly777: shows [As 5c] (high card Ace)
kingjelly777 collected $1.52 from pot
*** SUMMARY ***
Total pot $1.57 | Rake $0.05 
Board [Kh 9c 3c Td 7s]
Seat 1: superRODRI folded before Flop (didn't bet)
Seat 2: nicolas8910 folded before Flop (didn't bet)
Seat 3: kingjelly777 (button) showed [As 5c] and won ($1.52) with high card Ace
Seat 5: Lorpugo (small blind) folded before Flop
Seat 6: NotEnough77 (big blind) showed [Jc 4c] and lost with high card King



PokerStars Hand #240916838560:  Hold'em No Limit ($0.01/$0.02 USD) - 2023/01/04 18:10:26 ET
Table 'Scania III' 6-max Seat #5 is the button
Seat 1: superRODRI ($2.11 in chips) 
Seat 2: nicolas8910 ($1.97 in chips) 
Seat 3: kingjelly777 ($6.96 in chips) 
Seat 4: s_gift ($1.98 in chips) 
Seat 5: Lorpugo ($1.63 in chips) 
Seat 6: NotEnough77 ($2.51 in chips) 
NotEnough77: posts small blind $0.01
superRODRI: posts big blind $0.02
s_gift: posts big blind $0.02
*** HOLE CARDS ***
Dealt to Lorpugo [6h 6d]
nicolas8910: folds 
kingjelly777: raises $0.04 to $0.06
s_gift: calls $0.04
Lorpugo: calls $0.06
NotEnough77: folds 
superRODRI: calls $0.04
*** FLOP *** [Td 8h 9d]
superRODRI: checks 
kingjelly777: checks 
s_gift: bets $0.02
Lorpugo: folds 
superRODRI: calls $0.02
kingjelly777: calls $0.02
*** TURN *** [Td 8h 9d] [9s]
superRODRI: checks 
kingjelly777: checks 
s_gift: bets $0.02
superRODRI: calls $0.02
kingjelly777: calls $0.02
*** RIVER *** [Td 8h 9d 9s] [4d]
superRODRI: checks 
kingjelly777: checks 
s_gift: bets $0.02
superRODRI: folds 
kingjelly777: raises $0.16 to $0.18
s_gift: calls $0.16
*** SHOW DOWN ***
kingjelly777: shows [8s Kd] (two pair, Nines and Eights)
s_gift: shows [Qc Tc] (two pair, Tens and Nines)
s_gift collected $0.69 from pot
*** SUMMARY ***
Total pot $0.73 | Rake $0.04 
Board [Td 8h 9d 9s 4d]
Seat 1: superRODRI (big blind) folded on the River
Seat 2: nicolas8910 folded before Flop (didn't bet)
Seat 3: kingjelly777 showed [8s Kd] and lost with two pair, Nines and Eights
Seat 4: s_gift showed [Qc Tc] and won ($0.69) with two pair, Tens and Nines
Seat 5: Lorpugo (button) folded on the Flop
Seat 6: NotEnough77 (small blind) folded before Flop



PokerStars Hand #240916868694:  Hold'em No Limit ($0.01/$0.02 USD) - 2023/01/04 18:11:43 ET
Table 'Scania III' 6-max Seat #6 is the button
Seat 1: superRODRI ($2.01 in chips) 
Seat 2: nicolas8910 ($1.97 in chips) 
Seat 3: kingjelly777 ($6.68 in chips) 
Seat 4: s_gift ($2.39 in chips) 
Seat 5: Lorpugo ($1.57 in chips) 
Seat 6: NotEnough77 ($2.50 in chips) 
superRODRI: posts small blind $0.01
nicolas8910: posts big blind $0.02
*** HOLE CARDS ***
Dealt to Lorpugo [9c 6d]
kingjelly777: folds 
s_gift: calls $0.02
Lorpugo: folds 
NotEnough77: raises $0.04 to $0.06
superRODRI: raises $0.14 to $0.20
nicolas8910: folds 
s_gift: folds 
NotEnough77: calls $0.14
*** FLOP *** [2d 6h Th]
superRODRI: bets $0.23
NotEnough77: calls $0.23
*** TURN *** [2d 6h Th] [9h]
superRODRI: checks 
NotEnough77: bets $0.24
superRODRI: raises $1.34 to $1.58 and is all-in
NotEnough77: folds 
Uncalled bet ($1.34) returned to superRODRI
superRODRI collected $1.33 from pot
superRODRI: doesn't show hand 
*** SUMMARY ***
Total pot $1.38 | Rake $0.05 
Board [2d 6h Th 9h]
Seat 1: superRODRI (small blind) collected ($1.33)
Seat 2: nicolas8910 (big blind) folded before Flop
Seat 3: kingjelly777 folded before Flop (didn't bet)
Seat 4: s_gift folded before Flop
Seat 5: Lorpugo folded before Flop (didn't bet)
Seat 6: NotEnough77 (button) folded on the Turn



PokerStars Hand #240916884905:  Hold'em No Limit ($0.01/$0.02 USD) - 2023/01/04 18:12:24 ET
Table 'Scania III' 6-max Seat #1 is the button
Seat 1: superRODRI ($2.67 in chips) 
Seat 2: nicolas8910 ($1.95 in chips) 
Seat 3: kingjelly777 ($6.68 in chips) 
Seat 4: s_gift ($2.37 in chips) 
Seat 5: Lorpugo ($1.57 in chips) 
Seat 6: NotEnough77 ($2 in chips) 
nicolas8910: posts small blind $0.01
kingjelly777: posts big blind $0.02
*** HOLE CARDS ***
Dealt to Lorpugo [Ts 9d]
s_gift: folds 
Lorpugo: raises $0.02 to $0.04
NotEnough77: calls $0.04
superRODRI: folds 
nicolas8910: raises $0.14 to $0.18
kingjelly777: calls $0.16
Lorpugo: folds 
NotEnough77: calls $0.14
*** FLOP *** [Qs Qd 7s]
nicolas8910: bets $0.28
superRODRI leaves the table
kingjelly777: raises $1.68 to $1.96
NotEnough77: folds 
Antony87878 joins the table at seat #1 
nicolas8910: folds 
Uncalled bet ($1.68) returned to kingjelly777
kingjelly777 collected $1.10 from pot
*** SUMMARY ***
Total pot $1.14 | Rake $0.04 
Board [Qs Qd 7s]
Seat 1: superRODRI (button) folded before Flop (didn't bet)
Seat 2: nicolas8910 (small blind) folded on the Flop
Seat 3: kingjelly777 (big blind) collected ($1.10)
Seat 4: s_gift folded before Flop (didn't bet)
Seat 5: Lorpugo folded before Flop
Seat 6: NotEnough77 folded on the Flop



PokerStars Hand #240916910614:  Hold'em No Limit ($0.01/$0.02 USD) - 2023/01/04 18:13:30 ET
Table 'Scania III' 6-max Seat #2 is the button
Seat 2: nicolas8910 ($1.49 in chips) 
Seat 3: kingjelly777 ($7.32 in chips) 
Seat 4: s_gift ($2.37 in chips) 
Seat 5: Lorpugo ($1.53 in chips) 
Seat 6: NotEnough77 ($2 in chips) 
kingjelly777: posts small blind $0.01
s_gift: posts big blind $0.02
*** HOLE CARDS ***
Dealt to Lorpugo [Th 8d]
Lorpugo: raises $0.02 to $0.04
NotEnough77: calls $0.04
nicolas8910: folds 
kingjelly777: folds 
s_gift: calls $0.02
*** FLOP *** [8h 3s 4h]
s_gift: checks 
Lorpugo: bets $0.09
NotEnough77: folds 
s_gift: calls $0.09
*** TURN *** [8h 3s 4h] [7h]
s_gift: checks 
Lorpugo: bets $0.15
s_gift: calls $0.15
*** RIVER *** [8h 3s 4h 7h] [3h]
s_gift: bets $2.09 and is all-in
Lorpugo: folds 
Uncalled bet ($2.09) returned to s_gift
s_gift collected $0.59 from pot
*** SUMMARY ***
Total pot $0.61 | Rake $0.02 
Board [8h 3s 4h 7h 3h]
Seat 2: nicolas8910 (button) folded before Flop (didn't bet)
Seat 3: kingjelly777 (small blind) folded before Flop
Seat 4: s_gift (big blind) collected ($0.59)
Seat 5: Lorpugo folded on the River
Seat 6: NotEnough77 folded on the Flop



PokerStars Hand #240916937539:  Hold'em No Limit ($0.01/$0.02 USD) - 2023/01/04 18:14:40 ET
Table 'Scania III' 6-max Seat #3 is the button
Seat 2: nicolas8910 ($1.49 in chips) 
Seat 3: kingjelly777 ($7.31 in chips) 
Seat 4: s_gift ($2.68 in chips) 
Seat 5: Lorpugo ($1.25 in chips) 
Seat 6: NotEnough77 ($2 in chips) 
s_gift: posts small blind $0.01
Lorpugo: posts big blind $0.02
*** HOLE CARDS ***
Dealt to Lorpugo [7h 8h]
NotEnough77: raises $0.03 to $0.05
nicolas8910: calls $0.05
kingjelly777: calls $0.05
s_gift: calls $0.04
Lorpugo: calls $0.03
*** FLOP *** [3d 9s Jh]
s_gift: checks 
Lorpugo: checks 
NotEnough77: bets $0.12
nicolas8910: calls $0.12
kingjelly777: folds 
s_gift: folds 
Lorpugo: folds 
*** TURN *** [3d 9s Jh] [3s]
NotEnough77: bets $0.24
nicolas8910: folds 
Uncalled bet ($0.24) returned to NotEnough77
NotEnough77 collected $0.47 from pot
NotEnough77: doesn't show hand 
*** SUMMARY ***
Total pot $0.49 | Rake $0.02 
Board [3d 9s Jh 3s]
Seat 2: nicolas8910 folded on the Turn
Seat 3: kingjelly777 (button) folded on the Flop
Seat 4: s_gift (small blind) folded on the Flop
Seat 5: Lorpugo (big blind) folded on the Flop
Seat 6: NotEnough77 collected ($0.47)



PokerStars Hand #240916967757:  Hold'em No Limit ($0.01/$0.02 USD) - 2023/01/04 18:15:58 ET
Table 'Scania III' 6-max Seat #4 is the button
Seat 2: nicolas8910 ($1.32 in chips) 
Seat 3: kingjelly777 ($7.26 in chips) 
Seat 4: s_gift ($2.63 in chips) 
Seat 5: Lorpugo ($1.20 in chips) 
Seat 6: NotEnough77 ($2.30 in chips) 
Lorpugo: posts small blind $0.01
NotEnough77: posts big blind $0.02
*** HOLE CARDS ***
Dealt to Lorpugo [8d Jc]
nicolas8910: folds 
kingjelly777: raises $0.04 to $0.06
s_gift: folds 
Lorpugo: folds 
NotEnough77: folds 
Uncalled bet ($0.04) returned to kingjelly777
kingjelly777 collected $0.05 from pot
*** SUMMARY ***
Total pot $0.05 | Rake $0 
Seat 2: nicolas8910 folded before Flop (didn't bet)
Seat 3: kingjelly777 collected ($0.05)
Seat 4: s_gift (button) folded before Flop (didn't bet)
Seat 5: Lorpugo (small blind) folded before Flop
Seat 6: NotEnough77 (big blind) folded before Flop



PokerStars Hand #240916976842:  Hold'em No Limit ($0.01/$0.02 USD) - 2023/01/04 18:16:21 ET
Table 'Scania III' 6-max Seat #5 is the button
Seat 1: Antony87878 ($2 in chips) 
Seat 2: nicolas8910 ($1.32 in chips) 
Seat 3: kingjelly777 ($7.29 in chips) 
Seat 4: s_gift ($2.63 in chips) 
Seat 5: Lorpugo ($1.19 in chips) 
Seat 6: NotEnough77 ($2.28 in chips) 
NotEnough77: posts small blind $0.01
Antony87878: posts big blind $0.02
*** HOLE CARDS ***
Dealt to Lorpugo [Td 4d]
nicolas8910: calls $0.02
kingjelly777: folds 
s_gift: folds 
Lorpugo: folds 
NotEnough77: folds 
Antony87878: checks 
*** FLOP *** [Tc 8s 4h]
Antony87878: checks 
nicolas8910: bets $0.05
Antony87878: folds 
Uncalled bet ($0.05) returned to nicolas8910
nicolas8910 collected $0.05 from pot
nicolas8910: doesn't show hand 
*** SUMMARY ***
Total pot $0.05 | Rake $0 
Board [Tc 8s 4h]
Seat 1: Antony87878 (big blind) folded on the Flop
Seat 2: nicolas8910 collected ($0.05)
Seat 3: kingjelly777 folded before Flop (didn't bet)
Seat 4: s_gift folded before Flop (didn't bet)
Seat 5: Lorpugo (button) folded before Flop (didn't bet)
Seat 6: NotEnough77 (small blind) folded before Flop



PokerStars Hand #240916986812:  Hold'em No Limit ($0.01/$0.02 USD) - 2023/01/04 18:16:47 ET
Table 'Scania III' 6-max Seat #6 is the button
Seat 1: Antony87878 ($2 in chips) 
Seat 2: nicolas8910 ($1.35 in chips) 
Seat 3: kingjelly777 ($7.29 in chips) 
Seat 4: s_gift ($2.63 in chips) 
Seat 5: Lorpugo ($1.19 in chips) 
Seat 6: NotEnough77 ($2.27 in chips) 
Antony87878: posts small blind $0.01
nicolas8910: posts big blind $0.02
*** HOLE CARDS ***
Dealt to Lorpugo [Qd 7c]
kingjelly777: folds 
s_gift: calls $0.02
Lorpugo: folds 
NotEnough77: folds 
Antony87878: calls $0.01
nicolas8910: checks 
*** FLOP *** [Jc 2c 4h]
Antony87878: checks 
nicolas8910: checks 
s_gift: bets $0.02
Antony87878: folds 
nicolas8910: folds 
Uncalled bet ($0.02) returned to s_gift
s_gift collected $0.06 from pot
*** SUMMARY ***
Total pot $0.06 | Rake $0 
Board [Jc 2c 4h]
Seat 1: Antony87878 (small blind) folded on the Flop
Seat 2: nicolas8910 (big blind) folded on the Flop
Seat 3: kingjelly777 folded before Flop (didn't bet)
Seat 4: s_gift collected ($0.06)
Seat 5: Lorpugo folded before Flop (didn't bet)
Seat 6: NotEnough77 (button) folded before Flop (didn't bet)



PokerStars Hand #240917003862:  Hold'em No Limit ($0.01/$0.02 USD) - 2023/01/04 18:17:32 ET
Table 'Scania III' 6-max Seat #1 is the button
Seat 1: Antony87878 ($2 in chips) 
Seat 2: nicolas8910 ($1.33 in chips) 
Seat 3: kingjelly777 ($7.29 in chips) 
Seat 4: s_gift ($2.67 in chips) 
Seat 5: Lorpugo ($1.19 in chips) 
Seat 6: NotEnough77 ($2.27 in chips) 
nicolas8910: posts small blind $0.01
kingjelly777: posts big blind $0.02
*** HOLE CARDS ***
Dealt to Lorpugo [5d Kh]
s_gift: calls $0.02
Lorpugo: folds 
NotEnough77: folds 
Antony87878: folds 
nicolas8910: folds 
kingjelly777: checks 
*** FLOP *** [2c Jh Qd]
kingjelly777: checks 
s_gift: checks 
*** TURN *** [2c Jh Qd] [8h]
kingjelly777: checks 
s_gift: checks 
*** RIVER *** [2c Jh Qd 8h] [Ad]
kingjelly777: checks 
s_gift: checks 
*** SHOW DOWN ***
kingjelly777: shows [2h 6s] (a pair of Deuces)
s_gift: mucks hand 
kingjelly777 collected $0.05 from pot
*** SUMMARY ***
Total pot $0.05 | Rake $0 
Board [2c Jh Qd 8h Ad]
Seat 1: Antony87878 (button) folded before Flop (didn't bet)
Seat 2: nicolas8910 (small blind) folded before Flop
Seat 3: kingjelly777 (big blind) showed [2h 6s] and won ($0.05) with a pair of Deuces
Seat 4: s_gift mucked [9c 7c]
Seat 5: Lorpugo folded before Flop (didn't bet)
Seat 6: NotEnough77 folded before Flop (didn't bet)



PokerStars Hand #240917015913:  Hold'em No Limit ($0.01/$0.02 USD) - 2023/01/04 18:18:03 ET
Table 'Scania III' 6-max Seat #2 is the button
Seat 1: Antony87878 ($2 in chips) 
Seat 2: nicolas8910 ($1.32 in chips) 
Seat 3: kingjelly777 ($7.32 in chips) 
Seat 4: s_gift ($2.65 in chips) 
Seat 5: Lorpugo ($1.19 in chips) 
Seat 6: NotEnough77 ($2.27 in chips) 
kingjelly777: posts small blind $0.01
s_gift: posts big blind $0.02
*** HOLE CARDS ***
Dealt to Lorpugo [Jc 9s]
Lorpugo: folds 
NotEnough77: folds 
Antony87878: folds 
nicolas8910: raises $0.04 to $0.06
kingjelly777: folds 
s_gift: folds 
Uncalled bet ($0.04) returned to nicolas8910
nicolas8910 collected $0.05 from pot
nicolas8910: doesn't show hand 
*** SUMMARY ***
Total pot $0.05 | Rake $0 
Seat 1: Antony87878 folded before Flop (didn't bet)
Seat 2: nicolas8910 (button) collected ($0.05)
Seat 3: kingjelly777 (small blind) folded before Flop
Seat 4: s_gift (big blind) folded before Flop
Seat 5: Lorpugo folded before Flop (didn't bet)
Seat 6: NotEnough77 folded before Flop (didn't bet)



PokerStars Hand #240917022538:  Hold'em No Limit ($0.01/$0.02 USD) - 2023/01/04 18:18:21 ET
Table 'Scania III' 6-max Seat #3 is the button
Seat 1: Antony87878 ($2 in chips) 
Seat 2: nicolas8910 ($2 in chips) 
Seat 3: kingjelly777 ($7.31 in chips) 
Seat 4: s_gift ($2.63 in chips) 
Seat 5: Lorpugo ($1.19 in chips) 
Seat 6: NotEnough77 ($2.27 in chips) 
s_gift: posts small blind $0.01
Lorpugo: posts big blind $0.02
*** HOLE CARDS ***
Dealt to Lorpugo [Js Qs]
NotEnough77: folds 
Antony87878: folds 
nicolas8910: calls $0.02
kingjelly777: folds 
s_gift: calls $0.01
Lorpugo: raises $0.10 to $0.12
nicolas8910: calls $0.10
s_gift: folds 
*** FLOP *** [8c Jd 3h]
Lorpugo: bets $0.02
nicolas8910: raises $0.15 to $0.17
Lorpugo: raises $0.90 to $1.07 and is all-in
nicolas8910: folds 
Uncalled bet ($0.90) returned to Lorpugo
Lorpugo collected $0.58 from pot
Lorpugo: doesn't show hand 
*** SUMMARY ***
Total pot $0.60 | Rake $0.02 
Board [8c Jd 3h]
Seat 1: Antony87878 folded before Flop (didn't bet)
Seat 2: nicolas8910 folded on the Flop
Seat 3: kingjelly777 (button) folded before Flop (didn't bet)
Seat 4: s_gift (small blind) folded before Flop
Seat 5: Lorpugo (big blind) collected ($0.58)
Seat 6: NotEnough77 folded before Flop (didn't bet)



PokerStars Hand #240917047053:  Hold'em No Limit ($0.01/$0.02 USD) - 2023/01/04 18:19:25 ET
Table 'Scania III' 6-max Seat #4 is the button
Seat 1: Antony87878 ($2 in chips) 
Seat 2: nicolas8910 ($1.71 in chips) 
Seat 3: kingjelly777 ($7.31 in chips) 
Seat 4: s_gift ($2.61 in chips) 
Seat 5: Lorpugo ($1.48 in chips) 
Seat 6: NotEnough77 ($2.27 in chips) 
Lorpugo: posts small blind $0.01
NotEnough77: posts big blind $0.02
*** HOLE CARDS ***
Dealt to Lorpugo [Td Kh]
Antony87878: folds 
nicolas8910: raises $0.04 to $0.06
kingjelly777: calls $0.06
s_gift: calls $0.06
Lorpugo: calls $0.05
NotEnough77: calls $0.04
*** FLOP *** [8d 5h 2d]
Lorpugo: checks 
NotEnough77: checks 
nicolas8910: checks 
kingjelly777: checks 
s_gift: checks 
*** TURN *** [8d 5h 2d] [Jh]
Lorpugo: checks 
NotEnough77: bets $0.15
nicolas8910: calls $0.15
kingjelly777: folds 
s_gift: folds 
Lorpugo: folds 
*** RIVER *** [8d 5h 2d Jh] [8c]
NotEnough77: bets $0.39
Antony87878 is disconnected 
nicolas8910: folds 
Uncalled bet ($0.39) returned to NotEnough77
NotEnough77 collected $0.58 from pot
NotEnough77: doesn't show hand 
*** SUMMARY ***
Total pot $0.60 | Rake $0.02 
Board [8d 5h 2d Jh 8c]
Seat 1: Antony87878 folded before Flop (didn't bet)
Seat 2: nicolas8910 folded on the River
Seat 3: kingjelly777 folded on the Turn
Seat 4: s_gift (button) folded on the Turn
Seat 5: Lorpugo (small blind) folded on the Turn
Seat 6: NotEnough77 (big blind) collected ($0.58)



PokerStars Hand #240917077474:  Hold'em No Limit ($0.01/$0.02 USD) - 2023/01/04 18:20:44 ET
Table 'Scania III' 6-max Seat #5 is the button
Seat 2: nicolas8910 ($1.50 in chips) 
Seat 3: kingjelly777 ($7.25 in chips) 
Seat 4: s_gift ($2.55 in chips) 
Seat 5: Lorpugo ($1.42 in chips) 
Seat 6: NotEnough77 ($2.64 in chips) 
NotEnough77: posts small blind $0.01
Antony87878 has timed out while disconnected
nicolas8910: posts big blind $0.02
*** HOLE CARDS ***
Dealt to Lorpugo [7h 2c]
kingjelly777: raises $0.04 to $0.06
s_gift: folds 
Lorpugo: folds 
NotEnough77: folds 
nicolas8910: folds 
Uncalled bet ($0.04) returned to kingjelly777
kingjelly777 collected $0.05 from pot
*** SUMMARY ***
Total pot $0.05 | Rake $0 
Seat 2: nicolas8910 (big blind) folded before Flop
Seat 3: kingjelly777 collected ($0.05)
Seat 4: s_gift folded before Flop (didn't bet)
Seat 5: Lorpugo (button) folded before Flop (didn't bet)
Seat 6: NotEnough77 (small blind) folded before Flop



PokerStars Hand #240917087493:  Hold'em No Limit ($0.01/$0.02 USD) - 2023/01/04 18:21:11 ET
Table 'Scania III' 6-max Seat #6 is the button
Seat 2: nicolas8910 ($1.48 in chips) 
Seat 3: kingjelly777 ($7.28 in chips) 
Seat 4: s_gift ($2.55 in chips) 
Seat 5: Lorpugo ($1.42 in chips) 
Seat 6: NotEnough77 ($2.63 in chips) 
nicolas8910: posts small blind $0.01
kingjelly777: posts big blind $0.02
*** HOLE CARDS ***
Dealt to Lorpugo [9s Qd]
s_gift: calls $0.02
Lorpugo: folds 
NotEnough77: calls $0.02
nicolas8910: calls $0.01
kingjelly777: checks 
*** FLOP *** [8c Ah 8s]
nicolas8910: checks 
kingjelly777: checks 
s_gift: checks 
NotEnough77: checks 
*** TURN *** [8c Ah 8s] [Jc]
nicolas8910: checks 
kingjelly777: checks 
s_gift: checks 
NotEnough77: checks 
*** RIVER *** [8c Ah 8s Jc] [Th]
nicolas8910: bets $0.08
kingjelly777: raises $0.12 to $0.20
s_gift: calls $0.20
NotEnough77: folds 
nicolas8910: folds 
*** SHOW DOWN ***
kingjelly777: shows [9d 3s] (a pair of Eights)
s_gift: shows [7d Td] (two pair, Tens and Eights)
s_gift collected $0.54 from pot
*** SUMMARY ***
Total pot $0.56 | Rake $0.02 
Board [8c Ah 8s Jc Th]
Seat 2: nicolas8910 (small blind) folded on the River
Seat 3: kingjelly777 (big blind) showed [9d 3s] and lost with a pair of Eights
Seat 4: s_gift showed [7d Td] and won ($0.54) with two pair, Tens and Eights
Seat 5: Lorpugo folded before Flop (didn't bet)
Seat 6: NotEnough77 (button) folded on the River



PokerStars Hand #240917110038:  Hold'em No Limit ($0.01/$0.02 USD) - 2023/01/04 18:22:11 ET
Table 'Scania III' 6-max Seat #2 is the button
Seat 2: nicolas8910 ($1.90 in chips) 
Seat 3: kingjelly777 ($7.06 in chips) 
Seat 4: s_gift ($2.87 in chips) 
Seat 5: Lorpugo ($1.42 in chips) 
Seat 6: NotEnough77 ($2.61 in chips) 
kingjelly777: posts small blind $0.01
s_gift: posts big blind $0.02
*** HOLE CARDS ***
Dealt to Lorpugo [Jc Kh]
Lorpugo: raises $0.02 to $0.04
NotEnough77: folds 
nicolas8910: folds 
kingjelly777: raises $0.04 to $0.08
s_gift: folds 
Lorpugo: calls $0.04
*** FLOP *** [Jd Jh 4h]
kingjelly777: bets $0.18
Lorpugo: raises $0.18 to $0.36
kingjelly777: folds 
Uncalled bet ($0.18) returned to Lorpugo
Lorpugo collected $0.52 from pot
Lorpugo: doesn't show hand 
*** SUMMARY ***
Total pot $0.54 | Rake $0.02 
Board [Jd Jh 4h]
Seat 2: nicolas8910 (button) folded before Flop (didn't bet)
Seat 3: kingjelly777 (small blind) folded on the Flop
Seat 4: s_gift (big blind) folded before Flop
Seat 5: Lorpugo collected ($0.52)
Seat 6: NotEnough77 folded before Flop (didn't bet)



PokerStars Hand #240917129007:  Hold'em No Limit ($0.01/$0.02 USD) - 2023/01/04 18:23:02 ET
Table 'Scania III' 6-max Seat #3 is the button
Seat 2: nicolas8910 ($1.90 in chips) 
Seat 3: kingjelly777 ($6.80 in chips) 
Seat 4: s_gift ($2.85 in chips) 
Seat 5: Lorpugo ($1.68 in chips) 
Seat 6: NotEnough77 ($2.61 in chips) 
s_gift: posts small blind $0.01
Lorpugo: posts big blind $0.02
*** HOLE CARDS ***
Dealt to Lorpugo [Jc 9h]
NotEnough77: folds 
nicolas8910: folds 
kingjelly777: folds 
s_gift: calls $0.01
Lorpugo: raises $0.16 to $0.18
s_gift: calls $0.16
*** FLOP *** [5c Qc 3c]
s_gift: checks 
Lorpugo: bets $1.50 and is all-in
s_gift: folds 
Uncalled bet ($1.50) returned to Lorpugo
Lorpugo collected $0.35 from pot
Lorpugo: doesn't show hand 
*** SUMMARY ***
Total pot $0.36 | Rake $0.01 
Board [5c Qc 3c]
Seat 2: nicolas8910 folded before Flop (didn't bet)
Seat 3: kingjelly777 (button) folded before Flop (didn't bet)
Seat 4: s_gift (small blind) folded on the Flop
Seat 5: Lorpugo (big blind) collected ($0.35)
Seat 6: NotEnough77 folded before Flop (didn't bet)



PokerStars Hand #240917143131:  Hold'em No Limit ($0.01/$0.02 USD) - 2023/01/04 18:23:40 ET
Table 'Scania III' 6-max Seat #4 is the button
Seat 2: nicolas8910 ($1.90 in chips) 
Seat 3: kingjelly777 ($6.80 in chips) 
Seat 4: s_gift ($2.67 in chips) 
Seat 5: Lorpugo ($1.85 in chips) 
Seat 6: NotEnough77 ($2.61 in chips) 
Lorpugo: posts small blind $0.01
NotEnough77: posts big blind $0.02
*** HOLE CARDS ***
Dealt to Lorpugo [Ah 6h]
nicolas8910: folds 
kingjelly777: raises $0.04 to $0.06
s_gift: folds 
Lorpugo: calls $0.05
NotEnough77: folds 
*** FLOP *** [2h 7s 7d]
Lorpugo: checks 
kingjelly777: bets $0.24
Lorpugo: calls $0.24
*** TURN *** [2h 7s 7d] [6c]
Lorpugo: checks 
kingjelly777: bets $0.98
Lorpugo: raises $0.57 to $1.55 and is all-in
kingjelly777: calls $0.57
*** RIVER *** [2h 7s 7d 6c] [Jh]
*** SHOW DOWN ***
Lorpugo: shows [Ah 6h] (two pair, Sevens and Sixes)
kingjelly777: shows [Kd Jc] (two pair, Jacks and Sevens)
kingjelly777 collected $3.59 from pot
*** SUMMARY ***
Total pot $3.72 | Rake $0.13 
Board [2h 7s 7d 6c Jh]
Seat 2: nicolas8910 folded before Flop (didn't bet)
Seat 3: kingjelly777 showed [Kd Jc] and won ($3.59) with two pair, Jacks and Sevens
Seat 4: s_gift (button) folded before Flop (didn't bet)
Seat 5: Lorpugo (small blind) showed [Ah 6h] and lost with two pair, Sevens and Sixes
Seat 6: NotEnough77 (big blind) folded before Flop



PokerStars Hand #240917186503:  Hold'em No Limit ($0.01/$0.02 USD) - 2023/01/04 18:25:37 ET
Table 'Scania III' 6-max Seat #2 is the button
Seat 2: nicolas8910 ($1.89 in chips) 
Seat 3: kingjelly777 ($8.61 in chips) 
Seat 4: s_gift ($2.61 in chips) 
Seat 5: Lorpugo ($1.60 in chips) 
Seat 6: NotEnough77 ($2.59 in chips) 
kingjelly777: posts small blind $0.01
s_gift: posts big blind $0.02
*** HOLE CARDS ***
Dealt to Lorpugo [5h 3h]
Lorpugo: raises $0.02 to $0.04
NotEnough77: folds 
nicolas8910: folds 
kingjelly777: raises $0.04 to $0.08
s_gift: folds 
Lorpugo: calls $0.04
*** FLOP *** [2h 8c 8h]
kingjelly777: bets $0.18
Lorpugo: raises $1.34 to $1.52 and is all-in
kingjelly777: calls $1.34
*** TURN *** [2h 8c 8h] [3s]
*** RIVER *** [2h 8c 8h 3s] [8s]
*** SHOW DOWN ***
kingjelly777: shows [Ad Ac] (a full house, Eights full of Aces)
Lorpugo: shows [5h 3h] (a full house, Eights full of Threes)
kingjelly777 collected $3.11 from pot
*** SUMMARY ***
Total pot $3.22 | Rake $0.11 
Board [2h 8c 8h 3s 8s]
Seat 2: nicolas8910 (button) folded before Flop (didn't bet)
Seat 3: kingjelly777 (small blind) showed [Ad Ac] and won ($3.11) with a full house, Eights full of Aces
Seat 4: s_gift (big blind) folded before Flop
Seat 5: Lorpugo showed [5h 3h] and lost with a full house, Eights full of Threes
Seat 6: NotEnough77 folded before Flop (didn't bet)



PokerStars Hand #240917227572:  Hold'em No Limit ($0.01/$0.02 USD) - 2023/01/04 18:27:30 ET
Table 'Scania III' 6-max Seat #6 is the button
Seat 2: nicolas8910 ($1.89 in chips) 
Seat 3: kingjelly777 ($12.55 in chips) 
Seat 5: Lorpugo ($1.60 in chips) 
Seat 6: NotEnough77 ($2.57 in chips) 
nicolas8910: posts small blind $0.01
kingjelly777: posts big blind $0.02
Lorpugo: posts big blind $0.02
*** HOLE CARDS ***
Dealt to Lorpugo [Ad Ac]
Lorpugo: raises $0.02 to $0.04
NotEnough77: folds 
nicolas8910: folds 
kingjelly777: calls $0.02
*** FLOP *** [6s Jc 2d]
kingjelly777: checks 
Lorpugo: bets $1.56 and is all-in
kingjelly777: folds 
Uncalled bet ($1.56) returned to Lorpugo
Lorpugo collected $0.09 from pot
Lorpugo: doesn't show hand 
*** SUMMARY ***
Total pot $0.09 | Rake $0 
Board [6s Jc 2d]
Seat 2: nicolas8910 (small blind) folded before Flop
Seat 3: kingjelly777 (big blind) folded on the Flop
Seat 5: Lorpugo collected ($0.09)
Seat 6: NotEnough77 (button) folded before Flop (didn't bet)



PokerStars Hand #240917237672:  Hold'em No Limit ($0.01/$0.02 USD) - 2023/01/04 18:27:58 ET
Table 'Scania III' 6-max Seat #2 is the button
Seat 2: nicolas8910 ($1.88 in chips) 
Seat 3: kingjelly777 ($12.51 in chips) 
Seat 4: s_gift ($2 in chips) 
Seat 5: Lorpugo ($1.65 in chips) 
Seat 6: NotEnough77 ($2.57 in chips) 
kingjelly777: posts small blind $0.01
s_gift: posts big blind $0.02
*** HOLE CARDS ***
Dealt to Lorpugo [Ah Tc]
Lorpugo: raises $0.02 to $0.04
NotEnough77: calls $0.04
nicolas8910: calls $0.04
kingjelly777: folds 
s_gift: calls $0.02
*** FLOP *** [Kc 2c 3c]
s_gift: checks 
Lorpugo: bets $0.02
NotEnough77: folds 
nicolas8910: folds 
s_gift: calls $0.02
*** TURN *** [Kc 2c 3c] [Jd]
s_gift: checks 
Lorpugo: bets $0.44
s_gift: folds 
Uncalled bet ($0.44) returned to Lorpugo
Lorpugo collected $0.20 from pot
Lorpugo: doesn't show hand 
*** SUMMARY ***
Total pot $0.21 | Rake $0.01 
Board [Kc 2c 3c Jd]
Seat 2: nicolas8910 (button) folded on the Flop
Seat 3: kingjelly777 (small blind) folded before Flop
Seat 4: s_gift (big blind) folded on the Turn
Seat 5: Lorpugo collected ($0.20)
Seat 6: NotEnough77 folded on the Flop



PokerStars Hand #240917249976:  Hold'em No Limit ($0.01/$0.02 USD) - 2023/01/04 18:28:32 ET
Table 'Scania III' 6-max Seat #3 is the button
Seat 2: nicolas8910 ($1.84 in chips) 
Seat 3: kingjelly777 ($12.50 in chips) 
Seat 4: s_gift ($1.94 in chips) 
Seat 5: Lorpugo ($1.79 in chips) 
Seat 6: NotEnough77 ($2.53 in chips) 
s_gift: posts small blind $0.01
Lorpugo: posts big blind $0.02
*** HOLE CARDS ***
Dealt to Lorpugo [3d 2s]
NotEnough77: folds 
nicolas8910: folds 
kingjelly777: folds 
s_gift: calls $0.01
Lorpugo: checks 
*** FLOP *** [Kc 9s 3c]
s_gift: checks 
Lorpugo: bets $0.03
s_gift: folds 
Uncalled bet ($0.03) returned to Lorpugo
Lorpugo collected $0.04 from pot
Lorpugo: doesn't show hand 
*** SUMMARY ***
Total pot $0.04 | Rake $0 
Board [Kc 9s 3c]
Seat 2: nicolas8910 folded before Flop (didn't bet)
Seat 3: kingjelly777 (button) folded before Flop (didn't bet)
Seat 4: s_gift (small blind) folded on the Flop
Seat 5: Lorpugo (big blind) collected ($0.04)
Seat 6: NotEnough77 folded before Flop (didn't bet)



PokerStars Hand #240917257431:  Hold'em No Limit ($0.01/$0.02 USD) - 2023/01/04 18:28:52 ET
Table 'Scania III' 6-max Seat #4 is the button
Seat 2: nicolas8910 ($1.84 in chips) 
Seat 3: kingjelly777 ($12.50 in chips) 
Seat 4: s_gift ($1.92 in chips) 
Seat 5: Lorpugo ($1.81 in chips) 
Seat 6: NotEnough77 ($2.53 in chips) 
Lorpugo: posts small blind $0.01
NotEnough77: posts big blind $0.02
*** HOLE CARDS ***
Dealt to Lorpugo [8c 2s]
nicolas8910: folds 
kingjelly777: folds 
s_gift: calls $0.02
Lorpugo: folds 
NotEnough77: checks 
*** FLOP *** [Js Jh 8s]
NotEnough77: checks 
s_gift: checks 
*** TURN *** [Js Jh 8s] [6c]
NotEnough77: checks 
s_gift: checks 
*** RIVER *** [Js Jh 8s 6c] [3d]
NotEnough77: checks 
s_gift: checks 
*** SHOW DOWN ***
NotEnough77: shows [6h Qs] (two pair, Jacks and Sixes)
s_gift: mucks hand 
NotEnough77 collected $0.05 from pot
*** SUMMARY ***
Total pot $0.05 | Rake $0 
Board [Js Jh 8s 6c 3d]
Seat 2: nicolas8910 folded before Flop (didn't bet)
Seat 3: kingjelly777 folded before Flop (didn't bet)
Seat 4: s_gift (button) mucked [Td 9d]
Seat 5: Lorpugo (small blind) folded before Flop
Seat 6: NotEnough77 (big blind) showed [6h Qs] and won ($0.05) with two pair, Jacks and Sixes



PokerStars Hand #240917265641:  Hold'em No Limit ($0.01/$0.02 USD) - 2023/01/04 18:29:15 ET
Table 'Scania III' 6-max Seat #5 is the button
Seat 1: Antony87878 ($2 in chips) 
Seat 2: nicolas8910 ($1.84 in chips) 
Seat 3: kingjelly777 ($12.50 in chips) 
Seat 4: s_gift ($1.90 in chips) 
Seat 5: Lorpugo ($1.80 in chips) 
Seat 6: NotEnough77 ($2.56 in chips) 
NotEnough77: posts small blind $0.01
Antony87878: posts big blind $0.02
*** HOLE CARDS ***
Dealt to Lorpugo [2h 8d]
nicolas8910: calls $0.02
kingjelly777: folds 
s_gift: calls $0.02
Lorpugo: folds 
NotEnough77: folds 
Antony87878: checks 
*** FLOP *** [5h Qs 9h]
Antony87878: checks 
nicolas8910: checks 
s_gift: checks 
*** TURN *** [5h Qs 9h] [Ad]
Antony87878: checks 
nicolas8910: checks 
s_gift: checks 
*** RIVER *** [5h Qs 9h Ad] [4s]
Antony87878: checks 
nicolas8910: checks 
s_gift: bets $1.88 and is all-in
Antony87878: folds 
nicolas8910: folds 
Uncalled bet ($1.88) returned to s_gift
s_gift collected $0.07 from pot
*** SUMMARY ***
Total pot $0.07 | Rake $0 
Board [5h Qs 9h Ad 4s]
Seat 1: Antony87878 (big blind) folded on the River
Seat 2: nicolas8910 folded on the River
Seat 3: kingjelly777 folded before Flop (didn't bet)
Seat 4: s_gift collected ($0.07)
Seat 5: Lorpugo (button) folded before Flop (didn't bet)
Seat 6: NotEnough77 (small blind) folded before Flop



PokerStars Hand #240917288171:  Hold'em No Limit ($0.01/$0.02 USD) - 2023/01/04 18:30:17 ET
Table 'Scania III' 6-max Seat #6 is the button
Seat 1: Antony87878 ($2 in chips) 
Seat 2: nicolas8910 ($1.82 in chips) 
Seat 3: kingjelly777 ($12.50 in chips) 
Seat 4: s_gift ($1.95 in chips) 
Seat 5: Lorpugo ($1.80 in chips) 
Seat 6: NotEnough77 ($2.55 in chips) 
Antony87878: posts small blind $0.01
nicolas8910: posts big blind $0.02
*** HOLE CARDS ***
Dealt to Lorpugo [6c 5d]
kingjelly777: folds 
s_gift: calls $0.02
Lorpugo: folds 
NotEnough77: folds 
Antony87878: folds 
nicolas8910: checks 
*** FLOP *** [Ah Ks Td]
nicolas8910: checks 
s_gift: bets $0.02
nicolas8910: folds 
Uncalled bet ($0.02) returned to s_gift
s_gift collected $0.05 from pot
*** SUMMARY ***
Total pot $0.05 | Rake $0 
Board [Ah Ks Td]
Seat 1: Antony87878 (small blind) folded before Flop
Seat 2: nicolas8910 (big blind) folded on the Flop
Seat 3: kingjelly777 folded before Flop (didn't bet)
Seat 4: s_gift collected ($0.05)
Seat 5: Lorpugo folded before Flop (didn't bet)
Seat 6: NotEnough77 (button) folded before Flop (didn't bet)



PokerStars Hand #240917298868:  Hold'em No Limit ($0.01/$0.02 USD) - 2023/01/04 18:30:46 ET
Table 'Scania III' 6-max Seat #1 is the button
Seat 1: Antony87878 ($2 in chips) 
Seat 2: nicolas8910 ($1.80 in chips) 
Seat 3: kingjelly777 ($12.50 in chips) 
Seat 4: s_gift ($1.98 in chips) 
Seat 5: Lorpugo ($1.80 in chips) 
Seat 6: NotEnough77 ($2.55 in chips) 
nicolas8910: posts small blind $0.01
kingjelly777: posts big blind $0.02
*** HOLE CARDS ***
Dealt to Lorpugo [Jc Qs]
s_gift: folds 
Lorpugo: raises $0.05 to $0.07
NotEnough77: folds 
Antony87878: folds 
nicolas8910: folds 
kingjelly777: folds 
Uncalled bet ($0.05) returned to Lorpugo
Lorpugo collected $0.05 from pot
Lorpugo: doesn't show hand 
*** SUMMARY ***
Total pot $0.05 | Rake $0 
Seat 1: Antony87878 (button) folded before Flop (didn't bet)
Seat 2: nicolas8910 (small blind) folded before Flop
Seat 3: kingjelly777 (big blind) folded before Flop
Seat 4: s_gift folded before Flop (didn't bet)
Seat 5: Lorpugo collected ($0.05)
Seat 6: NotEnough77 folded before Flop (didn't bet)



PokerStars Hand #240917305443:  Hold'em No Limit ($0.01/$0.02 USD) - 2023/01/04 18:31:04 ET
Table 'Scania III' 6-max Seat #2 is the button
Seat 1: Antony87878 ($2 in chips) 
Seat 2: nicolas8910 ($1.79 in chips) 
Seat 3: kingjelly777 ($12.48 in chips) 
Seat 4: s_gift ($1.98 in chips) 
Seat 5: Lorpugo ($1.83 in chips) 
Seat 6: NotEnough77 ($2.55 in chips) 
kingjelly777: posts small blind $0.01
s_gift: posts big blind $0.02
*** HOLE CARDS ***
Dealt to Lorpugo [6s 8s]
Lorpugo: raises $0.05 to $0.07
NotEnough77: folds 
Antony87878: folds 
nicolas8910: calls $0.07
kingjelly777: calls $0.06
s_gift: calls $0.05
*** FLOP *** [4h Qd Kh]
kingjelly777: checks 
s_gift: checks 
Lorpugo: checks 
nicolas8910: checks 
*** TURN *** [4h Qd Kh] [Ah]
kingjelly777: checks 
s_gift: checks 
Lorpugo: checks 
nicolas8910: checks 
*** RIVER *** [4h Qd Kh Ah] [9d]
kingjelly777: checks 
s_gift: checks 
Lorpugo: checks 
nicolas8910: checks 
*** SHOW DOWN ***
kingjelly777: shows [7s 5s] (high card Ace)
s_gift: shows [9s 3c] (a pair of Nines)
Lorpugo: mucks hand 
nicolas8910: shows [Qc 9c] (two pair, Queens and Nines)
nicolas8910 collected $0.27 from pot
*** SUMMARY ***
Total pot $0.28 | Rake $0.01 
Board [4h Qd Kh Ah 9d]
Seat 1: Antony87878 folded before Flop (didn't bet)
Seat 2: nicolas8910 (button) showed [Qc 9c] and won ($0.27) with two pair, Queens and Nines
Seat 3: kingjelly777 (small blind) showed [7s 5s] and lost with high card Ace
Seat 4: s_gift (big blind) showed [9s 3c] and lost with a pair of Nines
Seat 5: Lorpugo mucked [6s 8s]
Seat 6: NotEnough77 folded before Flop (didn't bet)



PokerStars Hand #240917333806:  Hold'em No Limit ($0.01/$0.02 USD) - 2023/01/04 18:32:21 ET
Table 'Scania III' 6-max Seat #3 is the button
Seat 1: Antony87878 ($2 in chips) 
Seat 2: nicolas8910 ($1.99 in chips) 
Seat 3: kingjelly777 ($12.41 in chips) 
Seat 4: s_gift ($1.91 in chips) 
Seat 5: Lorpugo ($1.76 in chips) 
Seat 6: NotEnough77 ($2.55 in chips) 
s_gift: posts small blind $0.01
Lorpugo: posts big blind $0.02
*** HOLE CARDS ***
Dealt to Lorpugo [7h Jh]
NotEnough77: folds 
Antony87878: folds 
nicolas8910: folds 
kingjelly777: raises $0.04 to $0.06
s_gift: folds 
Lorpugo: calls $0.04
*** FLOP *** [2c 6h 8h]
Lorpugo: bets $0.02
kingjelly777: calls $0.02
*** TURN *** [2c 6h 8h] [Ts]
Lorpugo: bets $0.44
kingjelly777: folds 
Uncalled bet ($0.44) returned to Lorpugo
Lorpugo collected $0.16 from pot
Lorpugo: doesn't show hand 
*** SUMMARY ***
Total pot $0.17 | Rake $0.01 
Board [2c 6h 8h Ts]
Seat 1: Antony87878 folded before Flop (didn't bet)
Seat 2: nicolas8910 folded before Flop (didn't bet)
Seat 3: kingjelly777 (button) folded on the Turn
Seat 4: s_gift (small blind) folded before Flop
Seat 5: Lorpugo (big blind) collected ($0.16)
Seat 6: NotEnough77 folded before Flop (didn't bet)



PokerStars Hand #240917344897:  Hold'em No Limit ($0.01/$0.02 USD) - 2023/01/04 18:32:52 ET
Table 'Scania III' 6-max Seat #4 is the button
Seat 1: Antony87878 ($2 in chips) 
Seat 2: nicolas8910 ($1.99 in chips) 
Seat 3: kingjelly777 ($12.33 in chips) 
Seat 4: s_gift ($1.90 in chips) 
Seat 5: Lorpugo ($1.84 in chips) 
Seat 6: NotEnough77 ($2.55 in chips) 
Lorpugo: posts small blind $0.01
NotEnough77: posts big blind $0.02
*** HOLE CARDS ***
Dealt to Lorpugo [2h 5d]
Antony87878: folds 
nicolas8910: raises $0.04 to $0.06
kingjelly777: folds 
s_gift: folds 
Lorpugo: folds 
NotEnough77: folds 
Uncalled bet ($0.04) returned to nicolas8910
nicolas8910 collected $0.05 from pot
nicolas8910: doesn't show hand 
*** SUMMARY ***
Total pot $0.05 | Rake $0 
Seat 1: Antony87878 folded before Flop (didn't bet)
Seat 2: nicolas8910 collected ($0.05)
Seat 3: kingjelly777 folded before Flop (didn't bet)
Seat 4: s_gift (button) folded before Flop (didn't bet)
Seat 5: Lorpugo (small blind) folded before Flop
Seat 6: NotEnough77 (big blind) folded before Flop



PokerStars Hand #240917350808:  Hold'em No Limit ($0.01/$0.02 USD) - 2023/01/04 18:33:08 ET
Table 'Scania III' 6-max Seat #5 is the button
Seat 1: Antony87878 ($2 in chips) 
Seat 2: nicolas8910 ($2.02 in chips) 
Seat 3: kingjelly777 ($12.33 in chips) 
Seat 4: s_gift ($1.90 in chips) 
Seat 5: Lorpugo ($1.83 in chips) 
Seat 6: NotEnough77 ($2.53 in chips) 
NotEnough77: posts small blind $0.01
Antony87878: posts big blind $0.02
*** HOLE CARDS ***
Dealt to Lorpugo [As Jd]
nicolas8910: folds 
kingjelly777: raises $0.04 to $0.06
s_gift: calls $0.06
Lorpugo: raises $0.16 to $0.22
NotEnough77: folds 
Antony87878: folds 
kingjelly777: calls $0.16
s_gift: folds 
*** FLOP *** [8d Ac 9c]
kingjelly777: checks 
Lorpugo: bets $0.02
kingjelly777: calls $0.02
*** TURN *** [8d Ac 9c] [9s]
kingjelly777: checks 
Lorpugo: bets $0.02
kingjelly777: calls $0.02
*** RIVER *** [8d Ac 9c 9s] [Td]
kingjelly777: checks 
Lorpugo: bets $0.44
kingjelly777: calls $0.44
*** SHOW DOWN ***
Lorpugo: shows [As Jd] (two pair, Aces and Nines)
kingjelly777: mucks hand 
Lorpugo collected $1.44 from pot
*** SUMMARY ***
Total pot $1.49 | Rake $0.05 
Board [8d Ac 9c 9s Td]
Seat 1: Antony87878 (big blind) folded before Flop
Seat 2: nicolas8910 folded before Flop (didn't bet)
Seat 3: kingjelly777 mucked [7h 7c]
Seat 4: s_gift folded before Flop
Seat 5: Lorpugo (button) showed [As Jd] and won ($1.44) with two pair, Aces and Nines
Seat 6: NotEnough77 (small blind) folded before Flop



PokerStars Hand #240917379753:  Hold'em No Limit ($0.01/$0.02 USD) - 2023/01/04 18:34:27 ET
Table 'Scania III' 6-max Seat #6 is the button
Seat 1: Antony87878 ($2 in chips) 
Seat 2: nicolas8910 ($2.02 in chips) 
Seat 3: kingjelly777 ($11.63 in chips) 
Seat 4: s_gift ($1.84 in chips) 
Seat 5: Lorpugo ($2.57 in chips) 
Seat 6: NotEnough77 ($2.52 in chips) 
Antony87878: posts small blind $0.01
nicolas8910: posts big blind $0.02
*** HOLE CARDS ***
Dealt to Lorpugo [7s 7d]
kingjelly777: folds 
s_gift: calls $0.02
Lorpugo: raises $0.07 to $0.09
NotEnough77: folds 
Antony87878: folds 
nicolas8910: folds 
s_gift: calls $0.07
*** FLOP *** [6d Kc 2s]
s_gift: checks 
Lorpugo: bets $0.13
s_gift: folds 
Uncalled bet ($0.13) returned to Lorpugo
Lorpugo collected $0.20 from pot
Lorpugo: doesn't show hand 
*** SUMMARY ***
Total pot $0.21 | Rake $0.01 
Board [6d Kc 2s]
Seat 1: Antony87878 (small blind) folded before Flop
Seat 2: nicolas8910 (big blind) folded before Flop
Seat 3: kingjelly777 folded before Flop (didn't bet)
Seat 4: s_gift folded on the Flop
Seat 5: Lorpugo collected ($0.20)
Seat 6: NotEnough77 (button) folded before Flop (didn't bet)



PokerStars Hand #240917390711:  Hold'em No Limit ($0.01/$0.02 USD) - 2023/01/04 18:34:57 ET
Table 'Scania III' 6-max Seat #1 is the button
Seat 1: Antony87878 ($2 in chips) 
Seat 2: nicolas8910 ($2 in chips) 
Seat 3: kingjelly777 ($11.63 in chips) 
Seat 4: s_gift ($1.75 in chips) 
Seat 5: Lorpugo ($2.68 in chips) 
Seat 6: NotEnough77 ($2.52 in chips) 
nicolas8910: posts small blind $0.01
kingjelly777: posts big blind $0.02
*** HOLE CARDS ***
Dealt to Lorpugo [6c Jh]
s_gift: calls $0.02
Lorpugo: folds 
NotEnough77: folds 
Antony87878: folds 
nicolas8910: folds 
kingjelly777: raises $0.04 to $0.06
s_gift: calls $0.04
*** FLOP *** [9s 4d Ad]
kingjelly777: bets $0.18
s_gift: folds 
Uncalled bet ($0.18) returned to kingjelly777
kingjelly777 collected $0.13 from pot
*** SUMMARY ***
Total pot $0.13 | Rake $0 
Board [9s 4d Ad]
Seat 1: Antony87878 (button) folded before Flop (didn't bet)
Seat 2: nicolas8910 (small blind) folded before Flop
Seat 3: kingjelly777 (big blind) collected ($0.13)
Seat 4: s_gift folded on the Flop
Seat 5: Lorpugo folded before Flop (didn't bet)
Seat 6: NotEnough77 folded before Flop (didn't bet)



PokerStars Hand #240917403064:  Hold'em No Limit ($0.01/$0.02 USD) - 2023/01/04 18:35:30 ET
Table 'Scania III' 6-max Seat #2 is the button
Seat 1: Antony87878 ($2 in chips) 
Seat 2: nicolas8910 ($1.99 in chips) 
Seat 3: kingjelly777 ($11.70 in chips) 
Seat 4: s_gift ($1.69 in chips) 
Seat 5: Lorpugo ($2.68 in chips) 
Seat 6: NotEnough77 ($2.52 in chips) 
kingjelly777: posts small blind $0.01
s_gift: posts big blind $0.02
*** HOLE CARDS ***
Dealt to Lorpugo [As 9c]
Lorpugo: raises $0.02 to $0.04
NotEnough77: folds 
Antony87878: folds 
nicolas8910: folds 
kingjelly777: folds 
s_gift: calls $0.02
*** FLOP *** [Qh 6s Ac]
s_gift: checks 
Lorpugo: bets $0.02
s_gift: folds 
Uncalled bet ($0.02) returned to Lorpugo
Lorpugo collected $0.09 from pot
Lorpugo: doesn't show hand 
*** SUMMARY ***
Total pot $0.09 | Rake $0 
Board [Qh 6s Ac]
Seat 1: Antony87878 folded before Flop (didn't bet)
Seat 2: nicolas8910 (button) folded before Flop (didn't bet)
Seat 3: kingjelly777 (small blind) folded before Flop
Seat 4: s_gift (big blind) folded on the Flop
Seat 5: Lorpugo collected ($0.09)
Seat 6: NotEnough77 folded before Flop (didn't bet)



PokerStars Hand #240917410322:  Hold'em No Limit ($0.01/$0.02 USD) - 2023/01/04 18:35:51 ET
Table 'Scania III' 6-max Seat #3 is the button
Seat 1: Antony87878 ($2 in chips) 
Seat 2: nicolas8910 ($1.99 in chips) 
Seat 3: kingjelly777 ($11.69 in chips) 
Seat 4: s_gift ($1.65 in chips) 
Seat 5: Lorpugo ($2.73 in chips) 
Seat 6: NotEnough77 ($2.52 in chips) 
s_gift: posts small blind $0.01
Lorpugo: posts big blind $0.02
*** HOLE CARDS ***
Dealt to Lorpugo [Td Th]
NotEnough77: raises $0.03 to $0.05
Antony87878: folds 
nicolas8910: folds 
kingjelly777: folds 
s_gift: calls $0.04
Lorpugo: raises $0.15 to $0.20
NotEnough77: calls $0.15
s_gift: folds 
*** FLOP *** [4s Jd 3d]
Lorpugo: bets $0.02
NotEnough77: raises $0.36 to $0.38
Lorpugo: folds 
Uncalled bet ($0.36) returned to NotEnough77
NotEnough77 collected $0.47 from pot
NotEnough77: doesn't show hand 
*** SUMMARY ***
Total pot $0.49 | Rake $0.02 
Board [4s Jd 3d]
Seat 1: Antony87878 folded before Flop (didn't bet)
Seat 2: nicolas8910 folded before Flop (didn't bet)
Seat 3: kingjelly777 (button) folded before Flop (didn't bet)
Seat 4: s_gift (small blind) folded before Flop
Seat 5: Lorpugo (big blind) folded on the Flop
Seat 6: NotEnough77 collected ($0.47)



PokerStars Hand #240917426752:  Hold'em No Limit ($0.01/$0.02 USD) - 2023/01/04 18:36:36 ET
Table 'Scania III' 6-max Seat #4 is the button
Seat 1: Antony87878 ($2 in chips) 
Seat 2: nicolas8910 ($1.99 in chips) 
Seat 3: kingjelly777 ($11.69 in chips) 
Seat 4: s_gift ($1.60 in chips) 
Seat 5: Lorpugo ($2.51 in chips) 
Seat 6: NotEnough77 ($2.77 in chips) 
Lorpugo: posts small blind $0.01
NotEnough77: posts big blind $0.02
*** HOLE CARDS ***
Dealt to Lorpugo [Tc 5c]
Antony87878: raises $0.04 to $0.06
nicolas8910 has timed out
nicolas8910: folds 
kingjelly777: folds 
s_gift: folds 
Lorpugo: folds 
NotEnough77: folds 
Uncalled bet ($0.04) returned to Antony87878
Antony87878 collected $0.05 from pot
Antony87878: doesn't show hand 
*** SUMMARY ***
Total pot $0.05 | Rake $0 
Seat 1: Antony87878 collected ($0.05)
Seat 2: nicolas8910 folded before Flop (didn't bet)
Seat 3: kingjelly777 folded before Flop (didn't bet)
Seat 4: s_gift (button) folded before Flop (didn't bet)
Seat 5: Lorpugo (small blind) folded before Flop
Seat 6: NotEnough77 (big blind) folded before Flop



PokerStars Hand #240917437115:  Hold'em No Limit ($0.01/$0.02 USD) - 2023/01/04 18:37:04 ET
Table 'Scania III' 6-max Seat #5 is the button
Seat 1: Antony87878 ($2.03 in chips) 
Seat 3: kingjelly777 ($11.69 in chips) 
Seat 4: s_gift ($1.60 in chips) 
Seat 5: Lorpugo ($2.50 in chips) 
Seat 6: NotEnough77 ($2.75 in chips) 
NotEnough77: posts small blind $0.01
Antony87878: posts big blind $0.02
*** HOLE CARDS ***
Dealt to Lorpugo [Qs Kh]
kingjelly777: raises $0.04 to $0.06
s_gift: folds 
Lorpugo: calls $0.06
NotEnough77: folds 
Antony87878: calls $0.04
*** FLOP *** [Th Ts Ad]
Antony87878: checks 
kingjelly777: checks 
Lorpugo: bets $0.05
Antony87878: folds 
kingjelly777: folds 
Uncalled bet ($0.05) returned to Lorpugo
Lorpugo collected $0.18 from pot
Lorpugo: doesn't show hand 
*** SUMMARY ***
Total pot $0.19 | Rake $0.01 
Board [Th Ts Ad]
Seat 1: Antony87878 (big blind) folded on the Flop
Seat 3: kingjelly777 folded on the Flop
Seat 4: s_gift folded before Flop (didn't bet)
Seat 5: Lorpugo (button) collected ($0.18)
Seat 6: NotEnough77 (small blind) folded before Flop



PokerStars Hand #240917447293:  Hold'em No Limit ($0.01/$0.02 USD) - 2023/01/04 18:37:32 ET
Table 'Scania III' 6-max Seat #6 is the button
Seat 1: Antony87878 ($2 in chips) 
Seat 3: kingjelly777 ($11.63 in chips) 
Seat 4: s_gift ($1.60 in chips) 
Seat 5: Lorpugo ($2.62 in chips) 
Seat 6: NotEnough77 ($2.74 in chips) 
Antony87878: posts small blind $0.01
kingjelly777: posts big blind $0.02
*** HOLE CARDS ***
Dealt to Lorpugo [Ah Kh]
s_gift: calls $0.02
Lorpugo: raises $0.07 to $0.09
NotEnough77: folds 
Antony87878: folds 
kingjelly777: calls $0.07
s_gift: calls $0.07
*** FLOP *** [Qh 2d 2h]
kingjelly777: bets $0.40
s_gift: folds 
Lorpugo: raises $2.13 to $2.53 and is all-in
kingjelly777: folds 
Uncalled bet ($2.13) returned to Lorpugo
Lorpugo collected $1.04 from pot
Lorpugo: doesn't show hand 
*** SUMMARY ***
Total pot $1.08 | Rake $0.04 
Board [Qh 2d 2h]
Seat 1: Antony87878 (small blind) folded before Flop
Seat 3: kingjelly777 (big blind) folded on the Flop
Seat 4: s_gift folded on the Flop
Seat 5: Lorpugo collected ($1.04)
Seat 6: NotEnough77 (button) folded before Flop (didn't bet)



PokerStars Hand #240917467005:  Hold'em No Limit ($0.01/$0.02 USD) - 2023/01/04 18:38:27 ET
Table 'Scania III' 6-max Seat #1 is the button
Seat 1: Antony87878 ($2 in chips) 
Seat 3: kingjelly777 ($11.14 in chips) 
Seat 4: s_gift ($1.51 in chips) 
Seat 5: Lorpugo ($3.17 in chips) 
Seat 6: NotEnough77 ($2.74 in chips) 
kingjelly777: posts small blind $0.01
s_gift: posts big blind $0.02
*** HOLE CARDS ***
Dealt to Lorpugo [Kd 5d]
Lorpugo: raises $0.02 to $0.04
NotEnough77: folds 
Antony87878: folds 
kingjelly777: folds 
s_gift: calls $0.02
*** FLOP *** [3h Jh Ah]
s_gift: checks 
Lorpugo: bets $0.02
s_gift: calls $0.02
*** TURN *** [3h Jh Ah] [9h]
s_gift: checks 
Lorpugo: bets $0.06
s_gift: folds 
Uncalled bet ($0.06) returned to Lorpugo
Lorpugo collected $0.13 from pot
Lorpugo: doesn't show hand 
*** SUMMARY ***
Total pot $0.13 | Rake $0 
Board [3h Jh Ah 9h]
Seat 1: Antony87878 (button) folded before Flop (didn't bet)
Seat 3: kingjelly777 (small blind) folded before Flop
Seat 4: s_gift (big blind) folded on the Turn
Seat 5: Lorpugo collected ($0.13)
Seat 6: NotEnough77 folded before Flop (didn't bet)



PokerStars Hand #240917482245:  Hold'em No Limit ($0.01/$0.02 USD) - 2023/01/04 18:39:08 ET
Table 'Scania III' 6-max Seat #3 is the button
Seat 1: Antony87878 ($2 in chips) 
Seat 3: kingjelly777 ($11.13 in chips) 
Seat 4: s_gift ($1.45 in chips) 
Seat 5: Lorpugo ($3.24 in chips) 
Seat 6: NotEnough77 ($2.74 in chips) 
s_gift: posts small blind $0.01
Lorpugo: posts big blind $0.02
*** HOLE CARDS ***
Dealt to Lorpugo [6c 4d]
NotEnough77: raises $0.03 to $0.05
Antony87878: folds 
kingjelly777: folds 
s_gift: folds 
Lorpugo: calls $0.03
*** FLOP *** [Jh Ah Jc]
nicolas8910 leaves the table
Lorpugo: bets $0.02
NotEnough77: calls $0.02
*** TURN *** [Jh Ah Jc] [5d]
voltacapri joins the table at seat #2 
Lorpugo: bets $0.05
NotEnough77: raises $0.10 to $0.15
Lorpugo: folds 
Uncalled bet ($0.10) returned to NotEnough77
NotEnough77 collected $0.24 from pot
NotEnough77: doesn't show hand 
*** SUMMARY ***
Total pot $0.25 | Rake $0.01 
Board [Jh Ah Jc 5d]
Seat 1: Antony87878 folded before Flop (didn't bet)
Seat 3: kingjelly777 (button) folded before Flop (didn't bet)
Seat 4: s_gift (small blind) folded before Flop
Seat 5: Lorpugo (big blind) folded on the Turn
Seat 6: NotEnough77 collected ($0.24)



PokerStars Hand #240917494483:  Hold'em No Limit ($0.01/$0.02 USD) - 2023/01/04 18:39:43 ET
Table 'Scania III' 6-max Seat #4 is the button
Seat 1: Antony87878 ($2 in chips) 
Seat 3: kingjelly777 ($11.13 in chips) 
Seat 4: s_gift ($1.44 in chips) 
Seat 5: Lorpugo ($3.12 in chips) 
Seat 6: NotEnough77 ($2.86 in chips) 
Lorpugo: posts small blind $0.01
NotEnough77: posts big blind $0.02
*** HOLE CARDS ***
Dealt to Lorpugo [Jc Kc]
Antony87878: folds 
kingjelly777: folds 
s_gift: calls $0.02
Lorpugo: raises $0.10 to $0.12
NotEnough77: folds 
s_gift: calls $0.10
*** FLOP *** [Ks Jd Kd]
Lorpugo: bets $0.14
s_gift: calls $0.14
*** TURN *** [Ks Jd Kd] [2d]
Lorpugo: checks 
s_gift: bets $0.02
Lorpugo: calls $0.02
*** RIVER *** [Ks Jd Kd 2d] [9d]
Lorpugo: checks 
s_gift: bets $0.28
Lorpugo: raises $2.56 to $2.84 and is all-in
s_gift: calls $0.88 and is all-in
Uncalled bet ($1.68) returned to Lorpugo
*** SHOW DOWN ***
Lorpugo: shows [Jc Kc] (a full house, Kings full of Jacks)
s_gift: shows [Ad 6d] (a flush, Ace high)
Lorpugo collected $2.80 from pot
*** SUMMARY ***
Total pot $2.90 | Rake $0.10 
Board [Ks Jd Kd 2d 9d]
Seat 1: Antony87878 folded before Flop (didn't bet)
Seat 3: kingjelly777 folded before Flop (didn't bet)
Seat 4: s_gift (button) showed [Ad 6d] and lost with a flush, Ace high
Seat 5: Lorpugo (small blind) showed [Jc Kc] and won ($2.80) with a full house, Kings full of Jacks
Seat 6: NotEnough77 (big blind) folded before Flop



PokerStars Hand #240917513085:  Hold'em No Limit ($0.01/$0.02 USD) - 2023/01/04 18:40:35 ET
Table 'Scania III' 6-max Seat #5 is the button
Seat 1: Antony87878 ($2 in chips) 
Seat 3: kingjelly777 ($11.13 in chips) 
Seat 5: Lorpugo ($4.48 in chips) 
Seat 6: NotEnough77 ($2.84 in chips) 
NotEnough77: posts small blind $0.01
Antony87878: posts big blind $0.02
*** HOLE CARDS ***
Dealt to Lorpugo [9c Js]
kingjelly777: raises $0.04 to $0.06
s_gift is disconnected 
Lorpugo: folds 
NotEnough77: calls $0.05
Antony87878: calls $0.04
*** FLOP *** [8c 7h Ts]
NotEnough77: checks 
Antony87878: checks 
kingjelly777: bets $0.12
NotEnough77: calls $0.12
Antony87878: folds 
*** TURN *** [8c 7h Ts] [9d]
NotEnough77: checks 
kingjelly777: checks 
*** RIVER *** [8c 7h Ts 9d] [Kd]
NotEnough77: bets $0.14
kingjelly777: calls $0.14
*** SHOW DOWN ***
NotEnough77: shows [9h Th] (two pair, Tens and Nines)
kingjelly777: mucks hand 
NotEnough77 collected $0.68 from pot
*** SUMMARY ***
Total pot $0.70 | Rake $0.02 
Board [8c 7h Ts 9d Kd]
Seat 1: Antony87878 (big blind) folded on the Flop
Seat 3: kingjelly777 mucked [As Tc]
Seat 5: Lorpugo (button) folded before Flop (didn't bet)
Seat 6: NotEnough77 (small blind) showed [9h Th] and won ($0.68) with two pair, Tens and Nines



PokerStars Hand #240917527558:  Hold'em No Limit ($0.01/$0.02 USD) - 2023/01/04 18:41:15 ET
Table 'Scania III' 6-max Seat #6 is the button
Seat 1: Antony87878 ($2 in chips) 
Seat 2: voltacapri ($1.60 in chips) 
Seat 3: kingjelly777 ($10.81 in chips) 
Seat 5: Lorpugo ($4.48 in chips) 
Seat 6: NotEnough77 ($3.20 in chips) 
Antony87878: posts small blind $0.01
voltacapri: posts big blind $0.02
*** HOLE CARDS ***
Dealt to Lorpugo [9s 5s]
kingjelly777: folds 
Lorpugo: raises $0.02 to $0.04
NotEnough77: folds 
Antony87878: calls $0.03
voltacapri has timed out
voltacapri: folds 
*** FLOP *** [Ad 4c 6h]
Antony87878: checks 
Lorpugo: checks 
*** TURN *** [Ad 4c 6h] [7s]
Antony87878: bets $0.10
Lorpugo: calls $0.10
*** RIVER *** [Ad 4c 6h 7s] [7c]
Antony87878: bets $0.38
Lorpugo: raises $0.50 to $0.88
Antony87878: raises $0.98 to $1.86 and is all-in
Lorpugo: folds 
Uncalled bet ($0.98) returned to Antony87878
Antony87878 collected $1.99 from pot
Antony87878: doesn't show hand 
*** SUMMARY ***
Total pot $2.06 | Rake $0.07 
Board [Ad 4c 6h 7s 7c]
Seat 1: Antony87878 (small blind) collected ($1.99)
Seat 2: voltacapri (big blind) folded before Flop
Seat 3: kingjelly777 folded before Flop (didn't bet)
Seat 5: Lorpugo folded on the River
Seat 6: NotEnough77 (button) folded before Flop (didn't bet)



PokerStars Hand #240917557570:  Hold'em No Limit ($0.01/$0.02 USD) - 2023/01/04 18:42:39 ET
Table 'Scania III' 6-max Seat #1 is the button
Seat 1: Antony87878 ($2.97 in chips) 
Seat 3: kingjelly777 ($10.81 in chips) 
Seat 5: Lorpugo ($3.46 in chips) 
Seat 6: NotEnough77 ($3.20 in chips) 
kingjelly777: posts small blind $0.01
Lorpugo: posts big blind $0.02
*** HOLE CARDS ***
Dealt to Lorpugo [2s 7h]
NotEnough77: raises $0.03 to $0.05
Antony87878: folds 
kingjelly777: folds 
Lorpugo: folds 
Uncalled bet ($0.03) returned to NotEnough77
NotEnough77 collected $0.05 from pot
NotEnough77: doesn't show hand 
*** SUMMARY ***
Total pot $0.05 | Rake $0 
Seat 1: Antony87878 (button) folded before Flop (didn't bet)
Seat 3: kingjelly777 (small blind) folded before Flop
Seat 5: Lorpugo (big blind) folded before Flop
Seat 6: NotEnough77 collected ($0.05)



PokerStars Hand #240917560953:  Hold'em No Limit ($0.01/$0.02 USD) - 2023/01/04 18:42:49 ET
Table 'Scania III' 6-max Seat #3 is the button
Seat 1: Antony87878 ($2.97 in chips) 
Seat 3: kingjelly777 ($10.80 in chips) 
Seat 5: Lorpugo ($3.44 in chips) 
Seat 6: NotEnough77 ($3.23 in chips) 
Lorpugo: posts small blind $0.01
NotEnough77: posts big blind $0.02
*** HOLE CARDS ***
Dealt to Lorpugo [2h 3h]
Antony87878: folds 
kingjelly777: raises $0.04 to $0.06
Lorpugo: calls $0.05
NotEnough77: folds 
*** FLOP *** [Qh 7h 7s]
Lorpugo: checks 
kingjelly777: bets $0.18
Lorpugo: calls $0.18
*** TURN *** [Qh 7h 7s] [Ad]
Lorpugo: checks 
kingjelly777: bets $1
Lorpugo: folds 
Uncalled bet ($1) returned to kingjelly777
kingjelly777 collected $0.48 from pot
*** SUMMARY ***
Total pot $0.50 | Rake $0.02 
Board [Qh 7h 7s Ad]
Seat 1: Antony87878 folded before Flop (didn't bet)
Seat 3: kingjelly777 (button) collected ($0.48)
Seat 5: Lorpugo (small blind) folded on the Turn
Seat 6: NotEnough77 (big blind) folded before Flop



PokerStars Hand #240917579641:  Hold'em No Limit ($0.01/$0.02 USD) - 2023/01/04 18:43:42 ET
Table 'Scania III' 6-max Seat #5 is the button
Seat 1: Antony87878 ($2.97 in chips) 
Seat 3: kingjelly777 ($11.04 in chips) 
Seat 5: Lorpugo ($3.20 in chips) 
Seat 6: NotEnough77 ($3.21 in chips) 
NotEnough77: posts small blind $0.01
Antony87878: posts big blind $0.02
*** HOLE CARDS ***
Dealt to Lorpugo [4s 7h]
kingjelly777: folds 
Lorpugo has timed out
Lorpugo: folds 
NotEnough77: folds 
Uncalled bet ($0.01) returned to Antony87878
Antony87878 collected $0.02 from pot
Antony87878: doesn't show hand 
*** SUMMARY ***
Total pot $0.02 | Rake $0 
Seat 1: Antony87878 (big blind) collected ($0.02)
Seat 3: kingjelly777 folded before Flop (didn't bet)
Seat 5: Lorpugo (button) folded before Flop (didn't bet)
Seat 6: NotEnough77 (small blind) folded before Flop



PokerStars Hand #240917587944:  Hold'em No Limit ($0.01/$0.02 USD) - 2023/01/04 18:44:06 ET
Table 'Scania III' 6-max Seat #6 is the button
Seat 1: Antony87878 ($2.98 in chips) 
Seat 3: kingjelly777 ($11.04 in chips) 
Seat 5: Lorpugo ($3.20 in chips) 
Seat 6: NotEnough77 ($3.20 in chips) 
Antony87878: posts small blind $0.01
kingjelly777: posts big blind $0.02
*** HOLE CARDS ***
Dealt to Lorpugo [4d 5d]
Lorpugo: raises $0.03 to $0.05
NotEnough77: folds 
Antony87878: folds 
kingjelly777: calls $0.03
*** FLOP *** [Th Qs 5c]
kingjelly777: checks 
Lorpugo: bets $0.02
kingjelly777: calls $0.02
*** TURN *** [Th Qs 5c] [Jh]
kingjelly777: checks 
Lorpugo: checks 
*** RIVER *** [Th Qs 5c Jh] [2d]
kingjelly777: checks 
Lorpugo: checks 
*** SHOW DOWN ***
kingjelly777: shows [7s 7c] (a pair of Sevens)
Lorpugo: mucks hand 
kingjelly777 collected $0.14 from pot
*** SUMMARY ***
Total pot $0.15 | Rake $0.01 
Board [Th Qs 5c Jh 2d]
Seat 1: Antony87878 (small blind) folded before Flop
Seat 3: kingjelly777 (big blind) showed [7s 7c] and won ($0.14) with a pair of Sevens
Seat 5: Lorpugo mucked [4d 5d]
Seat 6: NotEnough77 (button) folded before Flop (didn't bet)



PokerStars Hand #240917606557:  Hold'em No Limit ($0.01/$0.02 USD) - 2023/01/04 18:44:59 ET
Table 'Scania III' 6-max Seat #1 is the button
Seat 1: Antony87878 ($2.97 in chips) 
Seat 3: kingjelly777 ($11.11 in chips) 
Seat 5: Lorpugo ($3.13 in chips) 
Seat 6: NotEnough77 ($3.20 in chips) 
kingjelly777: posts small blind $0.01
Lorpugo: posts big blind $0.02
*** HOLE CARDS ***
Dealt to Lorpugo [5c Th]
NotEnough77: raises $0.03 to $0.05
Antony87878: calls $0.05
kingjelly777: folds 
Lorpugo: folds 
*** FLOP *** [4d 2h Jc]
NotEnough77: checks 
Antony87878: bets $0.07
NotEnough77: folds 
Uncalled bet ($0.07) returned to Antony87878
Antony87878 collected $0.13 from pot
Antony87878: doesn't show hand 
*** SUMMARY ***
Total pot $0.13 | Rake $0 
Board [4d 2h Jc]
Seat 1: Antony87878 (button) collected ($0.13)
Seat 3: kingjelly777 (small blind) folded before Flop
Seat 5: Lorpugo (big blind) folded before Flop
Seat 6: NotEnough77 folded on the Flop



PokerStars Hand #240917615594:  Hold'em No Limit ($0.01/$0.02 USD) - 2023/01/04 18:45:25 ET
Table 'Scania III' 6-max Seat #3 is the button
Seat 1: Antony87878 ($3.05 in chips) 
Seat 2: voltacapri ($1.58 in chips) 
Seat 3: kingjelly777 ($11.10 in chips) 
Seat 5: Lorpugo ($3.11 in chips) 
Seat 6: NotEnough77 ($3.15 in chips) 
Lorpugo: posts small blind $0.01
NotEnough77: posts big blind $0.02
voltacapri: posts small & big blinds $0.03
*** HOLE CARDS ***
Dealt to Lorpugo [Tc 6h]
Antony87878: folds 
voltacapri: raises $0.02 to $0.04
kingjelly777: folds 
Lorpugo: folds 
NotEnough77: calls $0.02
*** FLOP *** [Ah 3c 2d]
NotEnough77: bets $0.03
voltacapri: calls $0.03
*** TURN *** [Ah 3c 2d] [Qc]
NotEnough77: bets $0.08
voltacapri: folds 
Uncalled bet ($0.08) returned to NotEnough77
NotEnough77 collected $0.15 from pot
NotEnough77: doesn't show hand 
*** SUMMARY ***
Total pot $0.16 | Rake $0.01 
Board [Ah 3c 2d Qc]
Seat 1: Antony87878 folded before Flop (didn't bet)
Seat 2: voltacapri folded on the Turn
Seat 3: kingjelly777 (button) folded before Flop (didn't bet)
Seat 5: Lorpugo (small blind) folded before Flop
Seat 6: NotEnough77 (big blind) collected ($0.15)



PokerStars Hand #240917630245:  Hold'em No Limit ($0.01/$0.02 USD) - 2023/01/04 18:46:07 ET
Table 'Scania III' 6-max Seat #5 is the button
Seat 1: Antony87878 ($3.05 in chips) 
Seat 2: voltacapri ($1.50 in chips) 
Seat 3: kingjelly777 ($11.10 in chips) 
Seat 5: Lorpugo ($3.10 in chips) 
Seat 6: NotEnough77 ($3.23 in chips) 
NotEnough77: posts small blind $0.01
Antony87878: posts big blind $0.02
*** HOLE CARDS ***
Dealt to Lorpugo [5h Jh]
voltacapri: calls $0.02
kingjelly777: folds 
Lorpugo: calls $0.02
NotEnough77: calls $0.01
Antony87878: checks 
*** FLOP *** [Kd 6d 3c]
NotEnough77: checks 
Antony87878: checks 
voltacapri: bets $0.08
Lorpugo: folds 
NotEnough77: folds 
Antony87878: folds 
Uncalled bet ($0.08) returned to voltacapri
voltacapri collected $0.08 from pot
*** SUMMARY ***
Total pot $0.08 | Rake $0 
Board [Kd 6d 3c]
Seat 1: Antony87878 (big blind) folded on the Flop
Seat 2: voltacapri collected ($0.08)
Seat 3: kingjelly777 folded before Flop (didn't bet)
Seat 5: Lorpugo (button) folded on the Flop
Seat 6: NotEnough77 (small blind) folded on the Flop



PokerStars Hand #240917641101:  Hold'em No Limit ($0.01/$0.02 USD) - 2023/01/04 18:46:39 ET
Table 'Scania III' 6-max Seat #6 is the button
Seat 1: Antony87878 ($3.03 in chips) 
Seat 2: voltacapri ($1.56 in chips) 
Seat 3: kingjelly777 ($11.10 in chips) 
Seat 5: Lorpugo ($3.08 in chips) 
Seat 6: NotEnough77 ($3.21 in chips) 
Antony87878: posts small blind $0.01
voltacapri: posts big blind $0.02
*** HOLE CARDS ***
Dealt to Lorpugo [5c 7d]
kingjelly777: folds 
Lorpugo: raises $0.02 to $0.04
NotEnough77: folds 
Antony87878: raises $0.18 to $0.22
voltacapri: calls $0.20
Lorpugo: folds 
*** FLOP *** [Qd 6h 6d]
Antony87878: bets $0.25
voltacapri: calls $0.25
*** TURN *** [Qd 6h 6d] [Ah]
Antony87878: checks 
voltacapri: bets $0.40
Antony87878: calls $0.40
*** RIVER *** [Qd 6h 6d Ah] [9s]
Antony87878: checks 
voltacapri: bets $0.60
Antony87878: calls $0.60
*** SHOW DOWN ***
voltacapri: shows [Tc Th] (two pair, Tens and Sixes)
Antony87878: shows [Kd Ks] (two pair, Kings and Sixes)
Antony87878 collected $2.88 from pot
*** SUMMARY ***
Total pot $2.98 | Rake $0.10 
Board [Qd 6h 6d Ah 9s]
Seat 1: Antony87878 (small blind) showed [Kd Ks] and won ($2.88) with two pair, Kings and Sixes
Seat 2: voltacapri (big blind) showed [Tc Th] and lost with two pair, Tens and Sixes
Seat 3: kingjelly777 folded before Flop (didn't bet)
Seat 5: Lorpugo folded before Flop
Seat 6: NotEnough77 (button) folded before Flop (didn't bet)



PokerStars Hand #240917662401:  Hold'em No Limit ($0.01/$0.02 USD) - 2023/01/04 18:47:40 ET
Table 'Scania III' 6-max Seat #1 is the button
Seat 1: Antony87878 ($4.44 in chips) 
Seat 2: voltacapri ($0.09 in chips) 
Seat 3: kingjelly777 ($11.10 in chips) 
Seat 5: Lorpugo ($3.04 in chips) 
Seat 6: NotEnough77 ($3.21 in chips) 
voltacapri: posts small blind $0.01
kingjelly777: posts big blind $0.02
*** HOLE CARDS ***
Dealt to Lorpugo [7c 8s]
Lorpugo: folds 
NotEnough77: raises $0.03 to $0.05
Antony87878: folds 
voltacapri: calls $0.04
kingjelly777: calls $0.03
*** FLOP *** [Kh 7d Jd]
voltacapri: bets $0.04 and is all-in
kingjelly777: folds 
NotEnough77: calls $0.04
*** TURN *** [Kh 7d Jd] [4h]
*** RIVER *** [Kh 7d Jd 4h] [2c]
*** SHOW DOWN ***
voltacapri: shows [9d 9c] (a pair of Nines)
NotEnough77: shows [Jh Qd] (a pair of Jacks)
NotEnough77 collected $0.22 from pot
*** SUMMARY ***
Total pot $0.23 | Rake $0.01 
Board [Kh 7d Jd 4h 2c]
Seat 1: Antony87878 (button) folded before Flop (didn't bet)
Seat 2: voltacapri (small blind) showed [9d 9c] and lost with a pair of Nines
Seat 3: kingjelly777 (big blind) folded on the Flop
Seat 5: Lorpugo folded before Flop (didn't bet)
Seat 6: NotEnough77 showed [Jh Qd] and won ($0.22) with a pair of Jacks



PokerStars Hand #240917674129:  Hold'em No Limit ($0.01/$0.02 USD) - 2023/01/04 18:48:14 ET
Table 'Scania III' 6-max Seat #3 is the button
Seat 1: Antony87878 ($4.44 in chips) 
Seat 3: kingjelly777 ($11.05 in chips) 
Seat 5: Lorpugo ($3.04 in chips) 
Seat 6: NotEnough77 ($3.34 in chips) 
Lorpugo: posts small blind $0.01
NotEnough77: posts big blind $0.02
*** HOLE CARDS ***
Dealt to Lorpugo [Qc 3c]
Antony87878: folds 
kingjelly777: folds 
Lorpugo: raises $0.04 to $0.06
NotEnough77: folds 
Uncalled bet ($0.04) returned to Lorpugo
Lorpugo collected $0.04 from pot
Lorpugo: doesn't show hand 
*** SUMMARY ***
Total pot $0.04 | Rake $0 
Seat 1: Antony87878 folded before Flop (didn't bet)
Seat 3: kingjelly777 (button) folded before Flop (didn't bet)
Seat 5: Lorpugo (small blind) collected ($0.04)
Seat 6: NotEnough77 (big blind) folded before Flop



PokerStars Hand #240917678156:  Hold'em No Limit ($0.01/$0.02 USD) - 2023/01/04 18:48:26 ET
Table 'Scania III' 6-max Seat #5 is the button
Seat 1: Antony87878 ($4.44 in chips) 
Seat 3: kingjelly777 ($11.05 in chips) 
Seat 5: Lorpugo ($3.06 in chips) 
Seat 6: NotEnough77 ($3.32 in chips) 
NotEnough77: posts small blind $0.01
Antony87878: posts big blind $0.02
*** HOLE CARDS ***
Dealt to Lorpugo [2c Th]
kingjelly777: raises $0.04 to $0.06
Lorpugo: folds 
NotEnough77: folds 
Antony87878: calls $0.04
*** FLOP *** [Td 2s 3h]
Antony87878: checks 
kingjelly777: bets $0.18
Antony87878: folds 
Uncalled bet ($0.18) returned to kingjelly777
kingjelly777 collected $0.13 from pot
*** SUMMARY ***
Total pot $0.13 | Rake $0 
Board [Td 2s 3h]
Seat 1: Antony87878 (big blind) folded on the Flop
Seat 3: kingjelly777 collected ($0.13)
Seat 5: Lorpugo (button) folded before Flop (didn't bet)
Seat 6: NotEnough77 (small blind) folded before Flop



PokerStars Hand #240917686945:  Hold'em No Limit ($0.01/$0.02 USD) - 2023/01/04 18:48:51 ET
Table 'Scania III' 6-max Seat #6 is the button
Seat 1: Antony87878 ($4.38 in chips) 
Seat 2: voltacapri ($2 in chips) 
Seat 3: kingjelly777 ($11.12 in chips) 
Seat 5: Lorpugo ($3.06 in chips) 
Seat 6: NotEnough77 ($3.31 in chips) 
Antony87878: posts small blind $0.01
voltacapri: posts big blind $0.02
*** HOLE CARDS ***
Dealt to Lorpugo [Js 6h]
kingjelly777: folds 
Lorpugo: folds 
NotEnough77: folds 
Antony87878: raises $0.04 to $0.06
voltacapri: raises $0.04 to $0.10
Antony87878: raises $4.28 to $4.38 and is all-in
voltacapri: calls $1.90 and is all-in
Uncalled bet ($2.38) returned to Antony87878
*** FLOP *** [5c 4c 4s]
*** TURN *** [5c 4c 4s] [8h]
*** RIVER *** [5c 4c 4s 8h] [5d]
*** SHOW DOWN ***
Antony87878: shows [Qh Qd] (two pair, Queens and Fives)
voltacapri: shows [Ad As] (two pair, Aces and Fives)
voltacapri collected $3.86 from pot
*** SUMMARY ***
Total pot $4 | Rake $0.14 
Board [5c 4c 4s 8h 5d]
Seat 1: Antony87878 (small blind) showed [Qh Qd] and lost with two pair, Queens and Fives
Seat 2: voltacapri (big blind) showed [Ad As] and won ($3.86) with two pair, Aces and Fives
Seat 3: kingjelly777 folded before Flop (didn't bet)
Seat 5: Lorpugo folded before Flop (didn't bet)
Seat 6: NotEnough77 (button) folded before Flop (didn't bet)



