PokerStars Hand #240775684001:  Hold'em No Limit ($0.01/$0.02 USD) - 2022/12/29 11:46:28 ET
Table 'Glauke II' 6-max Seat #1 is the button
Seat 1: Marola93 ($2 in chips) 
Seat 2: Vermyt_Res ($3.36 in chips) 
Seat 3: Lorpugo ($1.60 in chips) 
Seat 4: BS-BUL ($0.80 in chips) 
Seat 5: juanrod39 ($2.05 in chips) 
Seat 6: Duki712 ($3.93 in chips) 
Vermyt_Res: posts small blind $0.01
Lorpugo: posts big blind $0.02
*** HOLE CARDS ***
Dealt to Lorpugo [4c 2c]
BS-BUL: raises $0.02 to $0.04
juanrod39: folds 
Duki712: raises $0.11 to $0.15
Marola93: folds 
Vermyt_Res: folds 
Lorpugo: folds 
BS-BUL: calls $0.11
*** FLOP *** [4h 6c Td]
BS-BUL: checks 
Duki712: bets $0.32
BS-BUL: folds 
Uncalled bet ($0.32) returned to Duki712
Duki712 collected $0.32 from pot
*** SUMMARY ***
Total pot $0.33 | Rake $0.01 
Board [4h 6c Td]
Seat 1: Marola93 (button) folded before Flop (didn't bet)
Seat 2: Vermyt_Res (small blind) folded before Flop
Seat 3: Lorpugo (big blind) folded before Flop
Seat 4: BS-BUL folded on the Flop
Seat 5: juanrod39 folded before Flop (didn't bet)
Seat 6: Duki712 collected ($0.32)



PokerStars Hand #240775693940:  Hold'em No Limit ($0.01/$0.02 USD) - 2022/12/29 11:46:57 ET
Table 'Glauke II' 6-max Seat #2 is the button
Seat 1: Marola93 ($2 in chips) 
Seat 2: Vermyt_Res ($3.35 in chips) 
Seat 3: Lorpugo ($1.58 in chips) 
Seat 4: BS-BUL ($0.65 in chips) 
Seat 5: juanrod39 ($2.05 in chips) 
Seat 6: Duki712 ($4.10 in chips) 
Lorpugo: posts small blind $0.01
BS-BUL: posts big blind $0.02
*** HOLE CARDS ***
Dealt to Lorpugo [Jh 7h]
juanrod39: raises $0.04 to $0.06
Duki712: calls $0.06
Marola93: folds 
Vermyt_Res: folds 
Lorpugo: folds 
BS-BUL: folds 
*** FLOP *** [Kh Ad 2d]
juanrod39: bets $0.04
Duki712: calls $0.04
*** TURN *** [Kh Ad 2d] [8h]
juanrod39: checks 
Duki712: checks 
*** RIVER *** [Kh Ad 2d 8h] [5d]
juanrod39: bets $0.06
Duki712: folds 
Uncalled bet ($0.06) returned to juanrod39
juanrod39 collected $0.22 from pot
*** SUMMARY ***
Total pot $0.23 | Rake $0.01 
Board [Kh Ad 2d 8h 5d]
Seat 1: Marola93 folded before Flop (didn't bet)
Seat 2: Vermyt_Res (button) folded before Flop (didn't bet)
Seat 3: Lorpugo (small blind) folded before Flop
Seat 4: BS-BUL (big blind) folded before Flop
Seat 5: juanrod39 collected ($0.22)
Seat 6: Duki712 folded on the River



PokerStars Hand #240775709766:  Hold'em No Limit ($0.01/$0.02 USD) - 2022/12/29 11:47:45 ET
Table 'Glauke II' 6-max Seat #3 is the button
Seat 1: Marola93 ($2 in chips) 
Seat 2: Vermyt_Res ($3.35 in chips) 
Seat 3: Lorpugo ($1.57 in chips) 
Seat 4: BS-BUL ($0.63 in chips) 
Seat 5: juanrod39 ($2.17 in chips) 
Seat 6: Duki712 ($4 in chips) 
BS-BUL: posts small blind $0.01
juanrod39: posts big blind $0.02
*** HOLE CARDS ***
Dealt to Lorpugo [Ks 3d]
Duki712: raises $0.02 to $0.04
Marola93: folds 
Vermyt_Res: raises $0.11 to $0.15
Lorpugo: folds 
BS-BUL: folds 
juanrod39: folds 
Duki712: calls $0.11
*** FLOP *** [3h 7h 4c]
Duki712: bets $0.32
Vermyt_Res: folds 
Uncalled bet ($0.32) returned to Duki712
Duki712 collected $0.32 from pot
*** SUMMARY ***
Total pot $0.33 | Rake $0.01 
Board [3h 7h 4c]
Seat 1: Marola93 folded before Flop (didn't bet)
Seat 2: Vermyt_Res folded on the Flop
Seat 3: Lorpugo (button) folded before Flop (didn't bet)
Seat 4: BS-BUL (small blind) folded before Flop
Seat 5: juanrod39 (big blind) folded before Flop
Seat 6: Duki712 collected ($0.32)



PokerStars Hand #240775719673:  Hold'em No Limit ($0.01/$0.02 USD) - 2022/12/29 11:48:15 ET
Table 'Glauke II' 6-max Seat #4 is the button
Seat 1: Marola93 ($2 in chips) 
Seat 2: Vermyt_Res ($3.20 in chips) 
Seat 3: Lorpugo ($1.57 in chips) 
Seat 4: BS-BUL ($0.62 in chips) 
Seat 5: juanrod39 ($2.15 in chips) 
Seat 6: Duki712 ($4.17 in chips) 
juanrod39: posts small blind $0.01
Duki712: posts big blind $0.02
*** HOLE CARDS ***
Dealt to Lorpugo [Ah Ks]
Marola93: folds 
Vermyt_Res: folds 
Lorpugo: raises $0.04 to $0.06
BS-BUL: folds 
juanrod39: folds 
Duki712: folds 
Uncalled bet ($0.04) returned to Lorpugo
Lorpugo collected $0.05 from pot
Lorpugo: doesn't show hand 
*** SUMMARY ***
Total pot $0.05 | Rake $0 
Seat 1: Marola93 folded before Flop (didn't bet)
Seat 2: Vermyt_Res folded before Flop (didn't bet)
Seat 3: Lorpugo collected ($0.05)
Seat 4: BS-BUL (button) folded before Flop (didn't bet)
Seat 5: juanrod39 (small blind) folded before Flop
Seat 6: Duki712 (big blind) folded before Flop



PokerStars Hand #240775724913:  Hold'em No Limit ($0.01/$0.02 USD) - 2022/12/29 11:48:30 ET
Table 'Glauke II' 6-max Seat #5 is the button
Seat 1: Marola93 ($2 in chips) 
Seat 2: Vermyt_Res ($3.20 in chips) 
Seat 3: Lorpugo ($1.60 in chips) 
Seat 4: BS-BUL ($0.62 in chips) 
Seat 5: juanrod39 ($2.14 in chips) 
Seat 6: Duki712 ($4.15 in chips) 
Duki712: posts small blind $0.01
Marola93: posts big blind $0.02
*** HOLE CARDS ***
Dealt to Lorpugo [Qc Jd]
Vermyt_Res: folds 
Lorpugo: raises $0.04 to $0.06
BS-BUL: folds 
juanrod39: raises $0.12 to $0.18
Duki712: folds 
Marola93: folds 
Lorpugo: folds 
Uncalled bet ($0.12) returned to juanrod39
juanrod39 collected $0.15 from pot
*** SUMMARY ***
Total pot $0.15 | Rake $0 
Seat 1: Marola93 (big blind) folded before Flop
Seat 2: Vermyt_Res folded before Flop (didn't bet)
Seat 3: Lorpugo folded before Flop
Seat 4: BS-BUL folded before Flop (didn't bet)
Seat 5: juanrod39 (button) collected ($0.15)
Seat 6: Duki712 (small blind) folded before Flop



PokerStars Hand #240775732523:  Hold'em No Limit ($0.01/$0.02 USD) - 2022/12/29 11:48:53 ET
Table 'Glauke II' 6-max Seat #6 is the button
Seat 1: Marola93 ($2 in chips) 
Seat 2: Vermyt_Res ($3.20 in chips) 
Seat 3: Lorpugo ($1.54 in chips) 
Seat 4: BS-BUL ($0.62 in chips) 
Seat 5: juanrod39 ($2.23 in chips) 
Seat 6: Duki712 ($4.14 in chips) 
Marola93: posts small blind $0.01
Vermyt_Res: posts big blind $0.02
*** HOLE CARDS ***
Dealt to Lorpugo [8c 7s]
Lorpugo: folds 
BS-BUL: calls $0.02
juanrod39: folds 
Duki712: raises $0.07 to $0.09
Marola93: folds 
Vermyt_Res: folds 
BS-BUL: calls $0.07
*** FLOP *** [7d 5d Ad]
BS-BUL: checks 
Duki712: bets $0.20
BS-BUL: raises $0.33 to $0.53 and is all-in
Duki712: calls $0.33
*** TURN *** [7d 5d Ad] [As]
*** RIVER *** [7d 5d Ad As] [9d]
*** SHOW DOWN ***
BS-BUL: shows [Td 8d] (a flush, Ace high)
Duki712: shows [Qh Jh] (a pair of Aces)
BS-BUL collected $1.23 from pot
*** SUMMARY ***
Total pot $1.27 | Rake $0.04 
Board [7d 5d Ad As 9d]
Seat 1: Marola93 (small blind) folded before Flop
Seat 2: Vermyt_Res (big blind) folded before Flop
Seat 3: Lorpugo folded before Flop (didn't bet)
Seat 4: BS-BUL showed [Td 8d] and won ($1.23) with a flush, Ace high
Seat 5: juanrod39 folded before Flop (didn't bet)
Seat 6: Duki712 (button) showed [Qh Jh] and lost with a pair of Aces



PokerStars Hand #240775743263:  Hold'em No Limit ($0.01/$0.02 USD) - 2022/12/29 11:49:25 ET
Table 'Glauke II' 6-max Seat #1 is the button
Seat 1: Marola93 ($2 in chips) 
Seat 2: Vermyt_Res ($3.18 in chips) 
Seat 3: Lorpugo ($1.54 in chips) 
Seat 4: BS-BUL ($1.23 in chips) 
Seat 5: juanrod39 ($2.23 in chips) 
Seat 6: Duki712 ($3.52 in chips) 
Vermyt_Res: posts small blind $0.01
Lorpugo: posts big blind $0.02
*** HOLE CARDS ***
Dealt to Lorpugo [3d 4c]
BS-BUL: folds 
juanrod39: folds 
Duki712: folds 
Marola93: folds 
Vermyt_Res: folds 
Uncalled bet ($0.01) returned to Lorpugo
Lorpugo collected $0.02 from pot
Lorpugo: doesn't show hand 
*** SUMMARY ***
Total pot $0.02 | Rake $0 
Seat 1: Marola93 (button) folded before Flop (didn't bet)
Seat 2: Vermyt_Res (small blind) folded before Flop
Seat 3: Lorpugo (big blind) collected ($0.02)
Seat 4: BS-BUL folded before Flop (didn't bet)
Seat 5: juanrod39 folded before Flop (didn't bet)
Seat 6: Duki712 folded before Flop (didn't bet)



PokerStars Hand #240775745869:  Hold'em No Limit ($0.01/$0.02 USD) - 2022/12/29 11:49:33 ET
Table 'Glauke II' 6-max Seat #2 is the button
Seat 1: Marola93 ($2 in chips) 
Seat 2: Vermyt_Res ($3.17 in chips) 
Seat 3: Lorpugo ($1.55 in chips) 
Seat 4: BS-BUL ($1.23 in chips) 
Seat 5: juanrod39 ($2.23 in chips) 
Seat 6: Duki712 ($3.52 in chips) 
Lorpugo: posts small blind $0.01
BS-BUL: posts big blind $0.02
*** HOLE CARDS ***
Dealt to Lorpugo [Ad 7h]
juanrod39: folds 
Duki712: raises $0.08 to $0.10
Marola93: folds 
Vermyt_Res: folds 
Lorpugo: folds 
BS-BUL: folds 
Uncalled bet ($0.08) returned to Duki712
Duki712 collected $0.05 from pot
*** SUMMARY ***
Total pot $0.05 | Rake $0 
Seat 1: Marola93 folded before Flop (didn't bet)
Seat 2: Vermyt_Res (button) folded before Flop (didn't bet)
Seat 3: Lorpugo (small blind) folded before Flop
Seat 4: BS-BUL (big blind) folded before Flop
Seat 5: juanrod39 folded before Flop (didn't bet)
Seat 6: Duki712 collected ($0.05)



PokerStars Hand #240775749894:  Hold'em No Limit ($0.01/$0.02 USD) - 2022/12/29 11:49:44 ET
Table 'Glauke II' 6-max Seat #3 is the button
Seat 1: Marola93 ($2 in chips) 
Seat 2: Vermyt_Res ($3.17 in chips) 
Seat 3: Lorpugo ($1.54 in chips) 
Seat 4: BS-BUL ($1.21 in chips) 
Seat 5: juanrod39 ($2.23 in chips) 
Seat 6: Duki712 ($3.55 in chips) 
BS-BUL: posts small blind $0.01
juanrod39: posts big blind $0.02
*** HOLE CARDS ***
Dealt to Lorpugo [8d 3c]
Duki712: raises $0.02 to $0.04
Marola93: folds 
Vermyt_Res: folds 
Lorpugo: folds 
BS-BUL: folds 
juanrod39: folds 
Uncalled bet ($0.02) returned to Duki712
Duki712 collected $0.05 from pot
*** SUMMARY ***
Total pot $0.05 | Rake $0 
Seat 1: Marola93 folded before Flop (didn't bet)
Seat 2: Vermyt_Res folded before Flop (didn't bet)
Seat 3: Lorpugo (button) folded before Flop (didn't bet)
Seat 4: BS-BUL (small blind) folded before Flop
Seat 5: juanrod39 (big blind) folded before Flop
Seat 6: Duki712 collected ($0.05)



PokerStars Hand #240775753095:  Hold'em No Limit ($0.01/$0.02 USD) - 2022/12/29 11:49:54 ET
Table 'Glauke II' 6-max Seat #4 is the button
Seat 1: Marola93 ($2 in chips) 
Seat 2: Vermyt_Res ($3.17 in chips) 
Seat 3: Lorpugo ($1.54 in chips) 
Seat 4: BS-BUL ($1.20 in chips) 
Seat 5: juanrod39 ($2.21 in chips) 
Seat 6: Duki712 ($3.58 in chips) 
juanrod39: posts small blind $0.01
Duki712: posts big blind $0.02
*** HOLE CARDS ***
Dealt to Lorpugo [2d Tc]
Marola93: raises $0.04 to $0.06
Vermyt_Res: folds 
Lorpugo: folds 
BS-BUL: folds 
juanrod39: folds 
Duki712: raises $0.04 to $0.10
Marola93: calls $0.04
*** FLOP *** [6s 5d 8h]
Duki712: bets $0.04
Marola93: calls $0.04
*** TURN *** [6s 5d 8h] [2h]
Duki712: bets $0.06
Marola93: calls $0.06
*** RIVER *** [6s 5d 8h 2h] [4d]
Duki712: bets $0.10
Marola93: folds 
Uncalled bet ($0.10) returned to Duki712
Duki712 collected $0.40 from pot
*** SUMMARY ***
Total pot $0.41 | Rake $0.01 
Board [6s 5d 8h 2h 4d]
Seat 1: Marola93 folded on the River
Seat 2: Vermyt_Res folded before Flop (didn't bet)
Seat 3: Lorpugo folded before Flop (didn't bet)
Seat 4: BS-BUL (button) folded before Flop (didn't bet)
Seat 5: juanrod39 (small blind) folded before Flop
Seat 6: Duki712 (big blind) collected ($0.40)



PokerStars Hand #240775763207:  Hold'em No Limit ($0.01/$0.02 USD) - 2022/12/29 11:50:25 ET
Table 'Glauke II' 6-max Seat #5 is the button
Seat 1: Marola93 ($2 in chips) 
Seat 2: Vermyt_Res ($3.17 in chips) 
Seat 3: Lorpugo ($1.54 in chips) 
Seat 4: BS-BUL ($1.20 in chips) 
Seat 5: juanrod39 ($2.20 in chips) 
Seat 6: Duki712 ($3.78 in chips) 
Duki712: posts small blind $0.01
Marola93: posts big blind $0.02
*** HOLE CARDS ***
Dealt to Lorpugo [Kc 5c]
Vermyt_Res: folds 
Lorpugo: folds 
BS-BUL: folds 
juanrod39: raises $0.03 to $0.05
Duki712: raises $0.05 to $0.10
Marola93: folds 
juanrod39: calls $0.05
*** FLOP *** [2d 9s 6c]
Duki712: bets $0.02
juanrod39: calls $0.02
*** TURN *** [2d 9s 6c] [8c]
Duki712: bets $0.02
juanrod39: calls $0.02
*** RIVER *** [2d 9s 6c 8c] [Qh]
Duki712: checks 
juanrod39: checks 
*** SHOW DOWN ***
Duki712: shows [Js As] (high card Ace)
juanrod39: shows [9c Tc] (a pair of Nines)
juanrod39 collected $0.29 from pot
*** SUMMARY ***
Total pot $0.30 | Rake $0.01 
Board [2d 9s 6c 8c Qh]
Seat 1: Marola93 (big blind) folded before Flop
Seat 2: Vermyt_Res folded before Flop (didn't bet)
Seat 3: Lorpugo folded before Flop (didn't bet)
Seat 4: BS-BUL folded before Flop (didn't bet)
Seat 5: juanrod39 (button) showed [9c Tc] and won ($0.29) with a pair of Nines
Seat 6: Duki712 (small blind) showed [Js As] and lost with high card Ace



PokerStars Hand #240775774811:  Hold'em No Limit ($0.01/$0.02 USD) - 2022/12/29 11:51:00 ET
Table 'Glauke II' 6-max Seat #6 is the button
Seat 1: Marola93 ($2 in chips) 
Seat 2: Vermyt_Res ($3.17 in chips) 
Seat 3: Lorpugo ($1.54 in chips) 
Seat 4: BS-BUL ($1.20 in chips) 
Seat 5: juanrod39 ($2.35 in chips) 
Seat 6: Duki712 ($3.64 in chips) 
Marola93: posts small blind $0.01
Vermyt_Res: posts big blind $0.02
*** HOLE CARDS ***
Dealt to Lorpugo [Js Ts]
Lorpugo: raises $0.04 to $0.06
BS-BUL: folds 
juanrod39: folds 
Duki712: folds 
Marola93: folds 
Vermyt_Res: folds 
Uncalled bet ($0.04) returned to Lorpugo
Lorpugo collected $0.05 from pot
Lorpugo: doesn't show hand 
*** SUMMARY ***
Total pot $0.05 | Rake $0 
Seat 1: Marola93 (small blind) folded before Flop
Seat 2: Vermyt_Res (big blind) folded before Flop
Seat 3: Lorpugo collected ($0.05)
Seat 4: BS-BUL folded before Flop (didn't bet)
Seat 5: juanrod39 folded before Flop (didn't bet)
Seat 6: Duki712 (button) folded before Flop (didn't bet)



PokerStars Hand #240775778559:  Hold'em No Limit ($0.01/$0.02 USD) - 2022/12/29 11:51:11 ET
Table 'Glauke II' 6-max Seat #1 is the button
Seat 1: Marola93 ($2 in chips) 
Seat 2: Vermyt_Res ($3.15 in chips) 
Seat 3: Lorpugo ($1.57 in chips) 
Seat 4: BS-BUL ($1.20 in chips) 
Seat 5: juanrod39 ($2.35 in chips) 
Seat 6: Duki712 ($3.64 in chips) 
Vermyt_Res: posts small blind $0.01
Lorpugo: posts big blind $0.02
*** HOLE CARDS ***
Dealt to Lorpugo [As 8c]
BS-BUL: calls $0.02
juanrod39: folds 
Duki712: calls $0.02
Marola93: folds 
Vermyt_Res: folds 
Lorpugo: checks 
*** FLOP *** [7c Ks 7h]
Lorpugo: checks 
BS-BUL: checks 
Duki712: checks 
*** TURN *** [7c Ks 7h] [4h]
Lorpugo: bets $0.04
BS-BUL: folds 
Duki712: raises $0.04 to $0.08
Lorpugo: calls $0.04
*** RIVER *** [7c Ks 7h 4h] [Qh]
Lorpugo: checks 
Duki712: bets $0.04
Lorpugo: folds 
Uncalled bet ($0.04) returned to Duki712
Duki712 collected $0.22 from pot
*** SUMMARY ***
Total pot $0.23 | Rake $0.01 
Board [7c Ks 7h 4h Qh]
Seat 1: Marola93 (button) folded before Flop (didn't bet)
Seat 2: Vermyt_Res (small blind) folded before Flop
Seat 3: Lorpugo (big blind) folded on the River
Seat 4: BS-BUL folded on the Turn
Seat 5: juanrod39 folded before Flop (didn't bet)
Seat 6: Duki712 collected ($0.22)



PokerStars Hand #240775794068:  Hold'em No Limit ($0.01/$0.02 USD) - 2022/12/29 11:51:58 ET
Table 'Glauke II' 6-max Seat #2 is the button
Seat 1: Marola93 ($2 in chips) 
Seat 2: Vermyt_Res ($3.14 in chips) 
Seat 3: Lorpugo ($1.47 in chips) 
Seat 4: BS-BUL ($1.18 in chips) 
Seat 5: juanrod39 ($2.35 in chips) 
Seat 6: Duki712 ($3.76 in chips) 
Lorpugo: posts small blind $0.01
BS-BUL: posts big blind $0.02
*** HOLE CARDS ***
Dealt to Lorpugo [Ts 2h]
juanrod39: folds 
Duki712: folds 
Marola93: folds 
Vermyt_Res: folds 
Lorpugo: folds 
Uncalled bet ($0.01) returned to BS-BUL
BS-BUL collected $0.02 from pot
BS-BUL: doesn't show hand 
*** SUMMARY ***
Total pot $0.02 | Rake $0 
Seat 1: Marola93 folded before Flop (didn't bet)
Seat 2: Vermyt_Res (button) folded before Flop (didn't bet)
Seat 3: Lorpugo (small blind) folded before Flop
Seat 4: BS-BUL (big blind) collected ($0.02)
Seat 5: juanrod39 folded before Flop (didn't bet)
Seat 6: Duki712 folded before Flop (didn't bet)



PokerStars Hand #240775799521:  Hold'em No Limit ($0.01/$0.02 USD) - 2022/12/29 11:52:14 ET
Table 'Glauke II' 6-max Seat #3 is the button
Seat 1: Marola93 ($2 in chips) 
Seat 2: Vermyt_Res ($3.14 in chips) 
Seat 3: Lorpugo ($1.46 in chips) 
Seat 4: BS-BUL ($1.19 in chips) 
Seat 5: juanrod39 ($2.35 in chips) 
Seat 6: Duki712 ($3.76 in chips) 
BS-BUL: posts small blind $0.01
juanrod39: posts big blind $0.02
*** HOLE CARDS ***
Dealt to Lorpugo [7s Td]
Duki712: raises $0.04 to $0.06
Marola93: folds 
Vermyt_Res: folds 
Lorpugo: folds 
BS-BUL: folds 
juanrod39: calls $0.04
*** FLOP *** [3s 7h Qs]
juanrod39: checks 
Duki712: checks 
*** TURN *** [3s 7h Qs] [6c]
juanrod39: checks 
Duki712: bets $0.04
juanrod39: calls $0.04
*** RIVER *** [3s 7h Qs 6c] [Kh]
juanrod39: checks 
Duki712: bets $0.06
juanrod39: folds 
Uncalled bet ($0.06) returned to Duki712
Duki712 collected $0.20 from pot
*** SUMMARY ***
Total pot $0.21 | Rake $0.01 
Board [3s 7h Qs 6c Kh]
Seat 1: Marola93 folded before Flop (didn't bet)
Seat 2: Vermyt_Res folded before Flop (didn't bet)
Seat 3: Lorpugo (button) folded before Flop (didn't bet)
Seat 4: BS-BUL (small blind) folded before Flop
Seat 5: juanrod39 (big blind) folded on the River
Seat 6: Duki712 collected ($0.20)



PokerStars Hand #240775813238:  Hold'em No Limit ($0.01/$0.02 USD) - 2022/12/29 11:52:55 ET
Table 'Glauke II' 6-max Seat #4 is the button
Seat 1: Marola93 ($2 in chips) 
Seat 2: Vermyt_Res ($3.14 in chips) 
Seat 3: Lorpugo ($1.46 in chips) 
Seat 4: BS-BUL ($1.18 in chips) 
Seat 5: juanrod39 ($2.25 in chips) 
Seat 6: Duki712 ($3.86 in chips) 
juanrod39: posts small blind $0.01
Duki712: posts big blind $0.02
*** HOLE CARDS ***
Dealt to Lorpugo [2s 5d]
Marola93: folds 
Vermyt_Res: folds 
Lorpugo: folds 
BS-BUL: folds 
juanrod39: folds 
Uncalled bet ($0.01) returned to Duki712
Duki712 collected $0.02 from pot
*** SUMMARY ***
Total pot $0.02 | Rake $0 
Seat 1: Marola93 folded before Flop (didn't bet)
Seat 2: Vermyt_Res folded before Flop (didn't bet)
Seat 3: Lorpugo folded before Flop (didn't bet)
Seat 4: BS-BUL (button) folded before Flop (didn't bet)
Seat 5: juanrod39 (small blind) folded before Flop
Seat 6: Duki712 (big blind) collected ($0.02)



PokerStars Hand #240775817123:  Hold'em No Limit ($0.01/$0.02 USD) - 2022/12/29 11:53:07 ET
Table 'Glauke II' 6-max Seat #5 is the button
Seat 1: Marola93 ($2 in chips) 
Seat 2: Vermyt_Res ($3.14 in chips) 
Seat 3: Lorpugo ($1.46 in chips) 
Seat 4: BS-BUL ($1.18 in chips) 
Seat 5: juanrod39 ($2.24 in chips) 
Seat 6: Duki712 ($3.87 in chips) 
Duki712: posts small blind $0.01
Marola93: posts big blind $0.02
*** HOLE CARDS ***
Dealt to Lorpugo [8h 6h]
Vermyt_Res: folds 
Lorpugo: raises $0.04 to $0.06
BS-BUL: folds 
juanrod39: folds 
Duki712: calls $0.05
Marola93: folds 
*** FLOP *** [3d Jc As]
Duki712: checks 
Lorpugo: bets $0.05
Duki712: calls $0.05
*** TURN *** [3d Jc As] [3s]
Duki712: checks 
Lorpugo: checks 
*** RIVER *** [3d Jc As 3s] [9c]
Duki712: checks 
Lorpugo: bets $0.18
Duki712: folds 
Uncalled bet ($0.18) returned to Lorpugo
Lorpugo collected $0.23 from pot
Lorpugo: doesn't show hand 
*** SUMMARY ***
Total pot $0.24 | Rake $0.01 
Board [3d Jc As 3s 9c]
Seat 1: Marola93 (big blind) folded before Flop
Seat 2: Vermyt_Res folded before Flop (didn't bet)
Seat 3: Lorpugo collected ($0.23)
Seat 4: BS-BUL folded before Flop (didn't bet)
Seat 5: juanrod39 (button) folded before Flop (didn't bet)
Seat 6: Duki712 (small blind) folded on the River



PokerStars Hand #240775830658:  Hold'em No Limit ($0.01/$0.02 USD) - 2022/12/29 11:53:48 ET
Table 'Glauke II' 6-max Seat #6 is the button
Seat 1: Marola93 ($2 in chips) 
Seat 2: Vermyt_Res ($3.14 in chips) 
Seat 3: Lorpugo ($1.58 in chips) 
Seat 4: BS-BUL ($1.18 in chips) 
Seat 5: juanrod39 ($2.24 in chips) 
Seat 6: Duki712 ($3.76 in chips) 
Marola93: posts small blind $0.01
Vermyt_Res: posts big blind $0.02
*** HOLE CARDS ***
Dealt to Lorpugo [Jh 2s]
Lorpugo: folds 
BS-BUL: folds 
juanrod39: folds 
Duki712: calls $0.02
Marola93: raises $0.04 to $0.06
Vermyt_Res: calls $0.04
Duki712: calls $0.04
*** FLOP *** [Ts Td 6d]
Marola93: checks 
Vermyt_Res: checks 
Duki712: bets $0.04
Marola93: calls $0.04
Vermyt_Res: calls $0.04
*** TURN *** [Ts Td 6d] [Ad]
Marola93: checks 
Vermyt_Res: checks 
Duki712: bets $0.06
Marola93: calls $0.06
Vermyt_Res: folds 
*** RIVER *** [Ts Td 6d Ad] [3d]
Marola93: checks 
Duki712: checks 
*** SHOW DOWN ***
Marola93: shows [Js Jd] (a flush, Ace high)
Duki712: mucks hand 
Marola93 collected $0.41 from pot
*** SUMMARY ***
Total pot $0.42 | Rake $0.01 
Board [Ts Td 6d Ad 3d]
Seat 1: Marola93 (small blind) showed [Js Jd] and won ($0.41) with a flush, Ace high
Seat 2: Vermyt_Res (big blind) folded on the Turn
Seat 3: Lorpugo folded before Flop (didn't bet)
Seat 4: BS-BUL folded before Flop (didn't bet)
Seat 5: juanrod39 folded before Flop (didn't bet)
Seat 6: Duki712 (button) mucked [6h 2h]



PokerStars Hand #240775841828:  Hold'em No Limit ($0.01/$0.02 USD) - 2022/12/29 11:54:21 ET
Table 'Glauke II' 6-max Seat #1 is the button
Seat 1: Marola93 ($2.25 in chips) 
Seat 2: Vermyt_Res ($3.04 in chips) 
Seat 3: Lorpugo ($1.58 in chips) 
Seat 4: BS-BUL ($1.18 in chips) 
Seat 5: juanrod39 ($2.24 in chips) 
Seat 6: Duki712 ($3.60 in chips) 
Vermyt_Res: posts small blind $0.01
Lorpugo: posts big blind $0.02
*** HOLE CARDS ***
Dealt to Lorpugo [Jd 9h]
BS-BUL: folds 
juanrod39: folds 
Duki712: calls $0.02
Marola93: folds 
Vermyt_Res: folds 
Lorpugo: checks 
*** FLOP *** [Qc Qs 5h]
Lorpugo: checks 
Duki712: checks 
*** TURN *** [Qc Qs 5h] [6s]
Lorpugo: checks 
Duki712: checks 
*** RIVER *** [Qc Qs 5h 6s] [Js]
Lorpugo: bets $0.03
Duki712: folds 
Uncalled bet ($0.03) returned to Lorpugo
Lorpugo collected $0.05 from pot
Lorpugo: doesn't show hand 
*** SUMMARY ***
Total pot $0.05 | Rake $0 
Board [Qc Qs 5h 6s Js]
Seat 1: Marola93 (button) folded before Flop (didn't bet)
Seat 2: Vermyt_Res (small blind) folded before Flop
Seat 3: Lorpugo (big blind) collected ($0.05)
Seat 4: BS-BUL folded before Flop (didn't bet)
Seat 5: juanrod39 folded before Flop (didn't bet)
Seat 6: Duki712 folded on the River



PokerStars Hand #240775853241:  Hold'em No Limit ($0.01/$0.02 USD) - 2022/12/29 11:54:55 ET
Table 'Glauke II' 6-max Seat #2 is the button
Seat 1: Marola93 ($2.25 in chips) 
Seat 2: Vermyt_Res ($3.03 in chips) 
Seat 3: Lorpugo ($1.61 in chips) 
Seat 4: BS-BUL ($1.18 in chips) 
Seat 5: juanrod39 ($2.24 in chips) 
Seat 6: Duki712 ($3.58 in chips) 
Lorpugo: posts small blind $0.01
BS-BUL: posts big blind $0.02
*** HOLE CARDS ***
Dealt to Lorpugo [2c 7h]
juanrod39: folds 
Duki712: raises $0.02 to $0.04
Marola93: folds 
Vermyt_Res: folds 
Lorpugo: folds 
BS-BUL: folds 
Uncalled bet ($0.02) returned to Duki712
Duki712 collected $0.05 from pot
*** SUMMARY ***
Total pot $0.05 | Rake $0 
Seat 1: Marola93 folded before Flop (didn't bet)
Seat 2: Vermyt_Res (button) folded before Flop (didn't bet)
Seat 3: Lorpugo (small blind) folded before Flop
Seat 4: BS-BUL (big blind) folded before Flop
Seat 5: juanrod39 folded before Flop (didn't bet)
Seat 6: Duki712 collected ($0.05)



PokerStars Hand #240775856742:  Hold'em No Limit ($0.01/$0.02 USD) - 2022/12/29 11:55:06 ET
Table 'Glauke II' 6-max Seat #3 is the button
Seat 1: Marola93 ($2.25 in chips) 
Seat 2: Vermyt_Res ($3.03 in chips) 
Seat 3: Lorpugo ($1.60 in chips) 
Seat 4: BS-BUL ($1.16 in chips) 
Seat 5: juanrod39 ($2.24 in chips) 
Seat 6: Duki712 ($3.61 in chips) 
BS-BUL: posts small blind $0.01
juanrod39: posts big blind $0.02
*** HOLE CARDS ***
Dealt to Lorpugo [Ks Jc]
Duki712: raises $0.02 to $0.04
Marola93: raises $0.11 to $0.15
Vermyt_Res: folds 
Lorpugo: folds 
BS-BUL: folds 
juanrod39: folds 
Duki712: calls $0.11
*** FLOP *** [8s 4s 2d]
Duki712: bets $0.16
Marola93: raises $0.64 to $0.80
Duki712: raises $2.66 to $3.46 and is all-in
Marola93: calls $1.30 and is all-in
Uncalled bet ($1.36) returned to Duki712
*** TURN *** [8s 4s 2d] [Qc]
*** RIVER *** [8s 4s 2d Qc] [6c]
*** SHOW DOWN ***
Duki712: shows [9d 8h] (a pair of Eights)
Marola93: shows [Qh Qd] (three of a kind, Queens)
Marola93 cashed out the hand for $3.52 | Cash Out Fee $0.04
*** SUMMARY ***
Total pot $4.53 | Rake $0.16 
Board [8s 4s 2d Qc 6c]
Seat 1: Marola93 showed [Qh Qd] and won ($4.37) with three of a kind, Queens (pot not awarded as player cashed out)
Seat 2: Vermyt_Res folded before Flop (didn't bet)
Seat 3: Lorpugo (button) folded before Flop (didn't bet)
Seat 4: BS-BUL (small blind) folded before Flop
Seat 5: juanrod39 (big blind) folded before Flop
Seat 6: Duki712 showed [9d 8h] and lost with a pair of Eights



PokerStars Hand #240775865555:  Hold'em No Limit ($0.01/$0.02 USD) - 2022/12/29 11:55:40 ET
Table 'Glauke II' 6-max Seat #4 is the button
Seat 1: Marola93 ($3.52 in chips) 
Seat 2: Vermyt_Res ($3.03 in chips) 
Seat 3: Lorpugo ($1.60 in chips) 
Seat 4: BS-BUL ($1.15 in chips) 
Seat 5: juanrod39 ($2.22 in chips) 
Seat 6: Duki712 ($1.36 in chips) 
juanrod39: posts small blind $0.01
Duki712: posts big blind $0.02
*** HOLE CARDS ***
Dealt to Lorpugo [8c Kh]
Marola93: folds 
Vermyt_Res: raises $0.04 to $0.06
Lorpugo: folds 
BS-BUL: folds 
juanrod39: folds 
Duki712: raises $0.04 to $0.10
Vermyt_Res: calls $0.04
*** FLOP *** [Qh 6s Jc]
Duki712: bets $0.06
Vermyt_Res: calls $0.06
*** TURN *** [Qh 6s Jc] [7h]
Duki712: bets $0.10
Vermyt_Res: folds 
Uncalled bet ($0.10) returned to Duki712
Duki712 collected $0.32 from pot
*** SUMMARY ***
Total pot $0.33 | Rake $0.01 
Board [Qh 6s Jc 7h]
Seat 1: Marola93 folded before Flop (didn't bet)
Seat 2: Vermyt_Res folded on the Turn
Seat 3: Lorpugo folded before Flop (didn't bet)
Seat 4: BS-BUL (button) folded before Flop (didn't bet)
Seat 5: juanrod39 (small blind) folded before Flop
Seat 6: Duki712 (big blind) collected ($0.32)



PokerStars Hand #240775872092:  Hold'em No Limit ($0.01/$0.02 USD) - 2022/12/29 11:56:05 ET
Table 'Glauke II' 6-max Seat #5 is the button
Seat 1: Marola93 ($3.52 in chips) 
Seat 2: Vermyt_Res ($2.87 in chips) 
Seat 3: Lorpugo ($1.60 in chips) 
Seat 4: BS-BUL ($1.15 in chips) 
Seat 5: juanrod39 ($2.21 in chips) 
Seat 6: Duki712 ($1.52 in chips) 
Duki712: posts small blind $0.01
Marola93: posts big blind $0.02
*** HOLE CARDS ***
Dealt to Lorpugo [7d 6d]
Vermyt_Res: folds 
Lorpugo: raises $0.04 to $0.06
BS-BUL: calls $0.06
juanrod39: folds 
Duki712: raises $0.06 to $0.12
Marola93: folds 
Lorpugo: calls $0.06
BS-BUL: calls $0.06
*** FLOP *** [3d Qd 9c]
Duki712: checks 
Lorpugo: checks 
BS-BUL: checks 
*** TURN *** [3d Qd 9c] [5c]
Duki712: bets $0.02
Lorpugo: raises $0.21 to $0.23
BS-BUL: folds 
Duki712: raises $0.21 to $0.44
Lorpugo: calls $0.21
*** RIVER *** [3d Qd 9c 5c] [4s]
Duki712: bets $0.12
Lorpugo: raises $0.92 to $1.04 and is all-in
Duki712: calls $0.84 and is all-in
Uncalled bet ($0.08) returned to Lorpugo
*** SHOW DOWN ***
Lorpugo: shows [7d 6d] (a straight, Three to Seven)
Duki712: shows [5d 5h] (three of a kind, Fives)
Lorpugo collected $3.07 from pot
*** SUMMARY ***
Total pot $3.18 | Rake $0.11 
Board [3d Qd 9c 5c 4s]
Seat 1: Marola93 (big blind) folded before Flop
Seat 2: Vermyt_Res folded before Flop (didn't bet)
Seat 3: Lorpugo showed [7d 6d] and won ($3.07) with a straight, Three to Seven
Seat 4: BS-BUL folded on the Turn
Seat 5: juanrod39 (button) folded before Flop (didn't bet)
Seat 6: Duki712 (small blind) showed [5d 5h] and lost with three of a kind, Fives



PokerStars Hand #240775889867:  Hold'em No Limit ($0.01/$0.02 USD) - 2022/12/29 11:57:13 ET
Table 'Glauke II' 6-max Seat #1 is the button
Seat 1: Marola93 ($3.50 in chips) 
Seat 2: Vermyt_Res ($2.87 in chips) 
Seat 3: Lorpugo ($3.15 in chips) 
Seat 4: BS-BUL ($1.03 in chips) 
Seat 5: juanrod39 ($2.21 in chips) 
Vermyt_Res: posts small blind $0.01
Lorpugo: posts big blind $0.02
*** HOLE CARDS ***
Dealt to Lorpugo [2s Ad]
BS-BUL: folds 
juanrod39: folds 
Marola93: folds 
Duki712 is disconnected 
Vermyt_Res: folds 
Uncalled bet ($0.01) returned to Lorpugo
Lorpugo collected $0.02 from pot
Lorpugo: doesn't show hand 
*** SUMMARY ***
Total pot $0.02 | Rake $0 
Seat 1: Marola93 (button) folded before Flop (didn't bet)
Seat 2: Vermyt_Res (small blind) folded before Flop
Seat 3: Lorpugo (big blind) collected ($0.02)
Seat 4: BS-BUL folded before Flop (didn't bet)
Seat 5: juanrod39 folded before Flop (didn't bet)



PokerStars Hand #240775891846:  Hold'em No Limit ($0.01/$0.02 USD) - 2022/12/29 11:57:21 ET
Table 'Glauke II' 6-max Seat #2 is the button
Seat 1: Marola93 ($3.50 in chips) 
Seat 2: Vermyt_Res ($2.86 in chips) 
Seat 3: Lorpugo ($3.16 in chips) 
Seat 4: BS-BUL ($1.03 in chips) 
Seat 5: juanrod39 ($2.21 in chips) 
Lorpugo: posts small blind $0.01
BS-BUL: posts big blind $0.02
*** HOLE CARDS ***
Dealt to Lorpugo [9c 6s]
juanrod39: folds 
Marola93: folds 
Vermyt_Res: folds 
Lorpugo: raises $0.04 to $0.06
BS-BUL: raises $0.97 to $1.03 and is all-in
Lorpugo: folds 
Uncalled bet ($0.97) returned to BS-BUL
BS-BUL collected $0.12 from pot
BS-BUL: doesn't show hand 
*** SUMMARY ***
Total pot $0.12 | Rake $0 
Seat 1: Marola93 folded before Flop (didn't bet)
Seat 2: Vermyt_Res (button) folded before Flop (didn't bet)
Seat 3: Lorpugo (small blind) folded before Flop
Seat 4: BS-BUL (big blind) collected ($0.12)
Seat 5: juanrod39 folded before Flop (didn't bet)



PokerStars Hand #240775896036:  Hold'em No Limit ($0.01/$0.02 USD) - 2022/12/29 11:57:37 ET
Table 'Glauke II' 6-max Seat #3 is the button
Seat 1: Marola93 ($3.50 in chips) 
Seat 2: Vermyt_Res ($2.86 in chips) 
Seat 3: Lorpugo ($3.10 in chips) 
Seat 4: BS-BUL ($1.09 in chips) 
Seat 5: juanrod39 ($2.21 in chips) 
BS-BUL: posts small blind $0.01
juanrod39: posts big blind $0.02
*** HOLE CARDS ***
Dealt to Lorpugo [8s 6c]
Marola93: folds 
Vermyt_Res: folds 
Lorpugo: raises $0.04 to $0.06
BS-BUL: calls $0.05
juanrod39: raises $0.24 to $0.30
Lorpugo: folds 
BS-BUL: folds 
Uncalled bet ($0.24) returned to juanrod39
juanrod39 collected $0.18 from pot
*** SUMMARY ***
Total pot $0.18 | Rake $0 
Seat 1: Marola93 folded before Flop (didn't bet)
Seat 2: Vermyt_Res folded before Flop (didn't bet)
Seat 3: Lorpugo (button) folded before Flop
Seat 4: BS-BUL (small blind) folded before Flop
Seat 5: juanrod39 (big blind) collected ($0.18)



PokerStars Hand #240775903084:  Hold'em No Limit ($0.01/$0.02 USD) - 2022/12/29 11:58:04 ET
Table 'Glauke II' 6-max Seat #4 is the button
Seat 1: Marola93 ($3.50 in chips) 
Seat 2: Vermyt_Res ($2.86 in chips) 
Seat 3: Lorpugo ($3.04 in chips) 
Seat 4: BS-BUL ($1.03 in chips) 
Seat 5: juanrod39 ($2.33 in chips) 
juanrod39: posts small blind $0.01
Marola93: posts big blind $0.02
*** HOLE CARDS ***
Dealt to Lorpugo [Qh Kc]
Vermyt_Res: folds 
Lorpugo: raises $0.04 to $0.06
BS-BUL: folds 
juanrod39: folds 
Marola93: folds 
Uncalled bet ($0.04) returned to Lorpugo
Lorpugo collected $0.05 from pot
Lorpugo: doesn't show hand 
*** SUMMARY ***
Total pot $0.05 | Rake $0 
Seat 1: Marola93 (big blind) folded before Flop
Seat 2: Vermyt_Res folded before Flop (didn't bet)
Seat 3: Lorpugo collected ($0.05)
Seat 4: BS-BUL (button) folded before Flop (didn't bet)
Seat 5: juanrod39 (small blind) folded before Flop



PokerStars Hand #240775905888:  Hold'em No Limit ($0.01/$0.02 USD) - 2022/12/29 11:58:15 ET
Table 'Glauke II' 6-max Seat #5 is the button
Seat 1: Marola93 ($3.48 in chips) 
Seat 2: Vermyt_Res ($2.86 in chips) 
Seat 3: Lorpugo ($3.07 in chips) 
Seat 4: BS-BUL ($1.03 in chips) 
Seat 5: juanrod39 ($2.32 in chips) 
Marola93: posts small blind $0.01
Vermyt_Res: posts big blind $0.02
*** HOLE CARDS ***
Dealt to Lorpugo [6h Js]
Lorpugo: folds 
BS-BUL: calls $0.02
juanrod39: raises $0.06 to $0.08
Marola93: calls $0.07
Vermyt_Res: folds 
BS-BUL: calls $0.06
*** FLOP *** [As Qh Qs]
Marola93: checks 
BS-BUL: checks 
juanrod39: bets $0.06
Marola93: calls $0.06
BS-BUL: folds 
*** TURN *** [As Qh Qs] [6d]
Marola93: checks 
juanrod39: bets $0.28
Marola93: folds 
Uncalled bet ($0.28) returned to juanrod39
juanrod39 collected $0.37 from pot
*** SUMMARY ***
Total pot $0.38 | Rake $0.01 
Board [As Qh Qs 6d]
Seat 1: Marola93 (small blind) folded on the Turn
Seat 2: Vermyt_Res (big blind) folded before Flop
Seat 3: Lorpugo folded before Flop (didn't bet)
Seat 4: BS-BUL folded on the Flop
Seat 5: juanrod39 (button) collected ($0.37)



PokerStars Hand #240775917276:  Hold'em No Limit ($0.01/$0.02 USD) - 2022/12/29 11:58:59 ET
Table 'Glauke II' 6-max Seat #1 is the button
Seat 1: Marola93 ($3.34 in chips) 
Seat 2: Vermyt_Res ($2.84 in chips) 
Seat 3: Lorpugo ($3.07 in chips) 
Seat 4: BS-BUL ($0.95 in chips) 
Seat 5: juanrod39 ($2.55 in chips) 
Vermyt_Res: posts small blind $0.01
Lorpugo: posts big blind $0.02
*** HOLE CARDS ***
Dealt to Lorpugo [4d 7s]
BS-BUL has timed out
BS-BUL: folds 
juanrod39: folds 
Marola93: folds 
Vermyt_Res: folds 
Uncalled bet ($0.01) returned to Lorpugo
Lorpugo collected $0.02 from pot
Lorpugo: doesn't show hand 
*** SUMMARY ***
Total pot $0.02 | Rake $0 
Seat 1: Marola93 (button) folded before Flop (didn't bet)
Seat 2: Vermyt_Res (small blind) folded before Flop
Seat 3: Lorpugo (big blind) collected ($0.02)
Seat 4: BS-BUL folded before Flop (didn't bet)
Seat 5: juanrod39 folded before Flop (didn't bet)



PokerStars Hand #240775921441:  Hold'em No Limit ($0.01/$0.02 USD) - 2022/12/29 11:59:15 ET
Table 'Glauke II' 6-max Seat #2 is the button
Seat 1: Marola93 ($3.34 in chips) 
Seat 2: Vermyt_Res ($2.83 in chips) 
Seat 3: Lorpugo ($3.08 in chips) 
Seat 4: BS-BUL ($0.95 in chips) 
Seat 5: juanrod39 ($2.55 in chips) 
Lorpugo: posts small blind $0.01
BS-BUL: posts big blind $0.02
*** HOLE CARDS ***
Dealt to Lorpugo [Qs 7s]
juanrod39: folds 
Marola93: folds 
Vermyt_Res: folds 
Lorpugo: raises $0.04 to $0.06
BS-BUL: folds 
Uncalled bet ($0.04) returned to Lorpugo
Lorpugo collected $0.04 from pot
Lorpugo: doesn't show hand 
*** SUMMARY ***
Total pot $0.04 | Rake $0 
Seat 1: Marola93 folded before Flop (didn't bet)
Seat 2: Vermyt_Res (button) folded before Flop (didn't bet)
Seat 3: Lorpugo (small blind) collected ($0.04)
Seat 4: BS-BUL (big blind) folded before Flop
Seat 5: juanrod39 folded before Flop (didn't bet)



PokerStars Hand #240775923647:  Hold'em No Limit ($0.01/$0.02 USD) - 2022/12/29 11:59:23 ET
Table 'Glauke II' 6-max Seat #3 is the button
Seat 1: Marola93 ($3.34 in chips) 
Seat 2: Vermyt_Res ($2.83 in chips) 
Seat 3: Lorpugo ($3.10 in chips) 
Seat 4: BS-BUL ($0.93 in chips) 
Seat 5: juanrod39 ($2.55 in chips) 
BS-BUL: posts small blind $0.01
juanrod39: posts big blind $0.02
*** HOLE CARDS ***
Dealt to Lorpugo [3s 9c]
Marola93: folds 
Vermyt_Res: folds 
Lorpugo: folds 
BS-BUL: folds 
Uncalled bet ($0.01) returned to juanrod39
juanrod39 collected $0.02 from pot
*** SUMMARY ***
Total pot $0.02 | Rake $0 
Seat 1: Marola93 folded before Flop (didn't bet)
Seat 2: Vermyt_Res folded before Flop (didn't bet)
Seat 3: Lorpugo (button) folded before Flop (didn't bet)
Seat 4: BS-BUL (small blind) folded before Flop
Seat 5: juanrod39 (big blind) collected ($0.02)



PokerStars Hand #240775926333:  Hold'em No Limit ($0.01/$0.02 USD) - 2022/12/29 11:59:34 ET
Table 'Glauke II' 6-max Seat #4 is the button
Seat 1: Marola93 ($3.34 in chips) 
Seat 2: Vermyt_Res ($2.83 in chips) 
Seat 3: Lorpugo ($3.10 in chips) 
Seat 4: BS-BUL ($0.92 in chips) 
Seat 5: juanrod39 ($2.56 in chips) 
juanrod39: posts small blind $0.01
Marola93: posts big blind $0.02
*** HOLE CARDS ***
Dealt to Lorpugo [2s As]
Vermyt_Res: folds 
Lorpugo: raises $0.04 to $0.06
BS-BUL: folds 
juanrod39: folds 
Marola93: folds 
Uncalled bet ($0.04) returned to Lorpugo
Lorpugo collected $0.05 from pot
Lorpugo: doesn't show hand 
*** SUMMARY ***
Total pot $0.05 | Rake $0 
Seat 1: Marola93 (big blind) folded before Flop
Seat 2: Vermyt_Res folded before Flop (didn't bet)
Seat 3: Lorpugo collected ($0.05)
Seat 4: BS-BUL (button) folded before Flop (didn't bet)
Seat 5: juanrod39 (small blind) folded before Flop



PokerStars Hand #240775929525:  Hold'em No Limit ($0.01/$0.02 USD) - 2022/12/29 11:59:46 ET
Table 'Glauke II' 6-max Seat #5 is the button
Seat 1: Marola93 ($3.32 in chips) 
Seat 2: Vermyt_Res ($2.83 in chips) 
Seat 3: Lorpugo ($3.13 in chips) 
Seat 4: BS-BUL ($0.92 in chips) 
Seat 5: juanrod39 ($2.55 in chips) 
Marola93: posts small blind $0.01
Vermyt_Res: posts big blind $0.02
*** HOLE CARDS ***
Dealt to Lorpugo [Ah 2d]
Lorpugo: folds 
BS-BUL: raises $0.02 to $0.04
juanrod39: folds 
Marola93: calls $0.03
Vermyt_Res: folds 
*** FLOP *** [3d Kh Td]
Marola93: checks 
BS-BUL: checks 
*** TURN *** [3d Kh Td] [3s]
Marola93: checks 
BS-BUL: checks 
*** RIVER *** [3d Kh Td 3s] [7d]
Marola93: checks 
BS-BUL: checks 
*** SHOW DOWN ***
Marola93: shows [2h 2s] (two pair, Threes and Deuces)
BS-BUL: shows [Ts 9s] (two pair, Tens and Threes)
BS-BUL collected $0.10 from pot
*** SUMMARY ***
Total pot $0.10 | Rake $0 
Board [3d Kh Td 3s 7d]
Seat 1: Marola93 (small blind) showed [2h 2s] and lost with two pair, Threes and Deuces
Seat 2: Vermyt_Res (big blind) folded before Flop
Seat 3: Lorpugo folded before Flop (didn't bet)
Seat 4: BS-BUL showed [Ts 9s] and won ($0.10) with two pair, Tens and Threes
Seat 5: juanrod39 (button) folded before Flop (didn't bet)



PokerStars Hand #240775934952:  Hold'em No Limit ($0.01/$0.02 USD) - 2022/12/29 12:00:07 ET
Table 'Glauke II' 6-max Seat #1 is the button
Seat 1: Marola93 ($3.28 in chips) 
Seat 2: Vermyt_Res ($2.81 in chips) 
Seat 3: Lorpugo ($3.13 in chips) 
Seat 4: BS-BUL ($0.98 in chips) 
Seat 5: juanrod39 ($2.55 in chips) 
Vermyt_Res: posts small blind $0.01
Lorpugo: posts big blind $0.02
*** HOLE CARDS ***
Dealt to Lorpugo [As 7s]
BS-BUL: calls $0.02
juanrod39: folds 
Marola93: folds 
Vermyt_Res: raises $0.06 to $0.08
Lorpugo: calls $0.06
BS-BUL: calls $0.06
*** FLOP *** [Qs 4d 3c]
Vermyt_Res: checks 
Lorpugo: checks 
BS-BUL: checks 
*** TURN *** [Qs 4d 3c] [Qc]
Vermyt_Res: checks 
Lorpugo: bets $0.08
BS-BUL: folds 
Vermyt_Res: calls $0.08
*** RIVER *** [Qs 4d 3c Qc] [5h]
Vermyt_Res: checks 
Lorpugo: checks 
*** SHOW DOWN ***
Vermyt_Res: shows [Ac Kd] (a pair of Queens)
Lorpugo: mucks hand 
Vermyt_Res collected $0.39 from pot
*** SUMMARY ***
Total pot $0.40 | Rake $0.01 
Board [Qs 4d 3c Qc 5h]
Seat 1: Marola93 (button) folded before Flop (didn't bet)
Seat 2: Vermyt_Res (small blind) showed [Ac Kd] and won ($0.39) with a pair of Queens
Seat 3: Lorpugo (big blind) mucked [As 7s]
Seat 4: BS-BUL folded on the Turn
Seat 5: juanrod39 folded before Flop (didn't bet)



PokerStars Hand #240775943938:  Hold'em No Limit ($0.01/$0.02 USD) - 2022/12/29 12:00:40 ET
Table 'Glauke II' 6-max Seat #2 is the button
Seat 1: Marola93 ($3.28 in chips) 
Seat 2: Vermyt_Res ($3.04 in chips) 
Seat 3: Lorpugo ($2.97 in chips) 
Seat 4: BS-BUL ($0.90 in chips) 
Seat 5: juanrod39 ($2.55 in chips) 
Lorpugo: posts small blind $0.01
BS-BUL: posts big blind $0.02
*** HOLE CARDS ***
Dealt to Lorpugo [Qs 3d]
juanrod39: folds 
Marola93: raises $0.04 to $0.06
Vermyt_Res: folds 
Lorpugo: folds 
BS-BUL: folds 
Uncalled bet ($0.04) returned to Marola93
Marola93 collected $0.05 from pot
Marola93: doesn't show hand 
*** SUMMARY ***
Total pot $0.05 | Rake $0 
Seat 1: Marola93 collected ($0.05)
Seat 2: Vermyt_Res (button) folded before Flop (didn't bet)
Seat 3: Lorpugo (small blind) folded before Flop
Seat 4: BS-BUL (big blind) folded before Flop
Seat 5: juanrod39 folded before Flop (didn't bet)



PokerStars Hand #240775947186:  Hold'em No Limit ($0.01/$0.02 USD) - 2022/12/29 12:00:52 ET
Table 'Glauke II' 6-max Seat #3 is the button
Seat 1: Marola93 ($3.31 in chips) 
Seat 2: Vermyt_Res ($3.04 in chips) 
Seat 3: Lorpugo ($2.96 in chips) 
Seat 4: BS-BUL ($0.88 in chips) 
Seat 5: juanrod39 ($2.55 in chips) 
BS-BUL: posts small blind $0.01
juanrod39: posts big blind $0.02
*** HOLE CARDS ***
Dealt to Lorpugo [3h Ac]
Marola93: folds 
Vermyt_Res: folds 
Lorpugo: raises $0.04 to $0.06
BS-BUL: folds 
juanrod39: folds 
Uncalled bet ($0.04) returned to Lorpugo
Lorpugo collected $0.05 from pot
Lorpugo: doesn't show hand 
*** SUMMARY ***
Total pot $0.05 | Rake $0 
Seat 1: Marola93 folded before Flop (didn't bet)
Seat 2: Vermyt_Res folded before Flop (didn't bet)
Seat 3: Lorpugo (button) collected ($0.05)
Seat 4: BS-BUL (small blind) folded before Flop
Seat 5: juanrod39 (big blind) folded before Flop



PokerStars Hand #240775950635:  Hold'em No Limit ($0.01/$0.02 USD) - 2022/12/29 12:01:03 ET
Table 'Glauke II' 6-max Seat #4 is the button
Seat 1: Marola93 ($3.31 in chips) 
Seat 2: Vermyt_Res ($3.04 in chips) 
Seat 3: Lorpugo ($2.99 in chips) 
Seat 4: BS-BUL ($0.87 in chips) 
Seat 5: juanrod39 ($2.53 in chips) 
juanrod39: posts small blind $0.01
Marola93: posts big blind $0.02
*** HOLE CARDS ***
Dealt to Lorpugo [6h 8c]
Vermyt_Res: folds 
Lorpugo: folds 
BS-BUL: folds 
juanrod39: folds 
Uncalled bet ($0.01) returned to Marola93
Marola93 collected $0.02 from pot
Marola93: doesn't show hand 
*** SUMMARY ***
Total pot $0.02 | Rake $0 
Seat 1: Marola93 (big blind) collected ($0.02)
Seat 2: Vermyt_Res folded before Flop (didn't bet)
Seat 3: Lorpugo folded before Flop (didn't bet)
Seat 4: BS-BUL (button) folded before Flop (didn't bet)
Seat 5: juanrod39 (small blind) folded before Flop



PokerStars Hand #240775954499:  Hold'em No Limit ($0.01/$0.02 USD) - 2022/12/29 12:01:16 ET
Table 'Glauke II' 6-max Seat #5 is the button
Seat 1: Marola93 ($3.32 in chips) 
Seat 2: Vermyt_Res ($3.04 in chips) 
Seat 3: Lorpugo ($2.99 in chips) 
Seat 4: BS-BUL ($0.87 in chips) 
Seat 5: juanrod39 ($2.52 in chips) 
Marola93: posts small blind $0.01
Vermyt_Res: posts big blind $0.02
*** HOLE CARDS ***
Dealt to Lorpugo [5c 2s]
Lorpugo: folds 
BS-BUL: folds 
juanrod39: raises $0.03 to $0.05
Marola93: folds 
Vermyt_Res: folds 
Uncalled bet ($0.03) returned to juanrod39
juanrod39 collected $0.05 from pot
*** SUMMARY ***
Total pot $0.05 | Rake $0 
Seat 1: Marola93 (small blind) folded before Flop
Seat 2: Vermyt_Res (big blind) folded before Flop
Seat 3: Lorpugo folded before Flop (didn't bet)
Seat 4: BS-BUL folded before Flop (didn't bet)
Seat 5: juanrod39 (button) collected ($0.05)



PokerStars Hand #240775958428:  Hold'em No Limit ($0.01/$0.02 USD) - 2022/12/29 12:01:29 ET
Table 'Glauke II' 6-max Seat #1 is the button
Seat 1: Marola93 ($3.31 in chips) 
Seat 2: Vermyt_Res ($3.02 in chips) 
Seat 3: Lorpugo ($2.99 in chips) 
Seat 4: BS-BUL ($0.87 in chips) 
Seat 5: juanrod39 ($2.55 in chips) 
Vermyt_Res: posts small blind $0.01
Lorpugo: posts big blind $0.02
*** HOLE CARDS ***
Dealt to Lorpugo [8s 9c]
BS-BUL: calls $0.02
juanrod39: folds 
Marola93: raises $0.04 to $0.06
Vermyt_Res: folds 
Lorpugo: folds 
BS-BUL: calls $0.04
*** FLOP *** [Td 6h 5c]
BS-BUL: checks 
Marola93: checks 
*** TURN *** [Td 6h 5c] [6d]
BS-BUL: bets $0.08
Marola93: calls $0.08
*** RIVER *** [Td 6h 5c 6d] [6s]
BS-BUL: bets $0.14
Marola93: folds 
Uncalled bet ($0.14) returned to BS-BUL
BS-BUL collected $0.30 from pot
BS-BUL: doesn't show hand 
*** SUMMARY ***
Total pot $0.31 | Rake $0.01 
Board [Td 6h 5c 6d 6s]
Seat 1: Marola93 (button) folded on the River
Seat 2: Vermyt_Res (small blind) folded before Flop
Seat 3: Lorpugo (big blind) folded before Flop
Seat 4: BS-BUL collected ($0.30)
Seat 5: juanrod39 folded before Flop (didn't bet)



PokerStars Hand #240775970500:  Hold'em No Limit ($0.01/$0.02 USD) - 2022/12/29 12:02:06 ET
Table 'Glauke II' 6-max Seat #2 is the button
Seat 1: Marola93 ($3.17 in chips) 
Seat 2: Vermyt_Res ($3.01 in chips) 
Seat 3: Lorpugo ($2.97 in chips) 
Seat 4: BS-BUL ($1.03 in chips) 
Seat 5: juanrod39 ($2.55 in chips) 
Lorpugo: posts small blind $0.01
BS-BUL: posts big blind $0.02
*** HOLE CARDS ***
Dealt to Lorpugo [8h Th]
juanrod39: folds 
Marola93: folds 
Vermyt_Res: folds 
Lorpugo: raises $0.04 to $0.06
BS-BUL: folds 
Uncalled bet ($0.04) returned to Lorpugo
Lorpugo collected $0.04 from pot
Lorpugo: doesn't show hand 
*** SUMMARY ***
Total pot $0.04 | Rake $0 
Seat 1: Marola93 folded before Flop (didn't bet)
Seat 2: Vermyt_Res (button) folded before Flop (didn't bet)
Seat 3: Lorpugo (small blind) collected ($0.04)
Seat 4: BS-BUL (big blind) folded before Flop
Seat 5: juanrod39 folded before Flop (didn't bet)



PokerStars Hand #240775977834:  Hold'em No Limit ($0.01/$0.02 USD) - 2022/12/29 12:02:28 ET
Table 'Glauke II' 6-max Seat #3 is the button
Seat 1: Marola93 ($3.17 in chips) 
Seat 2: Vermyt_Res ($3.01 in chips) 
Seat 3: Lorpugo ($2.99 in chips) 
Seat 4: BS-BUL ($1.01 in chips) 
Seat 5: juanrod39 ($2.55 in chips) 
BS-BUL: posts small blind $0.01
juanrod39: posts big blind $0.02
*** HOLE CARDS ***
Dealt to Lorpugo [Th Kh]
Marola93: folds 
Vermyt_Res: raises $0.04 to $0.06
Lorpugo: calls $0.06
BS-BUL: folds 
juanrod39: folds 
*** FLOP *** [Js 7d 5d]
Vermyt_Res: checks 
Lorpugo: checks 
*** TURN *** [Js 7d 5d] [5c]
Vermyt_Res: checks 
Lorpugo: checks 
*** RIVER *** [Js 7d 5d 5c] [6c]
Vermyt_Res: checks 
Lorpugo: bets $0.30
Vermyt_Res: folds 
Uncalled bet ($0.30) returned to Lorpugo
Lorpugo collected $0.14 from pot
Lorpugo: doesn't show hand 
*** SUMMARY ***
Total pot $0.15 | Rake $0.01 
Board [Js 7d 5d 5c 6c]
Seat 1: Marola93 folded before Flop (didn't bet)
Seat 2: Vermyt_Res folded on the River
Seat 3: Lorpugo (button) collected ($0.14)
Seat 4: BS-BUL (small blind) folded before Flop
Seat 5: juanrod39 (big blind) folded before Flop



PokerStars Hand #240775991922:  Hold'em No Limit ($0.01/$0.02 USD) - 2022/12/29 12:03:10 ET
Table 'Glauke II' 6-max Seat #4 is the button
Seat 1: Marola93 ($3.17 in chips) 
Seat 2: Vermyt_Res ($2.95 in chips) 
Seat 3: Lorpugo ($3.07 in chips) 
Seat 4: BS-BUL ($1 in chips) 
Seat 5: juanrod39 ($2.53 in chips) 
juanrod39: posts small blind $0.01
Marola93: posts big blind $0.02
*** HOLE CARDS ***
Dealt to Lorpugo [9d 8s]
Vermyt_Res: raises $0.04 to $0.06
Lorpugo: folds 
BS-BUL: folds 
juanrod39: folds 
Marola93: folds 
Uncalled bet ($0.04) returned to Vermyt_Res
Vermyt_Res collected $0.05 from pot
Duki712 leaves the table
Vermyt_Res: doesn't show hand 
*** SUMMARY ***
Total pot $0.05 | Rake $0 
Seat 1: Marola93 (big blind) folded before Flop
Seat 2: Vermyt_Res collected ($0.05)
Seat 3: Lorpugo folded before Flop (didn't bet)
Seat 4: BS-BUL (button) folded before Flop (didn't bet)
Seat 5: juanrod39 (small blind) folded before Flop



PokerStars Hand #240775995677:  Hold'em No Limit ($0.01/$0.02 USD) - 2022/12/29 12:03:22 ET
Table 'Glauke II' 6-max Seat #5 is the button
Seat 1: Marola93 ($3.15 in chips) 
Seat 2: Vermyt_Res ($2.98 in chips) 
Seat 3: Lorpugo ($3.07 in chips) 
Seat 4: BS-BUL ($1 in chips) 
Seat 5: juanrod39 ($2.52 in chips) 
Marola93: posts small blind $0.01
Vermyt_Res: posts big blind $0.02
*** HOLE CARDS ***
Dealt to Lorpugo [5c 9h]
Lorpugo: folds 
BS-BUL: folds 
juanrod39: raises $0.03 to $0.05
Marola93: folds 
Vermyt_Res: folds 
Uncalled bet ($0.03) returned to juanrod39
carollinar joins the table at seat #6 
juanrod39 collected $0.05 from pot
*** SUMMARY ***
Total pot $0.05 | Rake $0 
Seat 1: Marola93 (small blind) folded before Flop
Seat 2: Vermyt_Res (big blind) folded before Flop
Seat 3: Lorpugo folded before Flop (didn't bet)
Seat 4: BS-BUL folded before Flop (didn't bet)
Seat 5: juanrod39 (button) collected ($0.05)



PokerStars Hand #240776000195:  Hold'em No Limit ($0.01/$0.02 USD) - 2022/12/29 12:03:35 ET
Table 'Glauke II' 6-max Seat #1 is the button
Seat 1: Marola93 ($3.14 in chips) 
Seat 2: Vermyt_Res ($2.96 in chips) 
Seat 3: Lorpugo ($3.07 in chips) 
Seat 4: BS-BUL ($1 in chips) 
Seat 5: juanrod39 ($2.55 in chips) 
Vermyt_Res: posts small blind $0.01
Lorpugo: posts big blind $0.02
*** HOLE CARDS ***
Dealt to Lorpugo [8s Jd]
BS-BUL: calls $0.02
juanrod39: folds 
Marola93: folds 
Vermyt_Res: raises $0.04 to $0.06
Lorpugo: folds 
BS-BUL: calls $0.04
*** FLOP *** [2s 9c 6d]
Vermyt_Res: checks 
BS-BUL: checks 
*** TURN *** [2s 9c 6d] [Qc]
Vermyt_Res: checks 
BS-BUL: checks 
*** RIVER *** [2s 9c 6d Qc] [5d]
Vermyt_Res: checks 
BS-BUL: checks 
*** SHOW DOWN ***
Vermyt_Res: shows [Tc Ah] (high card Ace)
BS-BUL: mucks hand 
Vermyt_Res collected $0.14 from pot
*** SUMMARY ***
Total pot $0.14 | Rake $0 
Board [2s 9c 6d Qc 5d]
Seat 1: Marola93 (button) folded before Flop (didn't bet)
Seat 2: Vermyt_Res (small blind) showed [Tc Ah] and won ($0.14) with high card Ace
Seat 3: Lorpugo (big blind) folded before Flop
Seat 4: BS-BUL mucked [Kd 7d]
Seat 5: juanrod39 folded before Flop (didn't bet)



PokerStars Hand #240776006460:  Hold'em No Limit ($0.01/$0.02 USD) - 2022/12/29 12:03:54 ET
Table 'Glauke II' 6-max Seat #2 is the button
Seat 1: Marola93 ($3.14 in chips) 
Seat 2: Vermyt_Res ($3.04 in chips) 
Seat 3: Lorpugo ($3.05 in chips) 
Seat 4: BS-BUL ($0.94 in chips) 
Seat 5: juanrod39 ($2.55 in chips) 
Seat 6: carollinar ($0.80 in chips) 
Lorpugo: posts small blind $0.01
BS-BUL: posts big blind $0.02
carollinar: posts big blind $0.02
*** HOLE CARDS ***
Dealt to Lorpugo [3s 3d]
juanrod39: folds 
carollinar: checks 
Marola93: folds 
Vermyt_Res: folds 
Lorpugo: calls $0.01
BS-BUL: checks 
*** FLOP *** [6d 9h 8d]
Lorpugo: checks 
BS-BUL: checks 
carollinar: checks 
*** TURN *** [6d 9h 8d] [2d]
Lorpugo: checks 
BS-BUL: checks 
carollinar: checks 
*** RIVER *** [6d 9h 8d 2d] [Ah]
Lorpugo: checks 
BS-BUL: checks 
carollinar: bets $0.04
Lorpugo: folds 
BS-BUL: folds 
Uncalled bet ($0.04) returned to carollinar
carollinar collected $0.06 from pot
*** SUMMARY ***
Total pot $0.06 | Rake $0 
Board [6d 9h 8d 2d Ah]
Seat 1: Marola93 folded before Flop (didn't bet)
Seat 2: Vermyt_Res (button) folded before Flop (didn't bet)
Seat 3: Lorpugo (small blind) folded on the River
Seat 4: BS-BUL (big blind) folded on the River
Seat 5: juanrod39 folded before Flop (didn't bet)
Seat 6: carollinar collected ($0.06)



PokerStars Hand #240776024005:  Hold'em No Limit ($0.01/$0.02 USD) - 2022/12/29 12:04:45 ET
Table 'Glauke II' 6-max Seat #3 is the button
Seat 1: Marola93 ($3.14 in chips) 
Seat 2: Vermyt_Res ($3.04 in chips) 
Seat 3: Lorpugo ($3.03 in chips) 
Seat 4: BS-BUL ($0.92 in chips) 
Seat 5: juanrod39 ($2.55 in chips) 
Seat 6: carollinar ($0.84 in chips) 
BS-BUL: posts small blind $0.01
juanrod39: posts big blind $0.02
*** HOLE CARDS ***
Dealt to Lorpugo [8s Qs]
carollinar: calls $0.02
Marola93: folds 
Vermyt_Res: folds 
Lorpugo: calls $0.02
BS-BUL: raises $0.02 to $0.04
juanrod39: folds 
carollinar: calls $0.02
Lorpugo: folds 
*** FLOP *** [6s 9c 3c]
BS-BUL: checks 
carollinar: checks 
*** TURN *** [6s 9c 3c] [2h]
BS-BUL: bets $0.04
carollinar: folds 
Uncalled bet ($0.04) returned to BS-BUL
BS-BUL collected $0.12 from pot
BS-BUL: doesn't show hand 
*** SUMMARY ***
Total pot $0.12 | Rake $0 
Board [6s 9c 3c 2h]
Seat 1: Marola93 folded before Flop (didn't bet)
Seat 2: Vermyt_Res folded before Flop (didn't bet)
Seat 3: Lorpugo (button) folded before Flop
Seat 4: BS-BUL (small blind) collected ($0.12)
Seat 5: juanrod39 (big blind) folded before Flop
Seat 6: carollinar folded on the Turn



PokerStars Hand #240776039087:  Hold'em No Limit ($0.01/$0.02 USD) - 2022/12/29 12:05:29 ET
Table 'Glauke II' 6-max Seat #4 is the button
Seat 1: Marola93 ($3.14 in chips) 
Seat 2: Vermyt_Res ($3.04 in chips) 
Seat 3: Lorpugo ($3.01 in chips) 
Seat 4: BS-BUL ($1 in chips) 
Seat 5: juanrod39 ($2.53 in chips) 
Seat 6: carollinar ($0.80 in chips) 
juanrod39: posts small blind $0.01
carollinar: posts big blind $0.02
*** HOLE CARDS ***
Dealt to Lorpugo [Ad Kc]
Marola93: folds 
Vermyt_Res: folds 
Lorpugo: raises $0.04 to $0.06
BS-BUL: folds 
juanrod39: folds 
carollinar: folds 
Uncalled bet ($0.04) returned to Lorpugo
Lorpugo collected $0.05 from pot
Lorpugo: doesn't show hand 
*** SUMMARY ***
Total pot $0.05 | Rake $0 
Seat 1: Marola93 folded before Flop (didn't bet)
Seat 2: Vermyt_Res folded before Flop (didn't bet)
Seat 3: Lorpugo collected ($0.05)
Seat 4: BS-BUL (button) folded before Flop (didn't bet)
Seat 5: juanrod39 (small blind) folded before Flop
Seat 6: carollinar (big blind) folded before Flop



PokerStars Hand #240776043291:  Hold'em No Limit ($0.01/$0.02 USD) - 2022/12/29 12:05:41 ET
Table 'Glauke II' 6-max Seat #5 is the button
Seat 1: Marola93 ($3.14 in chips) 
Seat 2: Vermyt_Res ($3.04 in chips) 
Seat 3: Lorpugo ($3.04 in chips) 
Seat 4: BS-BUL ($1 in chips) 
Seat 5: juanrod39 ($2.52 in chips) 
Seat 6: carollinar ($0.78 in chips) 
carollinar: posts small blind $0.01
Marola93: posts big blind $0.02
*** HOLE CARDS ***
Dealt to Lorpugo [Jc Jh]
Vermyt_Res: folds 
Lorpugo: raises $0.04 to $0.06
BS-BUL: folds 
juanrod39: folds 
carollinar: calls $0.05
Marola93: folds 
*** FLOP *** [9d As Qs]
carollinar: checks 
Lorpugo: checks 
*** TURN *** [9d As Qs] [Qh]
carollinar: bets $0.02
Lorpugo: raises $0.02 to $0.04
carollinar: calls $0.02
*** RIVER *** [9d As Qs Qh] [8s]
carollinar: bets $0.04
Lorpugo: calls $0.04
*** SHOW DOWN ***
carollinar: shows [Ah 5h] (two pair, Aces and Queens)
Lorpugo: mucks hand 
carollinar collected $0.29 from pot
*** SUMMARY ***
Total pot $0.30 | Rake $0.01 
Board [9d As Qs Qh 8s]
Seat 1: Marola93 (big blind) folded before Flop
Seat 2: Vermyt_Res folded before Flop (didn't bet)
Seat 3: Lorpugo mucked [Jc Jh]
Seat 4: BS-BUL folded before Flop (didn't bet)
Seat 5: juanrod39 (button) folded before Flop (didn't bet)
Seat 6: carollinar (small blind) showed [Ah 5h] and won ($0.29) with two pair, Aces and Queens



PokerStars Hand #240776058286:  Hold'em No Limit ($0.01/$0.02 USD) - 2022/12/29 12:06:25 ET
Table 'Glauke II' 6-max Seat #6 is the button
Seat 1: Marola93 ($3.12 in chips) 
Seat 2: Vermyt_Res ($3.04 in chips) 
Seat 3: Lorpugo ($2.90 in chips) 
Seat 4: BS-BUL ($1 in chips) 
Seat 5: juanrod39 ($2.52 in chips) 
Seat 6: carollinar ($0.93 in chips) 
Marola93: posts small blind $0.01
Vermyt_Res: posts big blind $0.02
*** HOLE CARDS ***
Dealt to Lorpugo [Kd Tc]
Lorpugo: folds 
BS-BUL: folds 
juanrod39: folds 
carollinar: calls $0.02
Marola93: folds 
Vermyt_Res: checks 
*** FLOP *** [6c 7c 4c]
Vermyt_Res: checks 
carollinar: checks 
*** TURN *** [6c 7c 4c] [3c]
Vermyt_Res: checks 
carollinar: checks 
*** RIVER *** [6c 7c 4c 3c] [Td]
Vermyt_Res: checks 
carollinar: bets $0.06
Vermyt_Res: folds 
Uncalled bet ($0.06) returned to carollinar
carollinar collected $0.05 from pot
*** SUMMARY ***
Total pot $0.05 | Rake $0 
Board [6c 7c 4c 3c Td]
Seat 1: Marola93 (small blind) folded before Flop
Seat 2: Vermyt_Res (big blind) folded on the River
Seat 3: Lorpugo folded before Flop (didn't bet)
Seat 4: BS-BUL folded before Flop (didn't bet)
Seat 5: juanrod39 folded before Flop (didn't bet)
Seat 6: carollinar (button) collected ($0.05)



PokerStars Hand #240776074680:  Hold'em No Limit ($0.01/$0.02 USD) - 2022/12/29 12:07:13 ET
Table 'Glauke II' 6-max Seat #1 is the button
Seat 1: Marola93 ($3.11 in chips) 
Seat 2: Vermyt_Res ($3.02 in chips) 
Seat 3: Lorpugo ($2.90 in chips) 
Seat 4: BS-BUL ($1 in chips) 
Seat 5: juanrod39 ($2.52 in chips) 
Seat 6: carollinar ($0.96 in chips) 
Vermyt_Res: posts small blind $0.01
Lorpugo: posts big blind $0.02
*** HOLE CARDS ***
Dealt to Lorpugo [9d Js]
BS-BUL: folds 
juanrod39: folds 
carollinar: folds 
Marola93: folds 
Vermyt_Res: folds 
Uncalled bet ($0.01) returned to Lorpugo
Lorpugo collected $0.02 from pot
Lorpugo: doesn't show hand 
*** SUMMARY ***
Total pot $0.02 | Rake $0 
Seat 1: Marola93 (button) folded before Flop (didn't bet)
Seat 2: Vermyt_Res (small blind) folded before Flop
Seat 3: Lorpugo (big blind) collected ($0.02)
Seat 4: BS-BUL folded before Flop (didn't bet)
Seat 5: juanrod39 folded before Flop (didn't bet)
Seat 6: carollinar folded before Flop (didn't bet)



PokerStars Hand #240776078267:  Hold'em No Limit ($0.01/$0.02 USD) - 2022/12/29 12:07:24 ET
Table 'Glauke II' 6-max Seat #2 is the button
Seat 1: Marola93 ($3.11 in chips) 
Seat 2: Vermyt_Res ($3.01 in chips) 
Seat 3: Lorpugo ($2.91 in chips) 
Seat 4: BS-BUL ($1 in chips) 
Seat 5: juanrod39 ($2.52 in chips) 
Seat 6: carollinar ($0.96 in chips) 
Lorpugo: posts small blind $0.01
BS-BUL: posts big blind $0.02
*** HOLE CARDS ***
Dealt to Lorpugo [8h 2s]
juanrod39 has timed out
juanrod39: folds 
carollinar: calls $0.02
Marola93: folds 
Vermyt_Res: folds 
Lorpugo: folds 
BS-BUL: checks 
*** FLOP *** [2d Qd 5h]
BS-BUL: checks 
carollinar: checks 
*** TURN *** [2d Qd 5h] [Kc]
BS-BUL: checks 
carollinar: checks 
*** RIVER *** [2d Qd 5h Kc] [As]
BS-BUL: checks 
carollinar: bets $0.06
BS-BUL: folds 
Uncalled bet ($0.06) returned to carollinar
carollinar collected $0.05 from pot
*** SUMMARY ***
Total pot $0.05 | Rake $0 
Board [2d Qd 5h Kc As]
Seat 1: Marola93 folded before Flop (didn't bet)
Seat 2: Vermyt_Res (button) folded before Flop (didn't bet)
Seat 3: Lorpugo (small blind) folded before Flop
Seat 4: BS-BUL (big blind) folded on the River
Seat 5: juanrod39 folded before Flop (didn't bet)
Seat 6: carollinar collected ($0.05)



PokerStars Hand #240776092198:  Hold'em No Limit ($0.01/$0.02 USD) - 2022/12/29 12:08:05 ET
Table 'Glauke II' 6-max Seat #3 is the button
Seat 1: Marola93 ($3.11 in chips) 
Seat 2: Vermyt_Res ($3.01 in chips) 
Seat 3: Lorpugo ($2.90 in chips) 
Seat 4: BS-BUL ($0.98 in chips) 
Seat 5: juanrod39 ($2.52 in chips) 
Seat 6: carollinar ($0.99 in chips) 
BS-BUL: posts small blind $0.01
juanrod39: posts big blind $0.02
*** HOLE CARDS ***
Dealt to Lorpugo [7s Js]
carollinar: calls $0.02
Marola93: folds 
Vermyt_Res: folds 
Lorpugo: raises $0.04 to $0.06
BS-BUL: folds 
juanrod39: folds 
carollinar: calls $0.04
*** FLOP *** [3d Qh Kh]
carollinar: checks 
Lorpugo: bets $0.05
carollinar: folds 
Uncalled bet ($0.05) returned to Lorpugo
Lorpugo collected $0.14 from pot
Lorpugo: doesn't show hand 
*** SUMMARY ***
Total pot $0.15 | Rake $0.01 
Board [3d Qh Kh]
Seat 1: Marola93 folded before Flop (didn't bet)
Seat 2: Vermyt_Res folded before Flop (didn't bet)
Seat 3: Lorpugo (button) collected ($0.14)
Seat 4: BS-BUL (small blind) folded before Flop
Seat 5: juanrod39 (big blind) folded before Flop
Seat 6: carollinar folded on the Flop



PokerStars Hand #240776109951:  Hold'em No Limit ($0.01/$0.02 USD) - 2022/12/29 12:08:58 ET
Table 'Glauke II' 6-max Seat #4 is the button
Seat 1: Marola93 ($3.11 in chips) 
Seat 2: Vermyt_Res ($3.01 in chips) 
Seat 3: Lorpugo ($2.98 in chips) 
Seat 4: BS-BUL ($0.97 in chips) 
Seat 5: juanrod39 ($2.50 in chips) 
Seat 6: carollinar ($0.93 in chips) 
juanrod39: posts small blind $0.01
carollinar: posts big blind $0.02
*** HOLE CARDS ***
Dealt to Lorpugo [7d Kh]
Marola93: folds 
Vermyt_Res: folds 
Lorpugo: folds 
BS-BUL: raises $0.02 to $0.04
juanrod39: folds 
carollinar: folds 
Uncalled bet ($0.02) returned to BS-BUL
BS-BUL collected $0.05 from pot
BS-BUL: doesn't show hand 
*** SUMMARY ***
Total pot $0.05 | Rake $0 
Seat 1: Marola93 folded before Flop (didn't bet)
Seat 2: Vermyt_Res folded before Flop (didn't bet)
Seat 3: Lorpugo folded before Flop (didn't bet)
Seat 4: BS-BUL (button) collected ($0.05)
Seat 5: juanrod39 (small blind) folded before Flop
Seat 6: carollinar (big blind) folded before Flop



PokerStars Hand #240776115207:  Hold'em No Limit ($0.01/$0.02 USD) - 2022/12/29 12:09:13 ET
Table 'Glauke II' 6-max Seat #5 is the button
Seat 1: Marola93 ($3.11 in chips) 
Seat 2: Vermyt_Res ($3.01 in chips) 
Seat 3: Lorpugo ($2.98 in chips) 
Seat 4: BS-BUL ($1 in chips) 
Seat 5: juanrod39 ($2.49 in chips) 
Seat 6: carollinar ($0.91 in chips) 
carollinar: posts small blind $0.01
Marola93: posts big blind $0.02
*** HOLE CARDS ***
Dealt to Lorpugo [2h 2c]
Vermyt_Res: folds 
Lorpugo: raises $0.02 to $0.04
BS-BUL: folds 
juanrod39: folds 
carollinar: folds 
Marola93: folds 
Uncalled bet ($0.02) returned to Lorpugo
Lorpugo collected $0.05 from pot
Lorpugo: doesn't show hand 
*** SUMMARY ***
Total pot $0.05 | Rake $0 
Seat 1: Marola93 (big blind) folded before Flop
Seat 2: Vermyt_Res folded before Flop (didn't bet)
Seat 3: Lorpugo collected ($0.05)
Seat 4: BS-BUL folded before Flop (didn't bet)
Seat 5: juanrod39 (button) folded before Flop (didn't bet)
Seat 6: carollinar (small blind) folded before Flop



PokerStars Hand #240776120533:  Hold'em No Limit ($0.01/$0.02 USD) - 2022/12/29 12:09:29 ET
Table 'Glauke II' 6-max Seat #6 is the button
Seat 1: Marola93 ($3.09 in chips) 
Seat 2: Vermyt_Res ($3.01 in chips) 
Seat 3: Lorpugo ($3.01 in chips) 
Seat 4: BS-BUL ($1 in chips) 
Seat 5: juanrod39 ($2.49 in chips) 
Seat 6: carollinar ($0.90 in chips) 
Marola93: posts small blind $0.01
Vermyt_Res: posts big blind $0.02
*** HOLE CARDS ***
Dealt to Lorpugo [Kh 8s]
Lorpugo: folds 
BS-BUL: folds 
juanrod39: folds 
carollinar: folds 
Marola93: folds 
Uncalled bet ($0.01) returned to Vermyt_Res
Vermyt_Res collected $0.02 from pot
Vermyt_Res: doesn't show hand 
*** SUMMARY ***
Total pot $0.02 | Rake $0 
Seat 1: Marola93 (small blind) folded before Flop
Seat 2: Vermyt_Res (big blind) collected ($0.02)
Seat 3: Lorpugo folded before Flop (didn't bet)
Seat 4: BS-BUL folded before Flop (didn't bet)
Seat 5: juanrod39 folded before Flop (didn't bet)
Seat 6: carollinar (button) folded before Flop (didn't bet)



PokerStars Hand #240776123068:  Hold'em No Limit ($0.01/$0.02 USD) - 2022/12/29 12:09:36 ET
Table 'Glauke II' 6-max Seat #1 is the button
Seat 1: Marola93 ($3.08 in chips) 
Seat 2: Vermyt_Res ($3.02 in chips) 
Seat 3: Lorpugo ($3.01 in chips) 
Seat 4: BS-BUL ($1 in chips) 
Seat 5: juanrod39 ($2.49 in chips) 
Seat 6: carollinar ($0.90 in chips) 
Vermyt_Res: posts small blind $0.01
Lorpugo: posts big blind $0.02
*** HOLE CARDS ***
Dealt to Lorpugo [4s 2s]
BS-BUL: folds 
juanrod39: folds 
carollinar: calls $0.02
Marola93: folds 
Vermyt_Res: folds 
Lorpugo: checks 
*** FLOP *** [3s Ad Ah]
Lorpugo: checks 
carollinar: bets $0.02
Lorpugo: raises $0.05 to $0.07
carollinar: folds 
Uncalled bet ($0.05) returned to Lorpugo
Lorpugo collected $0.09 from pot
Lorpugo: doesn't show hand 
*** SUMMARY ***
Total pot $0.09 | Rake $0 
Board [3s Ad Ah]
Seat 1: Marola93 (button) folded before Flop (didn't bet)
Seat 2: Vermyt_Res (small blind) folded before Flop
Seat 3: Lorpugo (big blind) collected ($0.09)
Seat 4: BS-BUL folded before Flop (didn't bet)
Seat 5: juanrod39 folded before Flop (didn't bet)
Seat 6: carollinar folded on the Flop



PokerStars Hand #240776131592:  Hold'em No Limit ($0.01/$0.02 USD) - 2022/12/29 12:10:01 ET
Table 'Glauke II' 6-max Seat #2 is the button
Seat 1: Marola93 ($3.08 in chips) 
Seat 2: Vermyt_Res ($3.01 in chips) 
Seat 3: Lorpugo ($3.06 in chips) 
Seat 4: BS-BUL ($1 in chips) 
Seat 5: juanrod39 ($2.49 in chips) 
Seat 6: carollinar ($0.86 in chips) 
Lorpugo: posts small blind $0.01
BS-BUL: posts big blind $0.02
*** HOLE CARDS ***
Dealt to Lorpugo [9d 7d]
juanrod39: folds 
carollinar: calls $0.02
Marola93: folds 
Vermyt_Res: folds 
Lorpugo: calls $0.01
BS-BUL: checks 
*** FLOP *** [6h 6s Ad]
Lorpugo: bets $0.02
BS-BUL: folds 
carollinar: folds 
Uncalled bet ($0.02) returned to Lorpugo
Lorpugo collected $0.06 from pot
Lorpugo: doesn't show hand 
*** SUMMARY ***
Total pot $0.06 | Rake $0 
Board [6h 6s Ad]
Seat 1: Marola93 folded before Flop (didn't bet)
Seat 2: Vermyt_Res (button) folded before Flop (didn't bet)
Seat 3: Lorpugo (small blind) collected ($0.06)
Seat 4: BS-BUL (big blind) folded on the Flop
Seat 5: juanrod39 folded before Flop (didn't bet)
Seat 6: carollinar folded on the Flop



PokerStars Hand #240776139838:  Hold'em No Limit ($0.01/$0.02 USD) - 2022/12/29 12:10:26 ET
Table 'Glauke II' 6-max Seat #3 is the button
Seat 1: Marola93 ($3.08 in chips) 
Seat 2: Vermyt_Res ($3.01 in chips) 
Seat 3: Lorpugo ($3.10 in chips) 
Seat 4: BS-BUL ($0.98 in chips) 
Seat 5: juanrod39 ($2.49 in chips) 
Seat 6: carollinar ($0.84 in chips) 
BS-BUL: posts small blind $0.01
juanrod39: posts big blind $0.02
*** HOLE CARDS ***
Dealt to Lorpugo [2h 8s]
carollinar: folds 
Marola93: folds 
Vermyt_Res: folds 
Lorpugo: folds 
BS-BUL: folds 
Uncalled bet ($0.01) returned to juanrod39
juanrod39 collected $0.02 from pot
*** SUMMARY ***
Total pot $0.02 | Rake $0 
Seat 1: Marola93 folded before Flop (didn't bet)
Seat 2: Vermyt_Res folded before Flop (didn't bet)
Seat 3: Lorpugo (button) folded before Flop (didn't bet)
Seat 4: BS-BUL (small blind) folded before Flop
Seat 5: juanrod39 (big blind) collected ($0.02)
Seat 6: carollinar folded before Flop (didn't bet)



PokerStars Hand #240776143032:  Hold'em No Limit ($0.01/$0.02 USD) - 2022/12/29 12:10:35 ET
Table 'Glauke II' 6-max Seat #4 is the button
Seat 1: Marola93 ($3.08 in chips) 
Seat 2: Vermyt_Res ($3.01 in chips) 
Seat 3: Lorpugo ($3.10 in chips) 
Seat 4: BS-BUL ($0.97 in chips) 
Seat 5: juanrod39 ($2.50 in chips) 
Seat 6: carollinar ($0.84 in chips) 
juanrod39: posts small blind $0.01
carollinar: posts big blind $0.02
*** HOLE CARDS ***
Dealt to Lorpugo [5d Td]
Marola93: folds 
Vermyt_Res: folds 
Lorpugo: folds 
BS-BUL: folds 
juanrod39: folds 
Uncalled bet ($0.01) returned to carollinar
carollinar collected $0.02 from pot
*** SUMMARY ***
Total pot $0.02 | Rake $0 
Seat 1: Marola93 folded before Flop (didn't bet)
Seat 2: Vermyt_Res folded before Flop (didn't bet)
Seat 3: Lorpugo folded before Flop (didn't bet)
Seat 4: BS-BUL (button) folded before Flop (didn't bet)
Seat 5: juanrod39 (small blind) folded before Flop
Seat 6: carollinar (big blind) collected ($0.02)



PokerStars Hand #240776146439:  Hold'em No Limit ($0.01/$0.02 USD) - 2022/12/29 12:10:45 ET
Table 'Glauke II' 6-max Seat #5 is the button
Seat 1: Marola93 ($3.08 in chips) 
Seat 2: Vermyt_Res ($3.01 in chips) 
Seat 3: Lorpugo ($3.10 in chips) 
Seat 4: BS-BUL ($0.97 in chips) 
Seat 5: juanrod39 ($2.49 in chips) 
Seat 6: carollinar ($0.85 in chips) 
carollinar: posts small blind $0.01
Marola93: posts big blind $0.02
*** HOLE CARDS ***
Dealt to Lorpugo [Kc Ad]
Vermyt_Res: folds 
Lorpugo: raises $0.04 to $0.06
BS-BUL: folds 
juanrod39: folds 
carollinar: folds 
Marola93: folds 
Uncalled bet ($0.04) returned to Lorpugo
Lorpugo collected $0.05 from pot
Lorpugo: doesn't show hand 
*** SUMMARY ***
Total pot $0.05 | Rake $0 
Seat 1: Marola93 (big blind) folded before Flop
Seat 2: Vermyt_Res folded before Flop (didn't bet)
Seat 3: Lorpugo collected ($0.05)
Seat 4: BS-BUL folded before Flop (didn't bet)
Seat 5: juanrod39 (button) folded before Flop (didn't bet)
Seat 6: carollinar (small blind) folded before Flop



PokerStars Hand #240776151666:  Hold'em No Limit ($0.01/$0.02 USD) - 2022/12/29 12:11:01 ET
Table 'Glauke II' 6-max Seat #6 is the button
Seat 1: Marola93 ($3.06 in chips) 
Seat 2: Vermyt_Res ($3.01 in chips) 
Seat 3: Lorpugo ($3.13 in chips) 
Seat 4: BS-BUL ($0.97 in chips) 
Seat 5: juanrod39 ($2.49 in chips) 
Seat 6: carollinar ($0.84 in chips) 
Marola93: posts small blind $0.01
Vermyt_Res: posts big blind $0.02
*** HOLE CARDS ***
Dealt to Lorpugo [Ah Kc]
Lorpugo: raises $0.04 to $0.06
BS-BUL: folds 
juanrod39: folds 
carollinar: folds 
carollinar leaves the table
Marola93: folds 
Vermyt_Res: calls $0.04
*** FLOP *** [Qc Ks Th]
Vermyt_Res: checks 
Lorpugo: bets $0.07
Vermyt_Res: calls $0.07
*** TURN *** [Qc Ks Th] [9h]
Vermyt_Res: checks 
Lorpugo: checks 
*** RIVER *** [Qc Ks Th 9h] [2d]
Vermyt_Res: bets $0.13
Lorpugo: calls $0.13
*** SHOW DOWN ***
Vermyt_Res: shows [9c 9d] (three of a kind, Nines)
Lorpugo: mucks hand 
Vermyt_Res collected $0.51 from pot
*** SUMMARY ***
Total pot $0.53 | Rake $0.02 
Board [Qc Ks Th 9h 2d]
Seat 1: Marola93 (small blind) folded before Flop
Seat 2: Vermyt_Res (big blind) showed [9c 9d] and won ($0.51) with three of a kind, Nines
Seat 3: Lorpugo mucked [Ah Kc]
Seat 4: BS-BUL folded before Flop (didn't bet)
Seat 5: juanrod39 folded before Flop (didn't bet)
Seat 6: carollinar (button) folded before Flop (didn't bet)



PokerStars Hand #240776165556:  Hold'em No Limit ($0.01/$0.02 USD) - 2022/12/29 12:11:41 ET
Table 'Glauke II' 6-max Seat #1 is the button
Seat 1: Marola93 ($3.05 in chips) 
Seat 2: Vermyt_Res ($3.26 in chips) 
Seat 3: Lorpugo ($2.87 in chips) 
Seat 4: BS-BUL ($0.97 in chips) 
Seat 5: juanrod39 ($2.49 in chips) 
Vermyt_Res: posts small blind $0.01
Lorpugo: posts big blind $0.02
*** HOLE CARDS ***
Dealt to Lorpugo [Kc 4h]
BS-BUL: folds 
Aronovics joins the table at seat #6 
juanrod39 has timed out
juanrod39: folds 
Marola93: folds 
Vermyt_Res: folds 
Uncalled bet ($0.01) returned to Lorpugo
Lorpugo collected $0.02 from pot
Lorpugo: doesn't show hand 
*** SUMMARY ***
Total pot $0.02 | Rake $0 
Seat 1: Marola93 (button) folded before Flop (didn't bet)
Seat 2: Vermyt_Res (small blind) folded before Flop
Seat 3: Lorpugo (big blind) collected ($0.02)
Seat 4: BS-BUL folded before Flop (didn't bet)
Seat 5: juanrod39 folded before Flop (didn't bet)



PokerStars Hand #240776172633:  Hold'em No Limit ($0.01/$0.02 USD) - 2022/12/29 12:12:02 ET
Table 'Glauke II' 6-max Seat #2 is the button
Seat 1: Marola93 ($3.05 in chips) 
Seat 2: Vermyt_Res ($3.25 in chips) 
Seat 3: Lorpugo ($2.88 in chips) 
Seat 4: BS-BUL ($0.97 in chips) 
Lorpugo: posts small blind $0.01
BS-BUL: posts big blind $0.02
*** HOLE CARDS ***
Dealt to Lorpugo [Ts 2c]
Marola93: folds 
Vermyt_Res: raises $0.04 to $0.06
Lorpugo: folds 
BS-BUL: calls $0.04
*** FLOP *** [Qh 6c 3d]
BS-BUL: checks 
Vermyt_Res: checks 
*** TURN *** [Qh 6c 3d] [2s]
BS-BUL: bets $0.06
Vermyt_Res: raises $0.13 to $0.19
BS-BUL: calls $0.13
*** RIVER *** [Qh 6c 3d 2s] [4s]
BS-BUL: checks 
Vermyt_Res: bets $0.25
BS-BUL: calls $0.25
*** SHOW DOWN ***
Vermyt_Res: shows [6d 6h] (three of a kind, Sixes)
BS-BUL: mucks hand 
Vermyt_Res collected $0.97 from pot
*** SUMMARY ***
Total pot $1.01 | Rake $0.04 
Board [Qh 6c 3d 2s 4s]
Seat 1: Marola93 folded before Flop (didn't bet)
Seat 2: Vermyt_Res (button) showed [6d 6h] and won ($0.97) with three of a kind, Sixes
Seat 3: Lorpugo (small blind) folded before Flop
Seat 4: BS-BUL (big blind) mucked [Qs 9h]



PokerStars Hand #240776182007:  Hold'em No Limit ($0.01/$0.02 USD) - 2022/12/29 12:12:29 ET
Table 'Glauke II' 6-max Seat #3 is the button
Seat 1: Marola93 ($3.05 in chips) 
Seat 2: Vermyt_Res ($3.72 in chips) 
Seat 3: Lorpugo ($2.87 in chips) 
Seat 4: BS-BUL ($0.47 in chips) 
Seat 6: Aronovics ($1.98 in chips) 
BS-BUL: posts small blind $0.01
Aronovics: posts big blind $0.02
*** HOLE CARDS ***
Dealt to Lorpugo [Td 9d]
Marola93: folds 
Vermyt_Res: raises $0.04 to $0.06
Lorpugo: calls $0.06
BS-BUL: folds 
Aronovics: folds 
*** FLOP *** [9s 5d 6h]
Vermyt_Res: bets $0.04
Lorpugo: calls $0.04
*** TURN *** [9s 5d 6h] [Qd]
Vermyt_Res: checks 
Lorpugo: bets $0.15
Vermyt_Res: calls $0.15
*** RIVER *** [9s 5d 6h Qd] [8s]
Vermyt_Res: bets $0.38
Lorpugo: folds 
Uncalled bet ($0.38) returned to Vermyt_Res
Vermyt_Res collected $0.51 from pot
Vermyt_Res: doesn't show hand 
*** SUMMARY ***
Total pot $0.53 | Rake $0.02 
Board [9s 5d 6h Qd 8s]
Seat 1: Marola93 folded before Flop (didn't bet)
Seat 2: Vermyt_Res collected ($0.51)
Seat 3: Lorpugo (button) folded on the River
Seat 4: BS-BUL (small blind) folded before Flop
Seat 6: Aronovics (big blind) folded before Flop



PokerStars Hand #240776199663:  Hold'em No Limit ($0.01/$0.02 USD) - 2022/12/29 12:13:21 ET
Table 'Glauke II' 6-max Seat #4 is the button
Seat 1: Marola93 ($3.05 in chips) 
Seat 2: Vermyt_Res ($3.98 in chips) 
Seat 3: Lorpugo ($2.62 in chips) 
Seat 4: BS-BUL ($0.46 in chips) 
Seat 6: Aronovics ($1.96 in chips) 
Aronovics: posts small blind $0.01
Marola93: posts big blind $0.02
*** HOLE CARDS ***
Dealt to Lorpugo [4s 8c]
Vermyt_Res: folds 
Lorpugo: folds 
BS-BUL: calls $0.02
Aronovics: folds 
Marola93: checks 
*** FLOP *** [6d 5s Kc]
Marola93: checks 
BS-BUL: checks 
*** TURN *** [6d 5s Kc] [9h]
Marola93: checks 
BS-BUL: checks 
*** RIVER *** [6d 5s Kc 9h] [8h]
Marola93: checks 
BS-BUL: checks 
*** SHOW DOWN ***
Marola93: shows [Jh 3h] (high card King)
BS-BUL: shows [2c Qc] (high card King - Queen kicker)
BS-BUL collected $0.05 from pot
*** SUMMARY ***
Total pot $0.05 | Rake $0 
Board [6d 5s Kc 9h 8h]
Seat 1: Marola93 (big blind) showed [Jh 3h] and lost with high card King
Seat 2: Vermyt_Res folded before Flop (didn't bet)
Seat 3: Lorpugo folded before Flop (didn't bet)
Seat 4: BS-BUL (button) showed [2c Qc] and won ($0.05) with high card King
Seat 6: Aronovics (small blind) folded before Flop



PokerStars Hand #240776207593:  Hold'em No Limit ($0.01/$0.02 USD) - 2022/12/29 12:13:45 ET
Table 'Glauke II' 6-max Seat #6 is the button
Seat 1: Marola93 ($3.03 in chips) 
Seat 2: Vermyt_Res ($3.98 in chips) 
Seat 3: Lorpugo ($2.62 in chips) 
Seat 4: BS-BUL ($0.49 in chips) 
Seat 6: Aronovics ($1.95 in chips) 
Marola93: posts small blind $0.01
Vermyt_Res: posts big blind $0.02
*** HOLE CARDS ***
Dealt to Lorpugo [2c 7d]
Lorpugo: folds 
BS-BUL: calls $0.02
Aronovics: raises $0.10 to $0.12
Marola93: folds 
Vermyt_Res: folds 
BS-BUL: folds 
Uncalled bet ($0.10) returned to Aronovics
Aronovics collected $0.07 from pot
Aronovics: doesn't show hand 
*** SUMMARY ***
Total pot $0.07 | Rake $0 
Seat 1: Marola93 (small blind) folded before Flop
Seat 2: Vermyt_Res (big blind) folded before Flop
Seat 3: Lorpugo folded before Flop (didn't bet)
Seat 4: BS-BUL folded before Flop
Seat 6: Aronovics (button) collected ($0.07)



PokerStars Hand #240776214051:  Hold'em No Limit ($0.01/$0.02 USD) - 2022/12/29 12:14:04 ET
Table 'Glauke II' 6-max Seat #1 is the button
Seat 1: Marola93 ($3.02 in chips) 
Seat 2: Vermyt_Res ($3.96 in chips) 
Seat 3: Lorpugo ($2.62 in chips) 
Seat 4: BS-BUL ($0.47 in chips) 
Seat 6: Aronovics ($2 in chips) 
Vermyt_Res: posts small blind $0.01
Lorpugo: posts big blind $0.02
*** HOLE CARDS ***
Dealt to Lorpugo [3c Tc]
BS-BUL: folds 
Aronovics: folds 
Marola93: folds 
Vermyt_Res: folds 
Uncalled bet ($0.01) returned to Lorpugo
Lorpugo collected $0.02 from pot
Lorpugo: doesn't show hand 
*** SUMMARY ***
Total pot $0.02 | Rake $0 
Seat 1: Marola93 (button) folded before Flop (didn't bet)
Seat 2: Vermyt_Res (small blind) folded before Flop
Seat 3: Lorpugo (big blind) collected ($0.02)
Seat 4: BS-BUL folded before Flop (didn't bet)
Seat 6: Aronovics folded before Flop (didn't bet)



PokerStars Hand #240776217628:  Hold'em No Limit ($0.01/$0.02 USD) - 2022/12/29 12:14:14 ET
Table 'Glauke II' 6-max Seat #2 is the button
Seat 1: Marola93 ($3.02 in chips) 
Seat 2: Vermyt_Res ($3.95 in chips) 
Seat 3: Lorpugo ($2.63 in chips) 
Seat 4: BS-BUL ($0.47 in chips) 
Seat 6: Aronovics ($2 in chips) 
Lorpugo: posts small blind $0.01
BS-BUL: posts big blind $0.02
*** HOLE CARDS ***
Dealt to Lorpugo [7h Ah]
Aronovics: folds 
Marola93: folds 
Vermyt_Res: raises $0.04 to $0.06
Lorpugo: calls $0.05
BS-BUL: folds 
*** FLOP *** [Qh 6d Ts]
Lorpugo: checks 
Vermyt_Res: checks 
*** TURN *** [Qh 6d Ts] [Qd]
Lorpugo: checks 
Vermyt_Res: checks 
*** RIVER *** [Qh 6d Ts Qd] [6s]
Lorpugo: checks 
Vermyt_Res: bets $0.07
Lorpugo: calls $0.07
*** SHOW DOWN ***
Vermyt_Res: shows [Ad 8s] (two pair, Queens and Sixes)
Lorpugo: shows [7h Ah] (two pair, Queens and Sixes)
Lorpugo collected $0.14 from pot
Vermyt_Res collected $0.13 from pot
*** SUMMARY ***
Total pot $0.28 | Rake $0.01 
Board [Qh 6d Ts Qd 6s]
Seat 1: Marola93 folded before Flop (didn't bet)
Seat 2: Vermyt_Res (button) showed [Ad 8s] and won ($0.13) with two pair, Queens and Sixes
Seat 3: Lorpugo (small blind) showed [7h Ah] and won ($0.14) with two pair, Queens and Sixes
Seat 4: BS-BUL (big blind) folded before Flop
Seat 6: Aronovics folded before Flop (didn't bet)



PokerStars Hand #240776228160:  Hold'em No Limit ($0.01/$0.02 USD) - 2022/12/29 12:14:45 ET
Table 'Glauke II' 6-max Seat #3 is the button
Seat 1: Marola93 ($3.02 in chips) 
Seat 2: Vermyt_Res ($3.95 in chips) 
Seat 3: Lorpugo ($2.64 in chips) 
Seat 4: BS-BUL ($0.45 in chips) 
Seat 5: juanrod39 ($2.49 in chips) 
Seat 6: Aronovics ($2 in chips) 
BS-BUL: posts small blind $0.01
juanrod39: posts big blind $0.02
*** HOLE CARDS ***
Dealt to Lorpugo [7c Ac]
Aronovics: folds 
Marola93: folds 
Vermyt_Res: folds 
Lorpugo: raises $0.04 to $0.06
BS-BUL: folds 
juanrod39: calls $0.04
*** FLOP *** [Jd 9h 3s]
juanrod39: checks 
Lorpugo: checks 
*** TURN *** [Jd 9h 3s] [Tc]
juanrod39: checks 
Lorpugo: checks 
*** RIVER *** [Jd 9h 3s Tc] [Jc]
juanrod39: checks 
Lorpugo: bets $0.02
juanrod39: calls $0.02
*** SHOW DOWN ***
Lorpugo: shows [7c Ac] (a pair of Jacks)
juanrod39: shows [8h Th] (two pair, Jacks and Tens)
juanrod39 collected $0.16 from pot
*** SUMMARY ***
Total pot $0.17 | Rake $0.01 
Board [Jd 9h 3s Tc Jc]
Seat 1: Marola93 folded before Flop (didn't bet)
Seat 2: Vermyt_Res folded before Flop (didn't bet)
Seat 3: Lorpugo (button) showed [7c Ac] and lost with a pair of Jacks
Seat 4: BS-BUL (small blind) folded before Flop
Seat 5: juanrod39 (big blind) showed [8h Th] and won ($0.16) with two pair, Jacks and Tens
Seat 6: Aronovics folded before Flop (didn't bet)



PokerStars Hand #240776241145:  Hold'em No Limit ($0.01/$0.02 USD) - 2022/12/29 12:15:24 ET
Table 'Glauke II' 6-max Seat #4 is the button
Seat 1: Marola93 ($3.02 in chips) 
Seat 2: Vermyt_Res ($3.95 in chips) 
Seat 3: Lorpugo ($2.56 in chips) 
Seat 4: BS-BUL ($0.44 in chips) 
Seat 5: juanrod39 ($2.57 in chips) 
Seat 6: Aronovics ($2 in chips) 
juanrod39: posts small blind $0.01
Aronovics: posts big blind $0.02
*** HOLE CARDS ***
Dealt to Lorpugo [5d Jc]
Marola93: folds 
Vermyt_Res: folds 
Lorpugo: folds 
BS-BUL: folds 
juanrod39: raises $0.03 to $0.05
Aronovics: raises $0.11 to $0.16
juanrod39: calls $0.11
*** FLOP *** [Ks 8s Ad]
juanrod39: checks 
Aronovics: bets $0.12
juanrod39: raises $0.41 to $0.53
Aronovics: folds 
Uncalled bet ($0.41) returned to juanrod39
juanrod39 collected $0.54 from pot
*** SUMMARY ***
Total pot $0.56 | Rake $0.02 
Board [Ks 8s Ad]
Seat 1: Marola93 folded before Flop (didn't bet)
Seat 2: Vermyt_Res folded before Flop (didn't bet)
Seat 3: Lorpugo folded before Flop (didn't bet)
Seat 4: BS-BUL (button) folded before Flop (didn't bet)
Seat 5: juanrod39 (small blind) collected ($0.54)
Seat 6: Aronovics (big blind) folded on the Flop



PokerStars Hand #240776256252:  Hold'em No Limit ($0.01/$0.02 USD) - 2022/12/29 12:16:08 ET
Table 'Glauke II' 6-max Seat #5 is the button
Seat 1: Marola93 ($3.02 in chips) 
Seat 2: Vermyt_Res ($3.95 in chips) 
Seat 3: Lorpugo ($2.56 in chips) 
Seat 4: BS-BUL ($0.44 in chips) 
Seat 5: juanrod39 ($2.83 in chips) 
Seat 6: Aronovics ($1.72 in chips) 
Aronovics: posts small blind $0.01
Marola93: posts big blind $0.02
*** HOLE CARDS ***
Dealt to Lorpugo [Qs 4h]
Vermyt_Res: raises $0.04 to $0.06
Lorpugo: folds 
BS-BUL: folds 
juanrod39: folds 
Aronovics: folds 
Marola93: folds 
Uncalled bet ($0.04) returned to Vermyt_Res
Vermyt_Res collected $0.05 from pot
Vermyt_Res: doesn't show hand 
*** SUMMARY ***
Total pot $0.05 | Rake $0 
Seat 1: Marola93 (big blind) folded before Flop
Seat 2: Vermyt_Res collected ($0.05)
Seat 3: Lorpugo folded before Flop (didn't bet)
Seat 4: BS-BUL folded before Flop (didn't bet)
Seat 5: juanrod39 (button) folded before Flop (didn't bet)
Seat 6: Aronovics (small blind) folded before Flop



PokerStars Hand #240776261121:  Hold'em No Limit ($0.01/$0.02 USD) - 2022/12/29 12:16:22 ET
Table 'Glauke II' 6-max Seat #6 is the button
Seat 1: Marola93 ($3 in chips) 
Seat 2: Vermyt_Res ($3.98 in chips) 
Seat 3: Lorpugo ($2.56 in chips) 
Seat 4: BS-BUL ($0.44 in chips) 
Seat 5: juanrod39 ($2.83 in chips) 
Seat 6: Aronovics ($1.99 in chips) 
Marola93: posts small blind $0.01
Vermyt_Res: posts big blind $0.02
*** HOLE CARDS ***
Dealt to Lorpugo [8s 9h]
Lorpugo: folds 
BS-BUL: folds 
juanrod39 has timed out
juanrod39: folds 
Aronovics: folds 
Marola93: folds 
Uncalled bet ($0.01) returned to Vermyt_Res
Vermyt_Res collected $0.02 from pot
Vermyt_Res: doesn't show hand 
*** SUMMARY ***
Total pot $0.02 | Rake $0 
Seat 1: Marola93 (small blind) folded before Flop
Seat 2: Vermyt_Res (big blind) collected ($0.02)
Seat 3: Lorpugo folded before Flop (didn't bet)
Seat 4: BS-BUL folded before Flop (didn't bet)
Seat 5: juanrod39 folded before Flop (didn't bet)
Seat 6: Aronovics (button) folded before Flop (didn't bet)



PokerStars Hand #240776267594:  Hold'em No Limit ($0.01/$0.02 USD) - 2022/12/29 12:16:41 ET
Table 'Glauke II' 6-max Seat #1 is the button
Seat 1: Marola93 ($2.99 in chips) 
Seat 2: Vermyt_Res ($3.99 in chips) 
Seat 3: Lorpugo ($2.56 in chips) 
Seat 4: BS-BUL ($0.44 in chips) 
Seat 6: Aronovics ($1.99 in chips) 
Vermyt_Res: posts small blind $0.01
Lorpugo: posts big blind $0.02
*** HOLE CARDS ***
Dealt to Lorpugo [7s 7d]
BS-BUL: folds 
Aronovics: folds 
Marola93: folds 
Vermyt_Res: raises $0.04 to $0.06
Lorpugo: calls $0.04
*** FLOP *** [Qh 8c 7h]
Vermyt_Res: checks 
Lorpugo: bets $0.04
Vermyt_Res: calls $0.04
*** TURN *** [Qh 8c 7h] [Ks]
Vermyt_Res: checks 
Lorpugo: bets $0.10
Vermyt_Res: folds 
Uncalled bet ($0.10) returned to Lorpugo
Lorpugo collected $0.19 from pot
Lorpugo: doesn't show hand 
*** SUMMARY ***
Total pot $0.20 | Rake $0.01 
Board [Qh 8c 7h Ks]
Seat 1: Marola93 (button) folded before Flop (didn't bet)
Seat 2: Vermyt_Res (small blind) folded on the Turn
Seat 3: Lorpugo (big blind) collected ($0.19)
Seat 4: BS-BUL folded before Flop (didn't bet)
Seat 6: Aronovics folded before Flop (didn't bet)



PokerStars Hand #240776279953:  Hold'em No Limit ($0.01/$0.02 USD) - 2022/12/29 12:17:17 ET
Table 'Glauke II' 6-max Seat #2 is the button
Seat 1: Marola93 ($2.99 in chips) 
Seat 2: Vermyt_Res ($3.89 in chips) 
Seat 3: Lorpugo ($2.65 in chips) 
Seat 4: BS-BUL ($0.44 in chips) 
Seat 6: Aronovics ($1.99 in chips) 
Lorpugo: posts small blind $0.01
BS-BUL: posts big blind $0.02
*** HOLE CARDS ***
Dealt to Lorpugo [Ac Jd]
Aronovics: folds 
Marola93: folds 
Vermyt_Res: folds 
Lorpugo: raises $0.04 to $0.06
BS-BUL: raises $0.38 to $0.44 and is all-in
Lorpugo: calls $0.38
*** FLOP *** [8h 6c 7h]
*** TURN *** [8h 6c 7h] [7s]
*** RIVER *** [8h 6c 7h 7s] [7d]
*** SHOW DOWN ***
Lorpugo: shows [Ac Jd] (three of a kind, Sevens)
BS-BUL: shows [Ah Jc] (three of a kind, Sevens)
Lorpugo collected $0.43 from pot
BS-BUL collected $0.42 from pot
*** SUMMARY ***
Total pot $0.88 | Rake $0.03 
Board [8h 6c 7h 7s 7d]
Seat 1: Marola93 folded before Flop (didn't bet)
Seat 2: Vermyt_Res (button) folded before Flop (didn't bet)
Seat 3: Lorpugo (small blind) showed [Ac Jd] and won ($0.43) with three of a kind, Sevens
Seat 4: BS-BUL (big blind) showed [Ah Jc] and won ($0.42) with three of a kind, Sevens
Seat 6: Aronovics folded before Flop (didn't bet)



PokerStars Hand #240776290231:  Hold'em No Limit ($0.01/$0.02 USD) - 2022/12/29 12:17:47 ET
Table 'Glauke II' 6-max Seat #3 is the button
Seat 1: Marola93 ($2.99 in chips) 
Seat 2: Vermyt_Res ($3.89 in chips) 
Seat 3: Lorpugo ($2.64 in chips) 
Seat 4: BS-BUL ($0.42 in chips) 
Seat 5: juanrod39 ($2.83 in chips) 
Seat 6: Aronovics ($1.99 in chips) 
BS-BUL: posts small blind $0.01
juanrod39: posts big blind $0.02
*** HOLE CARDS ***
Dealt to Lorpugo [9d Jc]
Aronovics: folds 
Marola93: raises $0.04 to $0.06
Vermyt_Res: folds 
Lorpugo: folds 
BS-BUL: folds 
juanrod39: calls $0.04
*** FLOP *** [5c 2c 3c]
juanrod39: checks 
Marola93: checks 
*** TURN *** [5c 2c 3c] [Ac]
juanrod39: bets $0.04
Marola93: calls $0.04
*** RIVER *** [5c 2c 3c Ac] [4s]
juanrod39: bets $0.05
Marola93: calls $0.05
*** SHOW DOWN ***
juanrod39: shows [Qc Tc] (a flush, Ace high)
Marola93: mucks hand 
juanrod39 collected $0.30 from pot
*** SUMMARY ***
Total pot $0.31 | Rake $0.01 
Board [5c 2c 3c Ac 4s]
Seat 1: Marola93 mucked [Ad 3d]
Seat 2: Vermyt_Res folded before Flop (didn't bet)
Seat 3: Lorpugo (button) folded before Flop (didn't bet)
Seat 4: BS-BUL (small blind) folded before Flop
Seat 5: juanrod39 (big blind) showed [Qc Tc] and won ($0.30) with a flush, Ace high
Seat 6: Aronovics folded before Flop (didn't bet)



PokerStars Hand #240776304576:  Hold'em No Limit ($0.01/$0.02 USD) - 2022/12/29 12:18:29 ET
Table 'Glauke II' 6-max Seat #4 is the button
Seat 1: Marola93 ($2.84 in chips) 
Seat 2: Vermyt_Res ($3.89 in chips) 
Seat 3: Lorpugo ($2.64 in chips) 
Seat 4: BS-BUL ($0.41 in chips) 
Seat 5: juanrod39 ($2.98 in chips) 
Seat 6: Aronovics ($1.99 in chips) 
juanrod39: posts small blind $0.01
Aronovics: posts big blind $0.02
*** HOLE CARDS ***
Dealt to Lorpugo [9c Ts]
Marola93: raises $0.04 to $0.06
Vermyt_Res: folds 
Lorpugo: folds 
BS-BUL: calls $0.06
juanrod39: folds 
Aronovics: folds 
*** FLOP *** [Qh 6h Jd]
Marola93: checks 
BS-BUL: checks 
*** TURN *** [Qh 6h Jd] [Ac]
Marola93: bets $0.07
BS-BUL: raises $0.28 to $0.35 and is all-in
Marola93: folds 
Uncalled bet ($0.28) returned to BS-BUL
BS-BUL collected $0.28 from pot
BS-BUL: doesn't show hand 
*** SUMMARY ***
Total pot $0.29 | Rake $0.01 
Board [Qh 6h Jd Ac]
Seat 1: Marola93 folded on the Turn
Seat 2: Vermyt_Res folded before Flop (didn't bet)
Seat 3: Lorpugo folded before Flop (didn't bet)
Seat 4: BS-BUL (button) collected ($0.28)
Seat 5: juanrod39 (small blind) folded before Flop
Seat 6: Aronovics (big blind) folded before Flop



PokerStars Hand #240776313860:  Hold'em No Limit ($0.01/$0.02 USD) - 2022/12/29 12:18:56 ET
Table 'Glauke II' 6-max Seat #5 is the button
Seat 1: Marola93 ($2.71 in chips) 
Seat 2: Vermyt_Res ($3.89 in chips) 
Seat 3: Lorpugo ($2.64 in chips) 
Seat 4: BS-BUL ($0.56 in chips) 
Seat 5: juanrod39 ($2.97 in chips) 
Seat 6: Aronovics ($1.97 in chips) 
Aronovics: posts small blind $0.01
Marola93: posts big blind $0.02
*** HOLE CARDS ***
Dealt to Lorpugo [4d 2d]
Vermyt_Res: folds 
Lorpugo: folds 
BS-BUL: folds 
juanrod39: folds 
Aronovics: raises $0.04 to $0.06
Marola93: calls $0.04
*** FLOP *** [2s 5h 3s]
Vermyt_Res leaves the table
Aronovics: bets $0.08
juanrod39 leaves the table
Marola93: folds 
Uncalled bet ($0.08) returned to Aronovics
Aronovics collected $0.12 from pot
Aronovics: doesn't show hand 
*** SUMMARY ***
Total pot $0.12 | Rake $0 
Board [2s 5h 3s]
Seat 1: Marola93 (big blind) folded on the Flop
Seat 2: Vermyt_Res folded before Flop (didn't bet)
Seat 3: Lorpugo folded before Flop (didn't bet)
Seat 4: BS-BUL folded before Flop (didn't bet)
Seat 5: juanrod39 (button) folded before Flop (didn't bet)
Seat 6: Aronovics (small blind) collected ($0.12)



PokerStars Hand #240776321687:  Hold'em No Limit ($0.01/$0.02 USD) - 2022/12/29 12:19:18 ET
Table 'Glauke II' 6-max Seat #6 is the button
Seat 1: Marola93 ($2.65 in chips) 
Seat 3: Lorpugo ($2.64 in chips) 
Seat 4: BS-BUL ($0.56 in chips) 
Seat 6: Aronovics ($2.03 in chips) 
Marola93: posts small blind $0.01
Lorpugo: posts big blind $0.02
*** HOLE CARDS ***
Dealt to Lorpugo [Kd 9c]
BS-BUL: folds 
Aronovics: folds 
twelvehaha joins the table at seat #2 
Marola93: folds 
Uncalled bet ($0.01) returned to Lorpugo
Lorpugo collected $0.02 from pot
Lorpugo: doesn't show hand 
*** SUMMARY ***
Total pot $0.02 | Rake $0 
Seat 1: Marola93 (small blind) folded before Flop
Seat 3: Lorpugo (big blind) collected ($0.02)
Seat 4: BS-BUL folded before Flop (didn't bet)
Seat 6: Aronovics (button) folded before Flop (didn't bet)



PokerStars Hand #240776326433:  Hold'em No Limit ($0.01/$0.02 USD) - 2022/12/29 12:19:32 ET
Table 'Glauke II' 6-max Seat #1 is the button
Seat 1: Marola93 ($2.64 in chips) 
Seat 3: Lorpugo ($2.65 in chips) 
Seat 4: BS-BUL ($0.56 in chips) 
Seat 6: Aronovics ($2.03 in chips) 
bcsnyolc joins the table at seat #5 
Lorpugo: posts small blind $0.01
BS-BUL: posts big blind $0.02
*** HOLE CARDS ***
Dealt to Lorpugo [4d Qc]
Aronovics: raises $0.04 to $0.06
Marola93: folds 
Lorpugo: folds 
BS-BUL: folds 
Uncalled bet ($0.04) returned to Aronovics
Aronovics collected $0.05 from pot
Aronovics: doesn't show hand 
*** SUMMARY ***
Total pot $0.05 | Rake $0 
Seat 1: Marola93 (button) folded before Flop (didn't bet)
Seat 3: Lorpugo (small blind) folded before Flop
Seat 4: BS-BUL (big blind) folded before Flop
Seat 6: Aronovics collected ($0.05)



PokerStars Hand #240776329333:  Hold'em No Limit ($0.01/$0.02 USD) - 2022/12/29 12:19:41 ET
Table 'Glauke II' 6-max Seat #3 is the button
Seat 1: Marola93 ($2.64 in chips) 
Seat 3: Lorpugo ($2.64 in chips) 
Seat 4: BS-BUL ($0.54 in chips) 
Seat 5: bcsnyolc ($1 in chips) 
Seat 6: Aronovics ($2.06 in chips) 
BS-BUL: posts small blind $0.01
bcsnyolc: posts big blind $0.02
*** HOLE CARDS ***
Dealt to Lorpugo [Kh 5h]
Aronovics: folds 
Marola93: folds 
Lorpugo: raises $0.04 to $0.06
BS-BUL: folds 
bcsnyolc: calls $0.04
*** FLOP *** [4c 7d Th]
bcsnyolc: bets $0.02
Lorpugo: calls $0.02
*** TURN *** [4c 7d Th] [Qd]
bcsnyolc: bets $0.02
Lorpugo: folds 
Uncalled bet ($0.02) returned to bcsnyolc
bcsnyolc collected $0.16 from pot
bcsnyolc: doesn't show hand 
*** SUMMARY ***
Total pot $0.17 | Rake $0.01 
Board [4c 7d Th Qd]
Seat 1: Marola93 folded before Flop (didn't bet)
Seat 3: Lorpugo (button) folded on the Turn
Seat 4: BS-BUL (small blind) folded before Flop
Seat 5: bcsnyolc (big blind) collected ($0.16)
Seat 6: Aronovics folded before Flop (didn't bet)



PokerStars Hand #240776337907:  Hold'em No Limit ($0.01/$0.02 USD) - 2022/12/29 12:20:06 ET
Table 'Glauke II' 6-max Seat #4 is the button
Seat 1: Marola93 ($2.64 in chips) 
Seat 2: twelvehaha ($0.80 in chips) 
Seat 3: Lorpugo ($2.56 in chips) 
Seat 4: BS-BUL ($0.53 in chips) 
Seat 5: bcsnyolc ($1.08 in chips) 
Seat 6: Aronovics ($2.06 in chips) 
bcsnyolc: posts small blind $0.01
Aronovics: posts big blind $0.02
twelvehaha: posts big blind $0.02
*** HOLE CARDS ***
Dealt to Lorpugo [8c Kh]
Marola93: folds 
twelvehaha: checks 
Lorpugo: folds 
BS-BUL: folds 
bcsnyolc: calls $0.01
Aronovics: checks 
*** FLOP *** [4h 2d 4c]
bcsnyolc: checks 
Aronovics: bets $0.04
twelvehaha: calls $0.04
bcsnyolc: raises $0.04 to $0.08
Aronovics: folds 
twelvehaha: calls $0.04
*** TURN *** [4h 2d 4c] [Ac]
bcsnyolc: bets $0.04
twelvehaha: raises $0.04 to $0.08
bcsnyolc: raises $0.04 to $0.12
twelvehaha: calls $0.04
*** RIVER *** [4h 2d 4c Ac] [As]
bcsnyolc: bets $0.86 and is all-in
twelvehaha: folds 
Uncalled bet ($0.86) returned to bcsnyolc
bcsnyolc collected $0.48 from pot
bcsnyolc: doesn't show hand 
*** SUMMARY ***
Total pot $0.50 | Rake $0.02 
Board [4h 2d 4c Ac As]
Seat 1: Marola93 folded before Flop (didn't bet)
Seat 2: twelvehaha folded on the River
Seat 3: Lorpugo folded before Flop (didn't bet)
Seat 4: BS-BUL (button) folded before Flop (didn't bet)
Seat 5: bcsnyolc (small blind) collected ($0.48)
Seat 6: Aronovics (big blind) folded on the Flop



PokerStars Hand #240776358001:  Hold'em No Limit ($0.01/$0.02 USD) - 2022/12/29 12:21:05 ET
Table 'Glauke II' 6-max Seat #5 is the button
Seat 1: Marola93 ($2.64 in chips) 
Seat 2: twelvehaha ($0.58 in chips) 
Seat 3: Lorpugo ($2.56 in chips) 
Seat 4: BS-BUL ($0.53 in chips) 
Seat 5: bcsnyolc ($1.34 in chips) 
Seat 6: Aronovics ($2 in chips) 
Aronovics: posts small blind $0.01
Marola93: posts big blind $0.02
*** HOLE CARDS ***
Dealt to Lorpugo [9c 9d]
twelvehaha: calls $0.02
Lorpugo: raises $0.07 to $0.09
BS-BUL: folds 
bcsnyolc: folds 
Aronovics: folds 
Marola93: folds 
twelvehaha: folds 
Uncalled bet ($0.07) returned to Lorpugo
Lorpugo collected $0.07 from pot
Lorpugo: doesn't show hand 
*** SUMMARY ***
Total pot $0.07 | Rake $0 
Seat 1: Marola93 (big blind) folded before Flop
Seat 2: twelvehaha folded before Flop
Seat 3: Lorpugo collected ($0.07)
Seat 4: BS-BUL folded before Flop (didn't bet)
Seat 5: bcsnyolc (button) folded before Flop (didn't bet)
Seat 6: Aronovics (small blind) folded before Flop



PokerStars Hand #240776363814:  Hold'em No Limit ($0.01/$0.02 USD) - 2022/12/29 12:21:22 ET
Table 'Glauke II' 6-max Seat #6 is the button
Seat 1: Marola93 ($2.62 in chips) 
Seat 2: twelvehaha ($0.56 in chips) 
Seat 3: Lorpugo ($2.61 in chips) 
Seat 4: BS-BUL ($0.53 in chips) 
Seat 5: bcsnyolc ($1.34 in chips) 
Seat 6: Aronovics ($1.99 in chips) 
Marola93: posts small blind $0.01
twelvehaha: posts big blind $0.02
*** HOLE CARDS ***
Dealt to Lorpugo [Js 8h]
Lorpugo: folds 
BS-BUL: raises $0.02 to $0.04
bcsnyolc: folds 
Aronovics: folds 
Marola93: folds 
twelvehaha: calls $0.02
*** FLOP *** [2h 9h 6h]
twelvehaha: checks 
BS-BUL: bets $0.02
twelvehaha: calls $0.02
*** TURN *** [2h 9h 6h] [Ts]
twelvehaha: bets $0.16
BS-BUL: raises $0.31 to $0.47 and is all-in
twelvehaha: calls $0.31
*** RIVER *** [2h 9h 6h Ts] [5s]
*** SHOW DOWN ***
twelvehaha: shows [Ks Th] (a pair of Tens)
BS-BUL: shows [As Ah] (a pair of Aces)
BS-BUL collected $1.03 from pot
*** SUMMARY ***
Total pot $1.07 | Rake $0.04 
Board [2h 9h 6h Ts 5s]
Seat 1: Marola93 (small blind) folded before Flop
Seat 2: twelvehaha (big blind) showed [Ks Th] and lost with a pair of Tens
Seat 3: Lorpugo folded before Flop (didn't bet)
Seat 4: BS-BUL showed [As Ah] and won ($1.03) with a pair of Aces
Seat 5: bcsnyolc folded before Flop (didn't bet)
Seat 6: Aronovics (button) folded before Flop (didn't bet)



PokerStars Hand #240776378494:  Hold'em No Limit ($0.01/$0.02 USD) - 2022/12/29 12:22:05 ET
Table 'Glauke II' 6-max Seat #1 is the button
Seat 1: Marola93 ($2.61 in chips) 
Seat 2: twelvehaha ($0.03 in chips) 
Seat 3: Lorpugo ($2.61 in chips) 
Seat 4: BS-BUL ($1.03 in chips) 
Seat 5: bcsnyolc ($1.34 in chips) 
Seat 6: Aronovics ($1.99 in chips) 
twelvehaha: posts small blind $0.01
Lorpugo: posts big blind $0.02
*** HOLE CARDS ***
Dealt to Lorpugo [As 9s]
BS-BUL: calls $0.02
bcsnyolc: calls $0.02
Aronovics: raises $0.10 to $0.12
Marola93: folds 
twelvehaha: folds 
Lorpugo: calls $0.10
BS-BUL: calls $0.10
bcsnyolc: calls $0.10
*** FLOP *** [Qs 9c 5s]
Lorpugo: checks 
BS-BUL: checks 
bcsnyolc: checks 
Aronovics: checks 
*** TURN *** [Qs 9c 5s] [Th]
Lorpugo: checks 
BS-BUL: checks 
bcsnyolc: bets $0.02
Aronovics: calls $0.02
Lorpugo: raises $0.17 to $0.19
BS-BUL: folds 
bcsnyolc: calls $0.17
Aronovics: calls $0.17
*** RIVER *** [Qs 9c 5s Th] [7d]
Lorpugo: checks 
bcsnyolc: bets $0.02
Aronovics: calls $0.02
Lorpugo: calls $0.02
*** SHOW DOWN ***
bcsnyolc: shows [Td Ah] (a pair of Tens)
Aronovics: mucks hand 
Lorpugo: mucks hand 
bcsnyolc collected $1.08 from pot
*** SUMMARY ***
Total pot $1.12 | Rake $0.04 
Board [Qs 9c 5s Th 7d]
Seat 1: Marola93 (button) folded before Flop (didn't bet)
Seat 2: twelvehaha (small blind) folded before Flop
Seat 3: Lorpugo (big blind) mucked [As 9s]
Seat 4: BS-BUL folded on the Turn
Seat 5: bcsnyolc showed [Td Ah] and won ($1.08) with a pair of Tens
Seat 6: Aronovics mucked [Ad Js]



PokerStars Hand #240776411288:  Hold'em No Limit ($0.01/$0.02 USD) - 2022/12/29 12:23:39 ET
Table 'Glauke II' 6-max Seat #2 is the button
Seat 1: Marola93 ($2.61 in chips) 
Seat 2: twelvehaha ($0.92 in chips) 
Seat 3: Lorpugo ($2.28 in chips) 
Seat 4: BS-BUL ($0.91 in chips) 
Seat 5: bcsnyolc ($2.09 in chips) 
Seat 6: Aronovics ($1.66 in chips) 
Lorpugo: posts small blind $0.01
BS-BUL: posts big blind $0.02
*** HOLE CARDS ***
Dealt to Lorpugo [3h 8s]
bcsnyolc: folds 
bcsnyolc leaves the table
Aronovics: folds 
Marola93: folds 
twelvehaha: folds 
Lorpugo: raises $0.04 to $0.06
MPut8 joins the table at seat #5 
BS-BUL: folds 
Uncalled bet ($0.04) returned to Lorpugo
Lorpugo collected $0.04 from pot
Lorpugo: doesn't show hand 
*** SUMMARY ***
Total pot $0.04 | Rake $0 
Seat 1: Marola93 folded before Flop (didn't bet)
Seat 2: twelvehaha (button) folded before Flop (didn't bet)
Seat 3: Lorpugo (small blind) collected ($0.04)
Seat 4: BS-BUL (big blind) folded before Flop
Seat 5: bcsnyolc folded before Flop (didn't bet)
Seat 6: Aronovics folded before Flop (didn't bet)



PokerStars Hand #240776420395:  Hold'em No Limit ($0.01/$0.02 USD) - 2022/12/29 12:24:06 ET
Table 'Glauke II' 6-max Seat #3 is the button
Seat 1: Marola93 ($2.61 in chips) 
Seat 2: twelvehaha ($0.92 in chips) 
Seat 3: Lorpugo ($2.30 in chips) 
Seat 4: BS-BUL ($0.89 in chips) 
Seat 5: MPut8 ($2 in chips) 
Seat 6: Aronovics ($1.66 in chips) 
BS-BUL: posts small blind $0.01
MPut8: posts big blind $0.02
*** HOLE CARDS ***
Dealt to Lorpugo [5h 8c]
Aronovics: folds 
Marola93: folds 
twelvehaha: folds 
Lorpugo: raises $0.04 to $0.06
BS-BUL: folds 
MPut8: raises $0.13 to $0.19
Lorpugo: folds 
Uncalled bet ($0.13) returned to MPut8
MPut8 collected $0.13 from pot
*** SUMMARY ***
Total pot $0.13 | Rake $0 
Seat 1: Marola93 folded before Flop (didn't bet)
Seat 2: twelvehaha folded before Flop (didn't bet)
Seat 3: Lorpugo (button) folded before Flop
Seat 4: BS-BUL (small blind) folded before Flop
Seat 5: MPut8 (big blind) collected ($0.13)
Seat 6: Aronovics folded before Flop (didn't bet)



PokerStars Hand #240776427611:  Hold'em No Limit ($0.01/$0.02 USD) - 2022/12/29 12:24:26 ET
Table 'Glauke II' 6-max Seat #4 is the button
Seat 1: Marola93 ($2.61 in chips) 
Seat 2: twelvehaha ($0.92 in chips) 
Seat 3: Lorpugo ($2.24 in chips) 
Seat 4: BS-BUL ($0.88 in chips) 
Seat 5: MPut8 ($2.07 in chips) 
Seat 6: Aronovics ($1.66 in chips) 
MPut8: posts small blind $0.01
Aronovics: posts big blind $0.02
*** HOLE CARDS ***
Dealt to Lorpugo [3c 6d]
Marola93: raises $0.04 to $0.06
twelvehaha: calls $0.06
Lorpugo: folds 
BS-BUL: calls $0.06
MPut8: folds 
Aronovics: folds 
*** FLOP *** [Jc 8h Ad]
Marola93: checks 
twelvehaha: bets $0.16
BS-BUL: folds 
Marola93: folds 
Uncalled bet ($0.16) returned to twelvehaha
twelvehaha collected $0.20 from pot
twelvehaha: doesn't show hand 
*** SUMMARY ***
Total pot $0.21 | Rake $0.01 
Board [Jc 8h Ad]
Seat 1: Marola93 folded on the Flop
Seat 2: twelvehaha collected ($0.20)
Seat 3: Lorpugo folded before Flop (didn't bet)
Seat 4: BS-BUL (button) folded on the Flop
Seat 5: MPut8 (small blind) folded before Flop
Seat 6: Aronovics (big blind) folded before Flop



PokerStars Hand #240776440032:  Hold'em No Limit ($0.01/$0.02 USD) - 2022/12/29 12:25:02 ET
Table 'Glauke II' 6-max Seat #5 is the button
Seat 1: Marola93 ($2.55 in chips) 
Seat 2: twelvehaha ($1.06 in chips) 
Seat 3: Lorpugo ($2.24 in chips) 
Seat 4: BS-BUL ($0.82 in chips) 
Seat 5: MPut8 ($2.06 in chips) 
Seat 6: Aronovics ($1.64 in chips) 
Aronovics: posts small blind $0.01
Marola93: posts big blind $0.02
*** HOLE CARDS ***
Dealt to Lorpugo [Qc 7s]
twelvehaha: calls $0.02
Lorpugo: folds 
BS-BUL: folds 
BS-BUL leaves the table
MPut8: folds 
Aronovics: folds 
araujodan1984 joins the table at seat #4 
Marola93: checks 
*** FLOP *** [Qs 3h Jc]
Marola93: checks 
twelvehaha: checks 
*** TURN *** [Qs 3h Jc] [6s]
Marola93: bets $0.05
twelvehaha: calls $0.05
*** RIVER *** [Qs 3h Jc 6s] [3c]
Marola93: bets $0.14
twelvehaha: calls $0.14
*** SHOW DOWN ***
Marola93: shows [Qh 3d] (a full house, Threes full of Queens)
twelvehaha: mucks hand 
Marola93 collected $0.41 from pot
*** SUMMARY ***
Total pot $0.43 | Rake $0.02 
Board [Qs 3h Jc 6s 3c]
Seat 1: Marola93 (big blind) showed [Qh 3d] and won ($0.41) with a full house, Threes full of Queens
Seat 2: twelvehaha mucked [As Ah]
Seat 3: Lorpugo folded before Flop (didn't bet)
Seat 4: BS-BUL folded before Flop (didn't bet)
Seat 5: MPut8 (button) folded before Flop (didn't bet)
Seat 6: Aronovics (small blind) folded before Flop



PokerStars Hand #240776457956:  Hold'em No Limit ($0.01/$0.02 USD) - 2022/12/29 12:25:52 ET
Table 'Glauke II' 6-max Seat #6 is the button
Seat 1: Marola93 ($2.75 in chips) 
Seat 2: twelvehaha ($0.85 in chips) 
Seat 3: Lorpugo ($2.24 in chips) 
Seat 4: araujodan1984 ($1.60 in chips) 
Seat 5: MPut8 ($2.06 in chips) 
Seat 6: Aronovics ($1.63 in chips) 
Marola93: posts small blind $0.01
twelvehaha: posts big blind $0.02
araujodan1984: posts big blind $0.02
*** HOLE CARDS ***
Dealt to Lorpugo [3d 7s]
Lorpugo: folds 
araujodan1984: checks 
MPut8: folds 
Aronovics: raises $0.10 to $0.12
Marola93: calls $0.11
twelvehaha: calls $0.10
araujodan1984: folds 
*** FLOP *** [5d 7c Kh]
Marola93: checks 
twelvehaha: bets $0.12
Aronovics: folds 
Marola93: calls $0.12
*** TURN *** [5d 7c Kh] [4s]
Marola93: checks 
twelvehaha: bets $0.10
Marola93: calls $0.10
*** RIVER *** [5d 7c Kh 4s] [8s]
Marola93: checks 
twelvehaha: checks 
*** SHOW DOWN ***
Marola93: shows [Jh Jd] (a pair of Jacks)
twelvehaha: mucks hand 
Marola93 collected $0.79 from pot
*** SUMMARY ***
Total pot $0.82 | Rake $0.03 
Board [5d 7c Kh 4s 8s]
Seat 1: Marola93 (small blind) showed [Jh Jd] and won ($0.79) with a pair of Jacks
Seat 2: twelvehaha (big blind) mucked [Js Qs]
Seat 3: Lorpugo folded before Flop (didn't bet)
Seat 4: araujodan1984 folded before Flop (didn't bet)
Seat 5: MPut8 folded before Flop (didn't bet)
Seat 6: Aronovics (button) folded on the Flop



PokerStars Hand #240776475116:  Hold'em No Limit ($0.01/$0.02 USD) - 2022/12/29 12:26:40 ET
Table 'Glauke II' 6-max Seat #1 is the button
Seat 1: Marola93 ($3.20 in chips) 
Seat 2: twelvehaha ($0.51 in chips) 
Seat 3: Lorpugo ($2.24 in chips) 
Seat 4: araujodan1984 ($1.58 in chips) 
Seat 5: MPut8 ($2.06 in chips) 
Seat 6: Aronovics ($1.51 in chips) 
twelvehaha: posts small blind $0.01
Lorpugo: posts big blind $0.02
*** HOLE CARDS ***
Dealt to Lorpugo [Jc As]
araujodan1984: calls $0.02
MPut8: calls $0.02
Aronovics: folds 
Marola93: folds 
twelvehaha: folds 
Lorpugo: raises $0.08 to $0.10
araujodan1984: calls $0.08
MPut8: calls $0.08
*** FLOP *** [2c 3s 4d]
Lorpugo: checks 
araujodan1984: bets $0.34
MPut8: raises $1.62 to $1.96 and is all-in
Lorpugo: folds 
araujodan1984: calls $1.14 and is all-in
Uncalled bet ($0.48) returned to MPut8
*** TURN *** [2c 3s 4d] [4c]
*** RIVER *** [2c 3s 4d 4c] [9h]
*** SHOW DOWN ***
araujodan1984: shows [Kc Kd] (two pair, Kings and Fours)
MPut8: shows [5h 7h] (a pair of Fours)
araujodan1984 collected $3.16 from pot
*** SUMMARY ***
Total pot $3.27 | Rake $0.11 
Board [2c 3s 4d 4c 9h]
Seat 1: Marola93 (button) folded before Flop (didn't bet)
Seat 2: twelvehaha (small blind) folded before Flop
Seat 3: Lorpugo (big blind) folded on the Flop
Seat 4: araujodan1984 showed [Kc Kd] and won ($3.16) with two pair, Kings and Fours
Seat 5: MPut8 showed [5h 7h] and lost with a pair of Fours
Seat 6: Aronovics folded before Flop (didn't bet)



PokerStars Hand #240776500389:  Hold'em No Limit ($0.01/$0.02 USD) - 2022/12/29 12:27:50 ET
Table 'Glauke II' 6-max Seat #2 is the button
Seat 1: Marola93 ($3.20 in chips) 
Seat 2: twelvehaha ($0.50 in chips) 
Seat 3: Lorpugo ($2.14 in chips) 
Seat 4: araujodan1984 ($3.16 in chips) 
Seat 5: MPut8 ($0.48 in chips) 
Seat 6: Aronovics ($1.51 in chips) 
Lorpugo: posts small blind $0.01
araujodan1984: posts big blind $0.02
*** HOLE CARDS ***
Dealt to Lorpugo [Qs Jc]
MPut8: folds 
Aronovics: raises $0.04 to $0.06
Marola93: folds 
twelvehaha: folds 
Lorpugo: calls $0.05
araujodan1984: folds 
*** FLOP *** [7s 7c Ks]
Lorpugo: checks 
Aronovics: checks 
*** TURN *** [7s 7c Ks] [5h]
Lorpugo: bets $0.08
Aronovics: raises $0.08 to $0.16
Lorpugo: folds 
Uncalled bet ($0.08) returned to Aronovics
Aronovics collected $0.29 from pot
Aronovics: doesn't show hand 
*** SUMMARY ***
Total pot $0.30 | Rake $0.01 
Board [7s 7c Ks 5h]
Seat 1: Marola93 folded before Flop (didn't bet)
Seat 2: twelvehaha (button) folded before Flop (didn't bet)
Seat 3: Lorpugo (small blind) folded on the Turn
Seat 4: araujodan1984 (big blind) folded before Flop
Seat 5: MPut8 folded before Flop (didn't bet)
Seat 6: Aronovics collected ($0.29)



PokerStars Hand #240776518364:  Hold'em No Limit ($0.01/$0.02 USD) - 2022/12/29 12:28:39 ET
Table 'Glauke II' 6-max Seat #3 is the button
Seat 1: Marola93 ($3.20 in chips) 
Seat 2: twelvehaha ($0.50 in chips) 
Seat 3: Lorpugo ($2 in chips) 
Seat 4: araujodan1984 ($3.14 in chips) 
Seat 5: MPut8 ($1.99 in chips) 
Seat 6: Aronovics ($1.66 in chips) 
araujodan1984: posts small blind $0.01
MPut8: posts big blind $0.02
*** HOLE CARDS ***
Dealt to Lorpugo [9c 8d]
Aronovics: folds 
Marola93: folds 
twelvehaha: folds 
Lorpugo: raises $0.04 to $0.06
araujodan1984: folds 
MPut8: folds 
Uncalled bet ($0.04) returned to Lorpugo
Lorpugo collected $0.05 from pot
*** SUMMARY ***
Total pot $0.05 | Rake $0 
Seat 1: Marola93 folded before Flop (didn't bet)
Seat 2: twelvehaha folded before Flop (didn't bet)
Seat 3: Lorpugo (button) collected ($0.05)
Seat 4: araujodan1984 (small blind) folded before Flop
Seat 5: MPut8 (big blind) folded before Flop
Seat 6: Aronovics folded before Flop (didn't bet)



PokerStars Hand #240776526232:  Hold'em No Limit ($0.01/$0.02 USD) - 2022/12/29 12:29:01 ET
Table 'Glauke II' 6-max Seat #4 is the button
Seat 1: Marola93 ($3.20 in chips) 
Seat 2: twelvehaha ($0.50 in chips) 
Seat 3: Lorpugo ($2.03 in chips) 
Seat 4: araujodan1984 ($3.13 in chips) 
Seat 5: MPut8 ($1.97 in chips) 
Seat 6: Aronovics ($2 in chips) 
MPut8: posts small blind $0.01
Aronovics: posts big blind $0.02
*** HOLE CARDS ***
Dealt to Lorpugo [Kd 5c]
Marola93: folds 
twelvehaha: folds 
Lorpugo: raises $0.04 to $0.06
araujodan1984: calls $0.06
MPut8: folds 
Aronovics: folds 
*** FLOP *** [Js 9d 4c]
Lorpugo: checks 
araujodan1984: checks 
*** TURN *** [Js 9d 4c] [7c]
Lorpugo: checks 
araujodan1984: bets $0.10
Lorpugo: folds 
Uncalled bet ($0.10) returned to araujodan1984
araujodan1984 collected $0.14 from pot
*** SUMMARY ***
Total pot $0.15 | Rake $0.01 
Board [Js 9d 4c 7c]
Seat 1: Marola93 folded before Flop (didn't bet)
Seat 2: twelvehaha folded before Flop (didn't bet)
Seat 3: Lorpugo folded on the Turn
Seat 4: araujodan1984 (button) collected ($0.14)
Seat 5: MPut8 (small blind) folded before Flop
Seat 6: Aronovics (big blind) folded before Flop



PokerStars Hand #240776545683:  Hold'em No Limit ($0.01/$0.02 USD) - 2022/12/29 12:29:55 ET
Table 'Glauke II' 6-max Seat #5 is the button
Seat 1: Marola93 ($3.20 in chips) 
Seat 2: twelvehaha ($0.50 in chips) 
Seat 3: Lorpugo ($1.97 in chips) 
Seat 4: araujodan1984 ($3.21 in chips) 
Seat 5: MPut8 ($1.96 in chips) 
Seat 6: Aronovics ($1.98 in chips) 
Aronovics: posts small blind $0.01
Marola93: posts big blind $0.02
*** HOLE CARDS ***
Dealt to Lorpugo [9d 8c]
twelvehaha: folds 
Lorpugo: raises $0.04 to $0.06
araujodan1984: calls $0.06
MPut8: calls $0.06
Aronovics: folds 
Marola93: folds 
*** FLOP *** [7s 2h Jd]
Lorpugo: bets $0.13
araujodan1984: folds 
MPut8: folds 
Uncalled bet ($0.13) returned to Lorpugo
Lorpugo collected $0.20 from pot
Lorpugo: doesn't show hand 
*** SUMMARY ***
Total pot $0.21 | Rake $0.01 
Board [7s 2h Jd]
Seat 1: Marola93 (big blind) folded before Flop
Seat 2: twelvehaha folded before Flop (didn't bet)
Seat 3: Lorpugo collected ($0.20)
Seat 4: araujodan1984 folded on the Flop
Seat 5: MPut8 (button) folded on the Flop
Seat 6: Aronovics (small blind) folded before Flop



PokerStars Hand #240776563840:  Hold'em No Limit ($0.01/$0.02 USD) - 2022/12/29 12:30:43 ET
Table 'Glauke II' 6-max Seat #6 is the button
Seat 1: Marola93 ($3.18 in chips) 
Seat 2: twelvehaha ($0.50 in chips) 
Seat 3: Lorpugo ($2.11 in chips) 
Seat 4: araujodan1984 ($3.15 in chips) 
Seat 5: MPut8 ($1.90 in chips) 
Seat 6: Aronovics ($1.97 in chips) 
Marola93: posts small blind $0.01
twelvehaha: posts big blind $0.02
*** HOLE CARDS ***
Dealt to Lorpugo [Js 8d]
Lorpugo: folds 
araujodan1984: calls $0.02
MPut8: folds 
Aronovics: folds 
Marola93: calls $0.01
twelvehaha: checks 
*** FLOP *** [As 6s Td]
Marola93: checks 
twelvehaha: checks 
araujodan1984: checks 
*** TURN *** [As 6s Td] [Th]
Marola93: checks 
twelvehaha: checks 
araujodan1984: bets $0.06
Marola93: folds 
twelvehaha: folds 
Uncalled bet ($0.06) returned to araujodan1984
araujodan1984 collected $0.06 from pot
*** SUMMARY ***
Total pot $0.06 | Rake $0 
Board [As 6s Td Th]
Seat 1: Marola93 (small blind) folded on the Turn
Seat 2: twelvehaha (big blind) folded on the Turn
Seat 3: Lorpugo folded before Flop (didn't bet)
Seat 4: araujodan1984 collected ($0.06)
Seat 5: MPut8 folded before Flop (didn't bet)
Seat 6: Aronovics (button) folded before Flop (didn't bet)



PokerStars Hand #240776583167:  Hold'em No Limit ($0.01/$0.02 USD) - 2022/12/29 12:31:34 ET
Table 'Glauke II' 6-max Seat #1 is the button
Seat 1: Marola93 ($3.16 in chips) 
Seat 2: twelvehaha ($0.48 in chips) 
Seat 3: Lorpugo ($2.11 in chips) 
Seat 4: araujodan1984 ($3.19 in chips) 
Seat 5: MPut8 ($1.90 in chips) 
Seat 6: Aronovics ($1.97 in chips) 
twelvehaha: posts small blind $0.01
Lorpugo: posts big blind $0.02
*** HOLE CARDS ***
Dealt to Lorpugo [8c 2d]
araujodan1984: raises $0.04 to $0.06
MPut8: folds 
Aronovics: folds 
Marola93: folds 
twelvehaha: folds 
Lorpugo: folds 
Uncalled bet ($0.04) returned to araujodan1984
araujodan1984 collected $0.05 from pot
*** SUMMARY ***
Total pot $0.05 | Rake $0 
Seat 1: Marola93 (button) folded before Flop (didn't bet)
Seat 2: twelvehaha (small blind) folded before Flop
Seat 3: Lorpugo (big blind) folded before Flop
Seat 4: araujodan1984 collected ($0.05)
Seat 5: MPut8 folded before Flop (didn't bet)
Seat 6: Aronovics folded before Flop (didn't bet)



PokerStars Hand #240776589745:  Hold'em No Limit ($0.01/$0.02 USD) - 2022/12/29 12:31:52 ET
Table 'Glauke II' 6-max Seat #2 is the button
Seat 1: Marola93 ($3.16 in chips) 
Seat 2: twelvehaha ($0.47 in chips) 
Seat 3: Lorpugo ($2.09 in chips) 
Seat 4: araujodan1984 ($3.22 in chips) 
Seat 5: MPut8 ($1.90 in chips) 
Seat 6: Aronovics ($1.97 in chips) 
Lorpugo: posts small blind $0.01
araujodan1984: posts big blind $0.02
*** HOLE CARDS ***
Dealt to Lorpugo [9c 7h]
MPut8: folds 
Aronovics: folds 
Marola93: folds 
twelvehaha: folds 
Lorpugo: raises $0.04 to $0.06
araujodan1984: calls $0.04
*** FLOP *** [6s 3s 5c]
Lorpugo: bets $0.08
araujodan1984: calls $0.08
*** TURN *** [6s 3s 5c] [Qd]
Lorpugo: bets $0.14
araujodan1984: calls $0.14
*** RIVER *** [6s 3s 5c Qd] [3h]
Lorpugo: checks 
araujodan1984: bets $1.84
Lorpugo: folds 
Uncalled bet ($1.84) returned to araujodan1984
araujodan1984 collected $0.54 from pot
*** SUMMARY ***
Total pot $0.56 | Rake $0.02 
Board [6s 3s 5c Qd 3h]
Seat 1: Marola93 folded before Flop (didn't bet)
Seat 2: twelvehaha (button) folded before Flop (didn't bet)
Seat 3: Lorpugo (small blind) folded on the River
Seat 4: araujodan1984 (big blind) collected ($0.54)
Seat 5: MPut8 folded before Flop (didn't bet)
Seat 6: Aronovics folded before Flop (didn't bet)



PokerStars Hand #240776621350:  Hold'em No Limit ($0.01/$0.02 USD) - 2022/12/29 12:33:17 ET
Table 'Glauke II' 6-max Seat #3 is the button
Seat 1: Marola93 ($3.16 in chips) 
Seat 2: twelvehaha ($0.47 in chips) 
Seat 3: Lorpugo ($1.81 in chips) 
Seat 4: araujodan1984 ($3.48 in chips) 
Seat 5: MPut8 ($1.90 in chips) 
Seat 6: Aronovics ($1.97 in chips) 
araujodan1984: posts small blind $0.01
MPut8: posts big blind $0.02
*** HOLE CARDS ***
Dealt to Lorpugo [3s 6s]
Aronovics: folds 
Marola93 has timed out
Marola93: folds 
twelvehaha: folds 
Lorpugo: raises $0.04 to $0.06
araujodan1984: calls $0.05
MPut8: folds 
*** FLOP *** [Ad Th Tc]
araujodan1984: checks 
Lorpugo: bets $0.08
araujodan1984: folds 
Uncalled bet ($0.08) returned to Lorpugo
Lorpugo collected $0.14 from pot
Lorpugo: doesn't show hand 
*** SUMMARY ***
Total pot $0.14 | Rake $0 
Board [Ad Th Tc]
Seat 1: Marola93 folded before Flop (didn't bet)
Seat 2: twelvehaha folded before Flop (didn't bet)
Seat 3: Lorpugo (button) collected ($0.14)
Seat 4: araujodan1984 (small blind) folded on the Flop
Seat 5: MPut8 (big blind) folded before Flop
Seat 6: Aronovics folded before Flop (didn't bet)



PokerStars Hand #240776640164:  Hold'em No Limit ($0.01/$0.02 USD) - 2022/12/29 12:34:08 ET
Table 'Glauke II' 6-max Seat #4 is the button
Seat 1: Marola93 ($3.16 in chips) 
Seat 2: twelvehaha ($0.47 in chips) 
Seat 3: Lorpugo ($1.89 in chips) 
Seat 4: araujodan1984 ($3.42 in chips) 
Seat 5: MPut8 ($1.88 in chips) 
Seat 6: Aronovics ($1.97 in chips) 
MPut8: posts small blind $0.01
Aronovics: posts big blind $0.02
*** HOLE CARDS ***
Dealt to Lorpugo [Ad Qd]
Marola93: folds 
twelvehaha has timed out
twelvehaha: folds 
Lorpugo: raises $0.04 to $0.06
araujodan1984: calls $0.06
twelvehaha is disconnected 
MPut8: folds 
Aronovics: folds 
*** FLOP *** [5d 7c 5s]
Lorpugo: checks 
araujodan1984: bets $0.14
Lorpugo: calls $0.14
*** TURN *** [5d 7c 5s] [Kc]
Lorpugo: checks 
araujodan1984: bets $0.40
Lorpugo: raises $1.29 to $1.69 and is all-in
araujodan1984: folds 
Uncalled bet ($1.29) returned to Lorpugo
Lorpugo collected $1.19 from pot
Lorpugo: doesn't show hand 
*** SUMMARY ***
Total pot $1.23 | Rake $0.04 
Board [5d 7c 5s Kc]
Seat 1: Marola93 folded before Flop (didn't bet)
Seat 2: twelvehaha folded before Flop (didn't bet)
Seat 3: Lorpugo collected ($1.19)
Seat 4: araujodan1984 (button) folded on the Turn
Seat 5: MPut8 (small blind) folded before Flop
Seat 6: Aronovics (big blind) folded before Flop



PokerStars Hand #240776681672:  Hold'em No Limit ($0.01/$0.02 USD) - 2022/12/29 12:35:59 ET
Table 'Glauke II' 6-max Seat #5 is the button
Seat 1: Marola93 ($3.16 in chips) 
Seat 2: twelvehaha ($0.47 in chips) 
Seat 3: Lorpugo ($2.48 in chips) 
Seat 4: araujodan1984 ($2.82 in chips) 
Seat 5: MPut8 ($1.87 in chips) 
Seat 6: Aronovics ($1.95 in chips) 
Aronovics: posts small blind $0.01
Marola93: posts big blind $0.02
*** HOLE CARDS ***
Dealt to Lorpugo [Qh Ks]
twelvehaha: folds 
Lorpugo: raises $0.04 to $0.06
araujodan1984: folds 
MPut8: folds 
Aronovics: folds 
Marola93: folds 
Uncalled bet ($0.04) returned to Lorpugo
Lorpugo collected $0.05 from pot
Lorpugo: doesn't show hand 
*** SUMMARY ***
Total pot $0.05 | Rake $0 
Seat 1: Marola93 (big blind) folded before Flop
Seat 2: twelvehaha folded before Flop (didn't bet)
Seat 3: Lorpugo collected ($0.05)
Seat 4: araujodan1984 folded before Flop (didn't bet)
Seat 5: MPut8 (button) folded before Flop (didn't bet)
Seat 6: Aronovics (small blind) folded before Flop



PokerStars Hand #240776688793:  Hold'em No Limit ($0.01/$0.02 USD) - 2022/12/29 12:36:18 ET
Table 'Glauke II' 6-max Seat #6 is the button
Seat 1: Marola93 ($3.14 in chips) 
Seat 2: twelvehaha ($0.47 in chips) 
Seat 3: Lorpugo ($2.51 in chips) 
Seat 4: araujodan1984 ($2.82 in chips) 
Seat 5: MPut8 ($1.87 in chips) 
Seat 6: Aronovics ($1.94 in chips) 
Marola93: posts small blind $0.01
twelvehaha: posts big blind $0.02
*** HOLE CARDS ***
Dealt to Lorpugo [5h Ac]
Lorpugo: raises $0.04 to $0.06
araujodan1984: calls $0.06
MPut8: folds 
Aronovics: raises $0.12 to $0.18
Marola93: folds 
twelvehaha: folds 
Lorpugo: folds 
araujodan1984: calls $0.12
*** FLOP *** [2c 8d 4h]
araujodan1984: checks 
Aronovics: bets $0.14
araujodan1984: folds 
Uncalled bet ($0.14) returned to Aronovics
Aronovics collected $0.43 from pot
Aronovics: doesn't show hand 
*** SUMMARY ***
Total pot $0.45 | Rake $0.02 
Board [2c 8d 4h]
Seat 1: Marola93 (small blind) folded before Flop
Seat 2: twelvehaha (big blind) folded before Flop
Seat 3: Lorpugo folded before Flop
Seat 4: araujodan1984 folded on the Flop
Seat 5: MPut8 folded before Flop (didn't bet)
Seat 6: Aronovics (button) collected ($0.43)



PokerStars Hand #240776706603:  Hold'em No Limit ($0.01/$0.02 USD) - 2022/12/29 12:37:06 ET
Table 'Glauke II' 6-max Seat #1 is the button
Seat 1: Marola93 ($3.13 in chips) 
Seat 2: twelvehaha ($0.45 in chips) 
Seat 3: Lorpugo ($2.45 in chips) 
Seat 4: araujodan1984 ($2.64 in chips) 
Seat 5: MPut8 ($1.87 in chips) 
Seat 6: Aronovics ($2.19 in chips) 
twelvehaha: posts small blind $0.01
Lorpugo: posts big blind $0.02
*** HOLE CARDS ***
Dealt to Lorpugo [3d 5h]
araujodan1984: calls $0.02
MPut8: folds 
Aronovics: raises $0.10 to $0.12
Marola93: folds 
twelvehaha: calls $0.11
Lorpugo: folds 
araujodan1984: calls $0.10
*** FLOP *** [8c 6d Js]
twelvehaha: checks 
araujodan1984: checks 
Aronovics: checks 
*** TURN *** [8c 6d Js] [7d]
twelvehaha: checks 
araujodan1984: checks 
Aronovics: checks 
*** RIVER *** [8c 6d Js 7d] [8s]
twelvehaha: checks 
araujodan1984: checks 
Aronovics: bets $0.10
twelvehaha: calls $0.10
araujodan1984: calls $0.10
*** SHOW DOWN ***
Aronovics: shows [2d Ad] (a pair of Eights)
twelvehaha: shows [4h 4s] (two pair, Eights and Fours)
araujodan1984: mucks hand 
twelvehaha collected $0.66 from pot
*** SUMMARY ***
Total pot $0.68 | Rake $0.02 
Board [8c 6d Js 7d 8s]
Seat 1: Marola93 (button) folded before Flop (didn't bet)
Seat 2: twelvehaha (small blind) showed [4h 4s] and won ($0.66) with two pair, Eights and Fours
Seat 3: Lorpugo (big blind) folded before Flop
Seat 4: araujodan1984 mucked [Ts Qc]
Seat 5: MPut8 folded before Flop (didn't bet)
Seat 6: Aronovics showed [2d Ad] and lost with a pair of Eights



PokerStars Hand #240776725844:  Hold'em No Limit ($0.01/$0.02 USD) - 2022/12/29 12:37:59 ET
Table 'Glauke II' 6-max Seat #2 is the button
Seat 1: Marola93 ($3.13 in chips) 
Seat 2: twelvehaha ($0.89 in chips) 
Seat 3: Lorpugo ($2.43 in chips) 
Seat 4: araujodan1984 ($2.42 in chips) 
Seat 5: MPut8 ($1.87 in chips) 
Seat 6: Aronovics ($1.97 in chips) 
Lorpugo: posts small blind $0.01
araujodan1984: posts big blind $0.02
*** HOLE CARDS ***
Dealt to Lorpugo [Ks 7s]
MPut8: folds 
Aronovics: folds 
Marola93: folds 
twelvehaha: folds 
Lorpugo: raises $0.04 to $0.06
araujodan1984: calls $0.04
*** FLOP *** [8h Tc Kh]
Lorpugo: bets $0.04
araujodan1984: folds 
Uncalled bet ($0.04) returned to Lorpugo
Lorpugo collected $0.12 from pot
Lorpugo: doesn't show hand 
*** SUMMARY ***
Total pot $0.12 | Rake $0 
Board [8h Tc Kh]
Seat 1: Marola93 folded before Flop (didn't bet)
Seat 2: twelvehaha (button) folded before Flop (didn't bet)
Seat 3: Lorpugo (small blind) collected ($0.12)
Seat 4: araujodan1984 (big blind) folded on the Flop
Seat 5: MPut8 folded before Flop (didn't bet)
Seat 6: Aronovics folded before Flop (didn't bet)



PokerStars Hand #240776733039:  Hold'em No Limit ($0.01/$0.02 USD) - 2022/12/29 12:38:18 ET
Table 'Glauke II' 6-max Seat #3 is the button
Seat 1: Marola93 ($3.13 in chips) 
Seat 2: twelvehaha ($0.89 in chips) 
Seat 3: Lorpugo ($2.49 in chips) 
Seat 4: araujodan1984 ($2.36 in chips) 
Seat 5: MPut8 ($1.87 in chips) 
Seat 6: Aronovics ($1.97 in chips) 
araujodan1984: posts small blind $0.01
MPut8: posts big blind $0.02
*** HOLE CARDS ***
Dealt to Lorpugo [8h Th]
Aronovics: raises $0.04 to $0.06
Marola93: folds 
twelvehaha: folds 
Lorpugo: calls $0.06
araujodan1984: calls $0.05
MPut8: calls $0.04
*** FLOP *** [3s 5c 8d]
araujodan1984: checks 
MPut8: checks 
Aronovics: checks 
Lorpugo: bets $0.20
araujodan1984: folds 
MPut8: folds 
Aronovics: folds 
Uncalled bet ($0.20) returned to Lorpugo
Lorpugo collected $0.23 from pot
Lorpugo: doesn't show hand 
*** SUMMARY ***
Total pot $0.24 | Rake $0.01 
Board [3s 5c 8d]
Seat 1: Marola93 folded before Flop (didn't bet)
Seat 2: twelvehaha folded before Flop (didn't bet)
Seat 3: Lorpugo (button) collected ($0.23)
Seat 4: araujodan1984 (small blind) folded on the Flop
Seat 5: MPut8 (big blind) folded on the Flop
Seat 6: Aronovics folded on the Flop



PokerStars Hand #240776754244:  Hold'em No Limit ($0.01/$0.02 USD) - 2022/12/29 12:39:16 ET
Table 'Glauke II' 6-max Seat #4 is the button
Seat 1: Marola93 ($3.13 in chips) 
Seat 2: twelvehaha ($0.89 in chips) 
Seat 3: Lorpugo ($2.66 in chips) 
Seat 4: araujodan1984 ($2.30 in chips) 
Seat 5: MPut8 ($1.81 in chips) 
Seat 6: Aronovics ($1.91 in chips) 
MPut8: posts small blind $0.01
Aronovics: posts big blind $0.02
*** HOLE CARDS ***
Dealt to Lorpugo [3d 7s]
Marola93: folds 
twelvehaha: folds 
Lorpugo: folds 
araujodan1984: calls $0.02
MPut8: calls $0.01
Aronovics: checks 
*** FLOP *** [3s 7c 7d]
MPut8: checks 
Aronovics: checks 
araujodan1984: checks 
*** TURN *** [3s 7c 7d] [2d]
MPut8: checks 
Aronovics: bets $0.02
araujodan1984: calls $0.02
MPut8: folds 
*** RIVER *** [3s 7c 7d 2d] [Kh]
Aronovics: bets $0.06
araujodan1984: folds 
Uncalled bet ($0.06) returned to Aronovics
Aronovics collected $0.10 from pot
Aronovics: doesn't show hand 
*** SUMMARY ***
Total pot $0.10 | Rake $0 
Board [3s 7c 7d 2d Kh]
Seat 1: Marola93 folded before Flop (didn't bet)
Seat 2: twelvehaha folded before Flop (didn't bet)
Seat 3: Lorpugo folded before Flop (didn't bet)
Seat 4: araujodan1984 (button) folded on the River
Seat 5: MPut8 (small blind) folded on the Turn
Seat 6: Aronovics (big blind) collected ($0.10)



PokerStars Hand #240776770606:  Hold'em No Limit ($0.01/$0.02 USD) - 2022/12/29 12:40:00 ET
Table 'Glauke II' 6-max Seat #5 is the button
Seat 1: Marola93 ($3.13 in chips) 
Seat 2: twelvehaha ($0.89 in chips) 
Seat 3: Lorpugo ($2.66 in chips) 
Seat 4: araujodan1984 ($2.26 in chips) 
Seat 5: MPut8 ($1.79 in chips) 
Seat 6: Aronovics ($1.97 in chips) 
Aronovics: posts small blind $0.01
Marola93: posts big blind $0.02
*** HOLE CARDS ***
Dealt to Lorpugo [4h 8d]
twelvehaha: folds 
Lorpugo: folds 
araujodan1984: folds 
MPut8: folds 
Aronovics: folds 
Uncalled bet ($0.01) returned to Marola93
Marola93 collected $0.02 from pot
Marola93: doesn't show hand 
*** SUMMARY ***
Total pot $0.02 | Rake $0 
Seat 1: Marola93 (big blind) collected ($0.02)
Seat 2: twelvehaha folded before Flop (didn't bet)
Seat 3: Lorpugo folded before Flop (didn't bet)
Seat 4: araujodan1984 folded before Flop (didn't bet)
Seat 5: MPut8 (button) folded before Flop (didn't bet)
Seat 6: Aronovics (small blind) folded before Flop



