PokerStars Hand #240961026812:  Hold'em No Limit ($0.01/$0.02 USD) - 2023/01/06 16:57:56 ET
Table 'Echepolos III' 6-max Seat #1 is the button
Seat 1: Fuchsend ($2.01 in chips) 
Seat 2: lemmie40 ($0.79 in chips) 
Seat 3: Lorpugo ($1.60 in chips) 
Seat 4: foxin78900 ($1.70 in chips) 
Seat 5: jnglstcrw2 ($1.77 in chips) 
Seat 6: juancsnm ($2.49 in chips) 
lemmie40: posts small blind $0.01
Lorpugo: posts big blind $0.02
*** HOLE CARDS ***
Dealt to Lorpugo [Qh 2c]
foxin78900: calls $0.02
jnglstcrw2: folds 
juancsnm: raises $0.08 to $0.10
Fuchsend: folds 
lemmie40: folds 
Lorpugo: folds 
foxin78900: folds 
Uncalled bet ($0.08) returned to juancsnm
juancsnm collected $0.07 from pot
juancsnm: doesn't show hand 
*** SUMMARY ***
Total pot $0.07 | Rake $0 
Seat 1: Fuchsend (button) folded before Flop (didn't bet)
Seat 2: lemmie40 (small blind) folded before Flop
Seat 3: Lorpugo (big blind) folded before Flop
Seat 4: foxin78900 folded before Flop
Seat 5: jnglstcrw2 folded before Flop (didn't bet)
Seat 6: juancsnm collected ($0.07)



PokerStars Hand #240961034098:  Hold'em No Limit ($0.01/$0.02 USD) - 2023/01/06 16:58:18 ET
Table 'Echepolos III' 6-max Seat #2 is the button
Seat 1: Fuchsend ($2.01 in chips) 
Seat 2: lemmie40 ($0.78 in chips) 
Seat 3: Lorpugo ($1.58 in chips) 
Seat 4: foxin78900 ($1.68 in chips) 
Seat 5: jnglstcrw2 ($1.77 in chips) 
Seat 6: juancsnm ($2.54 in chips) 
Lorpugo: posts small blind $0.01
foxin78900: posts big blind $0.02
*** HOLE CARDS ***
Dealt to Lorpugo [9d Kd]
jnglstcrw2: raises $0.04 to $0.06
juancsnm: folds 
Fuchsend: folds 
lemmie40: folds 
Lorpugo: raises $0.04 to $0.10
foxin78900: folds 
jnglstcrw2: calls $0.04
*** FLOP *** [5s 5d Ah]
Lorpugo: bets $0.11
jnglstcrw2: folds 
Uncalled bet ($0.11) returned to Lorpugo
Lorpugo collected $0.21 from pot
Lorpugo: doesn't show hand 
*** SUMMARY ***
Total pot $0.22 | Rake $0.01 
Board [5s 5d Ah]
Seat 1: Fuchsend folded before Flop (didn't bet)
Seat 2: lemmie40 (button) folded before Flop (didn't bet)
Seat 3: Lorpugo (small blind) collected ($0.21)
Seat 4: foxin78900 (big blind) folded before Flop
Seat 5: jnglstcrw2 folded on the Flop
Seat 6: juancsnm folded before Flop (didn't bet)



PokerStars Hand #240961044468:  Hold'em No Limit ($0.01/$0.02 USD) - 2023/01/06 16:58:50 ET
Table 'Echepolos III' 6-max Seat #3 is the button
Seat 1: Fuchsend ($2.01 in chips) 
Seat 2: lemmie40 ($0.78 in chips) 
Seat 3: Lorpugo ($1.69 in chips) 
Seat 4: foxin78900 ($1.66 in chips) 
Seat 6: juancsnm ($2.54 in chips) 
foxin78900: posts small blind $0.01
juancsnm: posts big blind $0.02
*** HOLE CARDS ***
Dealt to Lorpugo [5s Qs]
jnglstcrw2 leaves the table
Fuchsend: raises $0.04 to $0.06
lemmie40: folds 
Lorpugo: folds 
mariodelore joins the table at seat #5 
foxin78900: folds 
juancsnm: folds 
Uncalled bet ($0.04) returned to Fuchsend
Fuchsend collected $0.05 from pot
Fuchsend: doesn't show hand 
*** SUMMARY ***
Total pot $0.05 | Rake $0 
Seat 1: Fuchsend collected ($0.05)
Seat 2: lemmie40 folded before Flop (didn't bet)
Seat 3: Lorpugo (button) folded before Flop (didn't bet)
Seat 4: foxin78900 (small blind) folded before Flop
Seat 6: juancsnm (big blind) folded before Flop



PokerStars Hand #240961054077:  Hold'em No Limit ($0.01/$0.02 USD) - 2023/01/06 16:59:19 ET
Table 'Echepolos III' 6-max Seat #4 is the button
Seat 1: Fuchsend ($2.04 in chips) 
Seat 2: lemmie40 ($0.78 in chips) 
Seat 3: Lorpugo ($1.69 in chips) 
Seat 4: foxin78900 ($1.65 in chips) 
Seat 6: juancsnm ($2.52 in chips) 
juancsnm: posts small blind $0.01
Fuchsend: posts big blind $0.02
*** HOLE CARDS ***
Dealt to Lorpugo [Ad 4d]
lemmie40: folds 
Lorpugo: raises $0.02 to $0.04
foxin78900: folds 
juancsnm: folds 
Fuchsend: raises $0.08 to $0.12
Lorpugo: calls $0.08
*** FLOP *** [4s 2s 6d]
Fuchsend: checks 
Lorpugo: bets $1.57 and is all-in
Fuchsend: folds 
Uncalled bet ($1.57) returned to Lorpugo
Lorpugo collected $0.24 from pot
Lorpugo: doesn't show hand 
*** SUMMARY ***
Total pot $0.25 | Rake $0.01 
Board [4s 2s 6d]
Seat 1: Fuchsend (big blind) folded on the Flop
Seat 2: lemmie40 folded before Flop (didn't bet)
Seat 3: Lorpugo collected ($0.24)
Seat 4: foxin78900 (button) folded before Flop (didn't bet)
Seat 6: juancsnm (small blind) folded before Flop



PokerStars Hand #240961065848:  Hold'em No Limit ($0.01/$0.02 USD) - 2023/01/06 16:59:56 ET
Table 'Echepolos III' 6-max Seat #6 is the button
Seat 1: Fuchsend ($2 in chips) 
Seat 2: lemmie40 ($0.78 in chips) 
Seat 3: Lorpugo ($1.81 in chips) 
Seat 4: foxin78900 ($1.65 in chips) 
Seat 6: juancsnm ($2.51 in chips) 
Fuchsend: posts small blind $0.01
lemmie40: posts big blind $0.02
*** HOLE CARDS ***
Dealt to Lorpugo [Kc Jd]
Lorpugo: raises $0.02 to $0.04
foxin78900: calls $0.04
juancsnm: folds 
Fuchsend: folds 
lemmie40: folds 
*** FLOP *** [3c Tc 9h]
Lorpugo: checks 
foxin78900: bets $0.02
Lorpugo: raises $0.02 to $0.04
foxin78900: calls $0.02
*** TURN *** [3c Tc 9h] [2s]
Lorpugo: bets $0.12
foxin78900: folds 
Uncalled bet ($0.12) returned to Lorpugo
Lorpugo collected $0.18 from pot
Lorpugo: doesn't show hand 
*** SUMMARY ***
Total pot $0.19 | Rake $0.01 
Board [3c Tc 9h 2s]
Seat 1: Fuchsend (small blind) folded before Flop
Seat 2: lemmie40 (big blind) folded before Flop
Seat 3: Lorpugo collected ($0.18)
Seat 4: foxin78900 folded on the Turn
Seat 6: juancsnm (button) folded before Flop (didn't bet)



PokerStars Hand #240961079654:  Hold'em No Limit ($0.01/$0.02 USD) - 2023/01/06 17:00:37 ET
Table 'Echepolos III' 6-max Seat #1 is the button
Seat 1: Fuchsend ($2 in chips) 
Seat 2: lemmie40 ($0.76 in chips) 
Seat 3: Lorpugo ($1.91 in chips) 
Seat 4: foxin78900 ($1.57 in chips) 
Seat 6: juancsnm ($2.51 in chips) 
lemmie40: posts small blind $0.01
Lorpugo: posts big blind $0.02
*** HOLE CARDS ***
Dealt to Lorpugo [6h 5s]
foxin78900: raises $0.02 to $0.04
juancsnm: raises $0.16 to $0.20
Fuchsend: calls $0.20
lemmie40: folds 
Lorpugo: folds 
foxin78900: calls $0.16
*** FLOP *** [6c 8h Th]
foxin78900: checks 
juancsnm: bets $0.36
Fuchsend: folds 
foxin78900: folds 
Uncalled bet ($0.36) returned to juancsnm
juancsnm collected $0.61 from pot
juancsnm: doesn't show hand 
*** SUMMARY ***
Total pot $0.63 | Rake $0.02 
Board [6c 8h Th]
Seat 1: Fuchsend (button) folded on the Flop
Seat 2: lemmie40 (small blind) folded before Flop
Seat 3: Lorpugo (big blind) folded before Flop
Seat 4: foxin78900 folded on the Flop
Seat 6: juancsnm collected ($0.61)



PokerStars Hand #240961099445:  Hold'em No Limit ($0.01/$0.02 USD) - 2023/01/06 17:01:29 ET
Table 'Echepolos III' 6-max Seat #2 is the button
Seat 1: Fuchsend ($2 in chips) 
Seat 2: lemmie40 ($0.75 in chips) 
Seat 3: Lorpugo ($1.89 in chips) 
Seat 4: foxin78900 ($1.37 in chips) 
Seat 6: juancsnm ($2.92 in chips) 
Lorpugo: posts small blind $0.01
foxin78900: posts big blind $0.02
*** HOLE CARDS ***
Dealt to Lorpugo [Kh 5h]
juancsnm: folds 
Fuchsend: folds 
lemmie40: folds 
Lorpugo: raises $0.10 to $0.12
foxin78900: calls $0.10
*** FLOP *** [Jd 4c 8h]
Lorpugo: bets $0.02
foxin78900: raises $0.02 to $0.04
Lorpugo: calls $0.02
*** TURN *** [Jd 4c 8h] [5d]
Lorpugo: bets $0.10
foxin78900: folds 
Uncalled bet ($0.10) returned to Lorpugo
Lorpugo collected $0.31 from pot
Lorpugo: doesn't show hand 
*** SUMMARY ***
Total pot $0.32 | Rake $0.01 
Board [Jd 4c 8h 5d]
Seat 1: Fuchsend folded before Flop (didn't bet)
Seat 2: lemmie40 (button) folded before Flop (didn't bet)
Seat 3: Lorpugo (small blind) collected ($0.31)
Seat 4: foxin78900 (big blind) folded on the Turn
Seat 6: juancsnm folded before Flop (didn't bet)



PokerStars Hand #240961122579:  Hold'em No Limit ($0.01/$0.02 USD) - 2023/01/06 17:02:22 ET
Table 'Echepolos III' 6-max Seat #3 is the button
Seat 1: Fuchsend ($2 in chips) 
Seat 2: lemmie40 ($0.75 in chips) 
Seat 3: Lorpugo ($2.04 in chips) 
Seat 4: foxin78900 ($1.21 in chips) 
Seat 5: mariodelore ($2 in chips) 
Seat 6: juancsnm ($2.92 in chips) 
foxin78900: posts small blind $0.01
mariodelore: posts big blind $0.02
*** HOLE CARDS ***
Dealt to Lorpugo [3s 7c]
juancsnm: folds 
Fuchsend: folds 
lemmie40: folds 
Lorpugo: folds 
foxin78900: raises $0.02 to $0.04
mariodelore: folds 
Uncalled bet ($0.02) returned to foxin78900
foxin78900 collected $0.04 from pot
foxin78900: doesn't show hand 
*** SUMMARY ***
Total pot $0.04 | Rake $0 
Seat 1: Fuchsend folded before Flop (didn't bet)
Seat 2: lemmie40 folded before Flop (didn't bet)
Seat 3: Lorpugo (button) folded before Flop (didn't bet)
Seat 4: foxin78900 (small blind) collected ($0.04)
Seat 5: mariodelore (big blind) folded before Flop
Seat 6: juancsnm folded before Flop (didn't bet)



PokerStars Hand #240961131428:  Hold'em No Limit ($0.01/$0.02 USD) - 2023/01/06 17:02:42 ET
Table 'Echepolos III' 6-max Seat #4 is the button
Seat 1: Fuchsend ($2 in chips) 
Seat 2: lemmie40 ($0.75 in chips) 
Seat 3: Lorpugo ($2.04 in chips) 
Seat 4: foxin78900 ($1.23 in chips) 
Seat 5: mariodelore ($1.98 in chips) 
Seat 6: juancsnm ($2.92 in chips) 
mariodelore: posts small blind $0.01
juancsnm: posts big blind $0.02
*** HOLE CARDS ***
Dealt to Lorpugo [Ts 5h]
Fuchsend: folds 
lemmie40: folds 
Lorpugo: folds 
foxin78900: folds 
mariodelore: raises $0.03 to $0.05
juancsnm: raises $0.17 to $0.22
mariodelore: folds 
Uncalled bet ($0.17) returned to juancsnm
juancsnm collected $0.10 from pot
juancsnm: doesn't show hand 
*** SUMMARY ***
Total pot $0.10 | Rake $0 
Seat 1: Fuchsend folded before Flop (didn't bet)
Seat 2: lemmie40 folded before Flop (didn't bet)
Seat 3: Lorpugo folded before Flop (didn't bet)
Seat 4: foxin78900 (button) folded before Flop (didn't bet)
Seat 5: mariodelore (small blind) folded before Flop
Seat 6: juancsnm (big blind) collected ($0.10)



PokerStars Hand #240961145627:  Hold'em No Limit ($0.01/$0.02 USD) - 2023/01/06 17:03:13 ET
Table 'Echepolos III' 6-max Seat #5 is the button
Seat 1: Fuchsend ($2 in chips) 
Seat 2: lemmie40 ($0.75 in chips) 
Seat 3: Lorpugo ($2.04 in chips) 
Seat 4: foxin78900 ($1.23 in chips) 
Seat 5: mariodelore ($1.93 in chips) 
Seat 6: juancsnm ($2.97 in chips) 
juancsnm: posts small blind $0.01
Fuchsend: posts big blind $0.02
*** HOLE CARDS ***
Dealt to Lorpugo [Ks Qs]
lemmie40: folds 
Lorpugo: raises $0.05 to $0.07
foxin78900: folds 
mariodelore: calls $0.07
juancsnm: folds 
Fuchsend: folds 
*** FLOP *** [2c 5h 6s]
Lorpugo: checks 
mariodelore: bets $0.06
Lorpugo: folds 
Uncalled bet ($0.06) returned to mariodelore
mariodelore collected $0.16 from pot
*** SUMMARY ***
Total pot $0.17 | Rake $0.01 
Board [2c 5h 6s]
Seat 1: Fuchsend (big blind) folded before Flop
Seat 2: lemmie40 folded before Flop (didn't bet)
Seat 3: Lorpugo folded on the Flop
Seat 4: foxin78900 folded before Flop (didn't bet)
Seat 5: mariodelore (button) collected ($0.16)
Seat 6: juancsnm (small blind) folded before Flop



PokerStars Hand #240961163097:  Hold'em No Limit ($0.01/$0.02 USD) - 2023/01/06 17:03:52 ET
Table 'Echepolos III' 6-max Seat #6 is the button
Seat 1: Fuchsend ($2 in chips) 
Seat 2: lemmie40 ($0.75 in chips) 
Seat 3: Lorpugo ($1.97 in chips) 
Seat 4: foxin78900 ($1.23 in chips) 
Seat 5: mariodelore ($2.02 in chips) 
Seat 6: juancsnm ($2.96 in chips) 
Fuchsend: posts small blind $0.01
lemmie40: posts big blind $0.02
*** HOLE CARDS ***
Dealt to Lorpugo [6s Js]
Lorpugo: folds 
foxin78900: folds 
mariodelore: raises $0.04 to $0.06
juancsnm: folds 
Fuchsend: folds 
lemmie40: folds 
Uncalled bet ($0.04) returned to mariodelore
mariodelore collected $0.05 from pot
*** SUMMARY ***
Total pot $0.05 | Rake $0 
Seat 1: Fuchsend (small blind) folded before Flop
Seat 2: lemmie40 (big blind) folded before Flop
Seat 3: Lorpugo folded before Flop (didn't bet)
Seat 4: foxin78900 folded before Flop (didn't bet)
Seat 5: mariodelore collected ($0.05)
Seat 6: juancsnm (button) folded before Flop (didn't bet)



PokerStars Hand #240961170656:  Hold'em No Limit ($0.01/$0.02 USD) - 2023/01/06 17:04:08 ET
Table 'Echepolos III' 6-max Seat #1 is the button
Seat 1: Fuchsend ($2 in chips) 
Seat 2: lemmie40 ($0.73 in chips) 
Seat 3: Lorpugo ($1.97 in chips) 
Seat 4: foxin78900 ($1.23 in chips) 
Seat 5: mariodelore ($2.05 in chips) 
Seat 6: juancsnm ($2.96 in chips) 
lemmie40: posts small blind $0.01
Lorpugo: posts big blind $0.02
*** HOLE CARDS ***
Dealt to Lorpugo [5d 6s]
foxin78900: folds 
mariodelore: folds 
juancsnm: folds 
Fuchsend: folds 
lemmie40: folds 
Uncalled bet ($0.01) returned to Lorpugo
Lorpugo collected $0.02 from pot
Lorpugo: doesn't show hand 
*** SUMMARY ***
Total pot $0.02 | Rake $0 
Seat 1: Fuchsend (button) folded before Flop (didn't bet)
Seat 2: lemmie40 (small blind) folded before Flop
Seat 3: Lorpugo (big blind) collected ($0.02)
Seat 4: foxin78900 folded before Flop (didn't bet)
Seat 5: mariodelore folded before Flop (didn't bet)
Seat 6: juancsnm folded before Flop (didn't bet)



PokerStars Hand #240961175755:  Hold'em No Limit ($0.01/$0.02 USD) - 2023/01/06 17:04:19 ET
Table 'Echepolos III' 6-max Seat #2 is the button
Seat 1: Fuchsend ($2 in chips) 
Seat 2: lemmie40 ($0.72 in chips) 
Seat 3: Lorpugo ($1.98 in chips) 
Seat 4: foxin78900 ($1.23 in chips) 
Seat 5: mariodelore ($2.05 in chips) 
Seat 6: juancsnm ($2.96 in chips) 
Lorpugo: posts small blind $0.01
foxin78900: posts big blind $0.02
*** HOLE CARDS ***
Dealt to Lorpugo [Ac Th]
mariodelore: folds 
juancsnm: folds 
Fuchsend: folds 
lemmie40: folds 
Lorpugo: raises $0.03 to $0.05
foxin78900: folds 
Uncalled bet ($0.03) returned to Lorpugo
Lorpugo collected $0.04 from pot
Lorpugo: doesn't show hand 
*** SUMMARY ***
Total pot $0.04 | Rake $0 
Seat 1: Fuchsend folded before Flop (didn't bet)
Seat 2: lemmie40 (button) folded before Flop (didn't bet)
Seat 3: Lorpugo (small blind) collected ($0.04)
Seat 4: foxin78900 (big blind) folded before Flop
Seat 5: mariodelore folded before Flop (didn't bet)
Seat 6: juancsnm folded before Flop (didn't bet)



PokerStars Hand #240961184366:  Hold'em No Limit ($0.01/$0.02 USD) - 2023/01/06 17:04:38 ET
Table 'Echepolos III' 6-max Seat #3 is the button
Seat 1: Fuchsend ($2 in chips) 
Seat 2: lemmie40 ($0.72 in chips) 
Seat 3: Lorpugo ($2 in chips) 
Seat 4: foxin78900 ($1.21 in chips) 
Seat 5: mariodelore ($2.05 in chips) 
Seat 6: juancsnm ($2.96 in chips) 
foxin78900: posts small blind $0.01
mariodelore: posts big blind $0.02
*** HOLE CARDS ***
Dealt to Lorpugo [Kh 7s]
juancsnm: folds 
Fuchsend: folds 
lemmie40: folds 
Lorpugo: raises $0.05 to $0.07
foxin78900: folds 
mariodelore: folds 
Uncalled bet ($0.05) returned to Lorpugo
Lorpugo collected $0.05 from pot
Lorpugo: doesn't show hand 
*** SUMMARY ***
Total pot $0.05 | Rake $0 
Seat 1: Fuchsend folded before Flop (didn't bet)
Seat 2: lemmie40 folded before Flop (didn't bet)
Seat 3: Lorpugo (button) collected ($0.05)
Seat 4: foxin78900 (small blind) folded before Flop
Seat 5: mariodelore (big blind) folded before Flop
Seat 6: juancsnm folded before Flop (didn't bet)



PokerStars Hand #240961192655:  Hold'em No Limit ($0.01/$0.02 USD) - 2023/01/06 17:04:56 ET
Table 'Echepolos III' 6-max Seat #4 is the button
Seat 1: Fuchsend ($2 in chips) 
Seat 2: lemmie40 ($0.72 in chips) 
Seat 3: Lorpugo ($2.03 in chips) 
Seat 4: foxin78900 ($1.20 in chips) 
Seat 5: mariodelore ($2.03 in chips) 
Seat 6: juancsnm ($2.96 in chips) 
mariodelore: posts small blind $0.01
juancsnm: posts big blind $0.02
*** HOLE CARDS ***
Dealt to Lorpugo [2c Qc]
Fuchsend: folds 
lemmie40: folds 
Lorpugo: raises $0.02 to $0.04
foxin78900: folds 
mariodelore: folds 
juancsnm: folds 
Uncalled bet ($0.02) returned to Lorpugo
Lorpugo collected $0.05 from pot
Lorpugo: doesn't show hand 
*** SUMMARY ***
Total pot $0.05 | Rake $0 
Seat 1: Fuchsend folded before Flop (didn't bet)
Seat 2: lemmie40 folded before Flop (didn't bet)
Seat 3: Lorpugo collected ($0.05)
Seat 4: foxin78900 (button) folded before Flop (didn't bet)
Seat 5: mariodelore (small blind) folded before Flop
Seat 6: juancsnm (big blind) folded before Flop



PokerStars Hand #240961205796:  Hold'em No Limit ($0.01/$0.02 USD) - 2023/01/06 17:05:24 ET
Table 'Echepolos III' 6-max Seat #5 is the button
Seat 1: Fuchsend ($2 in chips) 
Seat 2: lemmie40 ($0.72 in chips) 
Seat 3: Lorpugo ($2.06 in chips) 
Seat 4: foxin78900 ($1.20 in chips) 
Seat 5: mariodelore ($2.02 in chips) 
Seat 6: juancsnm ($2.94 in chips) 
juancsnm: posts small blind $0.01
Fuchsend: posts big blind $0.02
*** HOLE CARDS ***
Dealt to Lorpugo [4s 2c]
lemmie40: folds 
Lorpugo: folds 
foxin78900: folds 
mariodelore: folds 
juancsnm: folds 
Uncalled bet ($0.01) returned to Fuchsend
Fuchsend collected $0.02 from pot
Fuchsend: doesn't show hand 
*** SUMMARY ***
Total pot $0.02 | Rake $0 
Seat 1: Fuchsend (big blind) collected ($0.02)
Seat 2: lemmie40 folded before Flop (didn't bet)
Seat 3: Lorpugo folded before Flop (didn't bet)
Seat 4: foxin78900 folded before Flop (didn't bet)
Seat 5: mariodelore (button) folded before Flop (didn't bet)
Seat 6: juancsnm (small blind) folded before Flop



PokerStars Hand #240961211578:  Hold'em No Limit ($0.01/$0.02 USD) - 2023/01/06 17:05:37 ET
Table 'Echepolos III' 6-max Seat #6 is the button
Seat 1: Fuchsend ($2.01 in chips) 
Seat 2: lemmie40 ($0.72 in chips) 
Seat 3: Lorpugo ($2.06 in chips) 
Seat 4: foxin78900 ($1.20 in chips) 
Seat 5: mariodelore ($2.02 in chips) 
Seat 6: juancsnm ($2.93 in chips) 
Fuchsend: posts small blind $0.01
lemmie40: posts big blind $0.02
*** HOLE CARDS ***
Dealt to Lorpugo [9s 3s]
Lorpugo: folds 
foxin78900: raises $0.04 to $0.06
mariodelore: folds 
juancsnm: folds 
Fuchsend: folds 
lemmie40: folds 
Uncalled bet ($0.04) returned to foxin78900
foxin78900 collected $0.05 from pot
foxin78900: doesn't show hand 
*** SUMMARY ***
Total pot $0.05 | Rake $0 
Seat 1: Fuchsend (small blind) folded before Flop
Seat 2: lemmie40 (big blind) folded before Flop
Seat 3: Lorpugo folded before Flop (didn't bet)
Seat 4: foxin78900 collected ($0.05)
Seat 5: mariodelore folded before Flop (didn't bet)
Seat 6: juancsnm (button) folded before Flop (didn't bet)



PokerStars Hand #240961219485:  Hold'em No Limit ($0.01/$0.02 USD) - 2023/01/06 17:05:54 ET
Table 'Echepolos III' 6-max Seat #1 is the button
Seat 1: Fuchsend ($2 in chips) 
Seat 2: lemmie40 ($0.70 in chips) 
Seat 3: Lorpugo ($2.06 in chips) 
Seat 4: foxin78900 ($1.23 in chips) 
Seat 5: mariodelore ($2.02 in chips) 
Seat 6: juancsnm ($2.93 in chips) 
lemmie40: posts small blind $0.01
Lorpugo: posts big blind $0.02
*** HOLE CARDS ***
Dealt to Lorpugo [Kd Ah]
foxin78900: folds 
mariodelore: folds 
juancsnm: folds 
Fuchsend: raises $0.04 to $0.06
lemmie40: folds 
Lorpugo: raises $2 to $2.06 and is all-in
Fuchsend: folds 
Uncalled bet ($2) returned to Lorpugo
Lorpugo collected $0.13 from pot
Lorpugo: doesn't show hand 
*** SUMMARY ***
Total pot $0.13 | Rake $0 
Seat 1: Fuchsend (button) folded before Flop
Seat 2: lemmie40 (small blind) folded before Flop
Seat 3: Lorpugo (big blind) collected ($0.13)
Seat 4: foxin78900 folded before Flop (didn't bet)
Seat 5: mariodelore folded before Flop (didn't bet)
Seat 6: juancsnm folded before Flop (didn't bet)



PokerStars Hand #240961240990:  Hold'em No Limit ($0.01/$0.02 USD) - 2023/01/06 17:06:41 ET
Table 'Echepolos III' 6-max Seat #2 is the button
Seat 1: Fuchsend ($2 in chips) 
Seat 2: lemmie40 ($0.69 in chips) 
Seat 3: Lorpugo ($2.13 in chips) 
Seat 4: foxin78900 ($1.23 in chips) 
Seat 5: mariodelore ($2.02 in chips) 
Seat 6: juancsnm ($2.93 in chips) 
Lorpugo: posts small blind $0.01
foxin78900: posts big blind $0.02
*** HOLE CARDS ***
Dealt to Lorpugo [5s 2d]
mariodelore: folds 
juancsnm: raises $0.04 to $0.06
Fuchsend: folds 
lemmie40: folds 
Lorpugo: folds 
foxin78900: folds 
Uncalled bet ($0.04) returned to juancsnm
juancsnm collected $0.05 from pot
juancsnm: doesn't show hand 
*** SUMMARY ***
Total pot $0.05 | Rake $0 
Seat 1: Fuchsend folded before Flop (didn't bet)
Seat 2: lemmie40 (button) folded before Flop (didn't bet)
Seat 3: Lorpugo (small blind) folded before Flop
Seat 4: foxin78900 (big blind) folded before Flop
Seat 5: mariodelore folded before Flop (didn't bet)
Seat 6: juancsnm collected ($0.05)



PokerStars Hand #240961249209:  Hold'em No Limit ($0.01/$0.02 USD) - 2023/01/06 17:06:59 ET
Table 'Echepolos III' 6-max Seat #3 is the button
Seat 1: Fuchsend ($2 in chips) 
Seat 2: lemmie40 ($0.69 in chips) 
Seat 3: Lorpugo ($2.12 in chips) 
Seat 4: foxin78900 ($1.21 in chips) 
Seat 5: mariodelore ($2.02 in chips) 
Seat 6: juancsnm ($2.96 in chips) 
foxin78900: posts small blind $0.01
mariodelore: posts big blind $0.02
*** HOLE CARDS ***
Dealt to Lorpugo [Jc 7h]
juancsnm: folds 
Fuchsend: folds 
lemmie40: calls $0.02
Lorpugo: folds 
foxin78900: calls $0.01
mariodelore: checks 
*** FLOP *** [5s Js 9c]
foxin78900: checks 
mariodelore: checks 
lemmie40: bets $0.67 and is all-in
foxin78900: folds 
mariodelore: folds 
Uncalled bet ($0.67) returned to lemmie40
lemmie40 collected $0.06 from pot
*** SUMMARY ***
Total pot $0.06 | Rake $0 
Board [5s Js 9c]
Seat 1: Fuchsend folded before Flop (didn't bet)
Seat 2: lemmie40 collected ($0.06)
Seat 3: Lorpugo (button) folded before Flop (didn't bet)
Seat 4: foxin78900 (small blind) folded on the Flop
Seat 5: mariodelore (big blind) folded on the Flop
Seat 6: juancsnm folded before Flop (didn't bet)



PokerStars Hand #240961269565:  Hold'em No Limit ($0.01/$0.02 USD) - 2023/01/06 17:07:44 ET
Table 'Echepolos III' 6-max Seat #4 is the button
Seat 1: Fuchsend ($2 in chips) 
Seat 2: lemmie40 ($0.73 in chips) 
Seat 3: Lorpugo ($2.12 in chips) 
Seat 4: foxin78900 ($1.19 in chips) 
Seat 5: mariodelore ($2 in chips) 
Seat 6: juancsnm ($2.96 in chips) 
mariodelore: posts small blind $0.01
juancsnm: posts big blind $0.02
*** HOLE CARDS ***
Dealt to Lorpugo [Kd 8h]
Fuchsend: folds 
lemmie40: folds 
Lorpugo: raises $0.02 to $0.04
foxin78900: folds 
mariodelore: folds 
juancsnm: folds 
Uncalled bet ($0.02) returned to Lorpugo
Lorpugo collected $0.05 from pot
Lorpugo: doesn't show hand 
*** SUMMARY ***
Total pot $0.05 | Rake $0 
Seat 1: Fuchsend folded before Flop (didn't bet)
Seat 2: lemmie40 folded before Flop (didn't bet)
Seat 3: Lorpugo collected ($0.05)
Seat 4: foxin78900 (button) folded before Flop (didn't bet)
Seat 5: mariodelore (small blind) folded before Flop
Seat 6: juancsnm (big blind) folded before Flop



