PokerStars Hand #240913748606:  Hold'em No Limit ($0.01/$0.02 USD) - 2023/01/04 16:11:45 ET
Table 'Bolyai II' 6-max Seat #3 is the button
Seat 1: jrponciano ($0.69 in chips) 
Seat 3: Schnorrgöigl ($1.86 in chips) 
Seat 4: Moneybaker88 ($2.04 in chips) 
Seat 5: Lorpugo ($1.60 in chips) 
Seat 6: Precisionn01 ($1.86 in chips) 
Moneybaker88: posts small blind $0.01
Lorpugo: posts big blind $0.02
*** HOLE CARDS ***
Dealt to Lorpugo [2d 5s]
tadauskas27 leaves the table
Precisionn01: raises $0.05 to $0.07
jrponciano: folds 
Schnorrgöigl: folds 
Moneybaker88: folds 
Lorpugo: folds 
Uncalled bet ($0.05) returned to Precisionn01
Precisionn01 collected $0.05 from pot
Precisionn01: doesn't show hand 
*** SUMMARY ***
Total pot $0.05 | Rake $0 
Seat 1: jrponciano folded before Flop (didn't bet)
Seat 3: Schnorrgöigl (button) folded before Flop (didn't bet)
Seat 4: Moneybaker88 (small blind) folded before Flop
Seat 5: Lorpugo (big blind) folded before Flop
Seat 6: Precisionn01 collected ($0.05)



PokerStars Hand #240913758028:  Hold'em No Limit ($0.01/$0.02 USD) - 2023/01/04 16:12:05 ET
Table 'Bolyai II' 6-max Seat #4 is the button
Seat 1: jrponciano ($0.69 in chips) 
Seat 3: Schnorrgöigl ($1.86 in chips) 
Seat 4: Moneybaker88 ($2.03 in chips) 
Seat 5: Lorpugo ($1.58 in chips) 
Seat 6: Precisionn01 ($1.89 in chips) 
Lorpugo: posts small blind $0.01
Precisionn01: posts big blind $0.02
*** HOLE CARDS ***
Dealt to Lorpugo [3h 5c]
jrponciano: calls $0.02
Schnorrgöigl: calls $0.02
Moneybaker88: raises $0.05 to $0.07
moreira1328 joins the table at seat #2 
Lorpugo: folds 
Precisionn01: folds 
jrponciano: calls $0.05
Schnorrgöigl: calls $0.05
*** FLOP *** [5s 9h Th]
jrponciano: checks 
Schnorrgöigl: checks 
Moneybaker88: checks 
*** TURN *** [5s 9h Th] [Jc]
jrponciano: bets $0.62 and is all-in
Schnorrgöigl: folds 
Moneybaker88: folds 
Uncalled bet ($0.62) returned to jrponciano
jrponciano collected $0.23 from pot
*** SUMMARY ***
Total pot $0.24 | Rake $0.01 
Board [5s 9h Th Jc]
Seat 1: jrponciano collected ($0.23)
Seat 3: Schnorrgöigl folded on the Turn
Seat 4: Moneybaker88 (button) folded on the Turn
Seat 5: Lorpugo (small blind) folded before Flop
Seat 6: Precisionn01 (big blind) folded before Flop



PokerStars Hand #240913778322:  Hold'em No Limit ($0.01/$0.02 USD) - 2023/01/04 16:12:48 ET
Table 'Bolyai II' 6-max Seat #5 is the button
Seat 1: jrponciano ($0.85 in chips) 
Seat 3: Schnorrgöigl ($1.79 in chips) 
Seat 4: Moneybaker88 ($2 in chips) 
Seat 5: Lorpugo ($1.57 in chips) 
Seat 6: Precisionn01 ($1.87 in chips) 
Precisionn01: posts small blind $0.01
jrponciano: posts big blind $0.02
*** HOLE CARDS ***
Dealt to Lorpugo [3c 2s]
Schnorrgöigl: calls $0.02
Moneybaker88: raises $0.04 to $0.06
Lorpugo: folds 
Precisionn01: folds 
jrponciano: calls $0.04
Schnorrgöigl: calls $0.04
*** FLOP *** [6s Qc Qd]
jrponciano: checks 
Schnorrgöigl: bets $0.06
Precisionn01 leaves the table
Moneybaker88: calls $0.06
jrponciano: folds 
*** TURN *** [6s Qc Qd] [9c]
Schnorrgöigl: bets $0.16
Moneybaker88: folds 
Uncalled bet ($0.16) returned to Schnorrgöigl
Schnorrgöigl collected $0.30 from pot
*** SUMMARY ***
Total pot $0.31 | Rake $0.01 
Board [6s Qc Qd 9c]
Seat 1: jrponciano (big blind) folded on the Flop
Seat 3: Schnorrgöigl collected ($0.30)
Seat 4: Moneybaker88 folded on the Turn
Seat 5: Lorpugo (button) folded before Flop (didn't bet)
Seat 6: Precisionn01 (small blind) folded before Flop



PokerStars Hand #240913801553:  Hold'em No Limit ($0.01/$0.02 USD) - 2023/01/04 16:13:38 ET
Table 'Bolyai II' 6-max Seat #1 is the button
Seat 1: jrponciano ($0.79 in chips) 
Seat 3: Schnorrgöigl ($1.97 in chips) 
Seat 4: Moneybaker88 ($2 in chips) 
Seat 5: Lorpugo ($1.57 in chips) 
Schnorrgöigl: posts small blind $0.01
Moneybaker88: posts big blind $0.02
*** HOLE CARDS ***
Dealt to Lorpugo [Ks 7d]
Lorpugo: folds 
jrponciano: calls $0.02
Schnorrgöigl: folds 
Moneybaker88: raises $0.04 to $0.06
jrponciano: calls $0.04
*** FLOP *** [8d 2s 6s]
Moneybaker88: bets $0.07
jrponciano: folds 
Uncalled bet ($0.07) returned to Moneybaker88
Moneybaker88 collected $0.13 from pot
Moneybaker88: doesn't show hand 
*** SUMMARY ***
Total pot $0.13 | Rake $0 
Board [8d 2s 6s]
Seat 1: jrponciano (button) folded on the Flop
Seat 3: Schnorrgöigl (small blind) folded before Flop
Seat 4: Moneybaker88 (big blind) collected ($0.13)
Seat 5: Lorpugo folded before Flop (didn't bet)



PokerStars Hand #240913813715:  Hold'em No Limit ($0.01/$0.02 USD) - 2023/01/04 16:14:03 ET
Table 'Bolyai II' 6-max Seat #3 is the button
Seat 1: jrponciano ($0.73 in chips) 
Seat 3: Schnorrgöigl ($1.96 in chips) 
Seat 4: Moneybaker88 ($2.07 in chips) 
Seat 5: Lorpugo ($1.57 in chips) 
Moneybaker88: posts small blind $0.01
Lorpugo: posts big blind $0.02
*** HOLE CARDS ***
Dealt to Lorpugo [Jc 3h]
jrponciano: calls $0.02
Schnorrgöigl: calls $0.02
Zolkolol joins the table at seat #6 
Moneybaker88: folds 
Lorpugo: checks 
*** FLOP *** [Ac 5s 7c]
Lorpugo: checks 
jrponciano: checks 
Schnorrgöigl: checks 
*** TURN *** [Ac 5s 7c] [7s]
Lorpugo: bets $0.05
jrponciano: folds 
Schnorrgöigl: folds 
Uncalled bet ($0.05) returned to Lorpugo
Lorpugo collected $0.07 from pot
Lorpugo: doesn't show hand 
*** SUMMARY ***
Total pot $0.07 | Rake $0 
Board [Ac 5s 7c 7s]
Seat 1: jrponciano folded on the Turn
Seat 3: Schnorrgöigl (button) folded on the Turn
Seat 4: Moneybaker88 (small blind) folded before Flop
Seat 5: Lorpugo (big blind) collected ($0.07)



PokerStars Hand #240913830246:  Hold'em No Limit ($0.01/$0.02 USD) - 2023/01/04 16:14:39 ET
Table 'Bolyai II' 6-max Seat #4 is the button
Seat 1: jrponciano ($0.71 in chips) 
Seat 3: Schnorrgöigl ($1.94 in chips) 
Seat 4: Moneybaker88 ($2.06 in chips) 
Seat 5: Lorpugo ($1.62 in chips) 
Seat 6: Zolkolol ($2 in chips) 
Lorpugo: posts small blind $0.01
Zolkolol: posts big blind $0.02
*** HOLE CARDS ***
Dealt to Lorpugo [6c 6d]
jrponciano: calls $0.02
Schnorrgöigl: calls $0.02
Moneybaker88: folds 
Lorpugo: raises $0.02 to $0.04
Zolkolol: raises $0.12 to $0.16
jrponciano: folds 
Schnorrgöigl: raises $0.16 to $0.32
Lorpugo: folds 
Zolkolol: calls $0.16
*** FLOP *** [Ad 8h As]
jrponciano leaves the table
Zolkolol: checks 
Schnorrgöigl: bets $0.24
Zolkolol: calls $0.24
*** TURN *** [Ad 8h As] [2h]
Zolkolol: checks 
Schnorrgöigl: bets $0.44
Derhatdochnix joins the table at seat #1 
Zolkolol: calls $0.44
*** RIVER *** [Ad 8h As 2h] [9c]
Zolkolol: bets $1 and is all-in
Schnorrgöigl: calls $0.94 and is all-in
Uncalled bet ($0.06) returned to Zolkolol
*** SHOW DOWN ***
Zolkolol: shows [Qc Ac] (three of a kind, Aces)
Schnorrgöigl: shows [Kh Kd] (two pair, Aces and Kings)
Zolkolol collected $3.80 from pot
*** SUMMARY ***
Total pot $3.94 | Rake $0.14 
Board [Ad 8h As 2h 9c]
Seat 1: jrponciano folded before Flop
Seat 3: Schnorrgöigl showed [Kh Kd] and lost with two pair, Aces and Kings
Seat 4: Moneybaker88 (button) folded before Flop (didn't bet)
Seat 5: Lorpugo (small blind) folded before Flop
Seat 6: Zolkolol (big blind) showed [Qc Ac] and won ($3.80) with three of a kind, Aces



PokerStars Hand #240913863103:  Hold'em No Limit ($0.01/$0.02 USD) - 2023/01/04 16:15:47 ET
Table 'Bolyai II' 6-max Seat #5 is the button
Seat 1: Derhatdochnix ($2 in chips) 
Seat 4: Moneybaker88 ($2.06 in chips) 
Seat 5: Lorpugo ($1.58 in chips) 
Seat 6: Zolkolol ($3.86 in chips) 
Zolkolol: posts small blind $0.01
Derhatdochnix: posts big blind $0.02
*** HOLE CARDS ***
Dealt to Lorpugo [Jd 8s]
Moneybaker88: raises $0.03 to $0.05
Lorpugo: folds 
Zolkolol: folds 
Schnorrgöigl leaves the table
Derhatdochnix: calls $0.03
*** FLOP *** [Ad Kd Ts]
giannis731 joins the table at seat #3 
Derhatdochnix: bets $0.06
Moneybaker88: folds 
Uncalled bet ($0.06) returned to Derhatdochnix
Derhatdochnix collected $0.11 from pot
*** SUMMARY ***
Total pot $0.11 | Rake $0 
Board [Ad Kd Ts]
Seat 1: Derhatdochnix (big blind) collected ($0.11)
Seat 4: Moneybaker88 folded on the Flop
Seat 5: Lorpugo (button) folded before Flop (didn't bet)
Seat 6: Zolkolol (small blind) folded before Flop



PokerStars Hand #240913877672:  Hold'em No Limit ($0.01/$0.02 USD) - 2023/01/04 16:16:18 ET
Table 'Bolyai II' 6-max Seat #6 is the button
Seat 1: Derhatdochnix ($2.06 in chips) 
Seat 2: moreira1328 ($2 in chips) 
Seat 4: Moneybaker88 ($2.01 in chips) 
Seat 5: Lorpugo ($1.58 in chips) 
Seat 6: Zolkolol ($3.85 in chips) 
Derhatdochnix: posts small blind $0.01
moreira1328: posts big blind $0.02
*** HOLE CARDS ***
Dealt to Lorpugo [5s 4d]
Moneybaker88: folds 
Lorpugo: folds 
Zolkolol: folds 
Derhatdochnix: raises $0.04 to $0.06
moreira1328: calls $0.04
*** FLOP *** [7h Tc 5d]
Derhatdochnix: bets $0.12
moreira1328: folds 
Uncalled bet ($0.12) returned to Derhatdochnix
Derhatdochnix collected $0.12 from pot
*** SUMMARY ***
Total pot $0.12 | Rake $0 
Board [7h Tc 5d]
Seat 1: Derhatdochnix (small blind) collected ($0.12)
Seat 2: moreira1328 (big blind) folded on the Flop
Seat 4: Moneybaker88 folded before Flop (didn't bet)
Seat 5: Lorpugo folded before Flop (didn't bet)
Seat 6: Zolkolol (button) folded before Flop (didn't bet)



PokerStars Hand #240913894100:  Hold'em No Limit ($0.01/$0.02 USD) - 2023/01/04 16:16:51 ET
Table 'Bolyai II' 6-max Seat #1 is the button
Seat 1: Derhatdochnix ($2.12 in chips) 
Seat 2: moreira1328 ($1.94 in chips) 
Seat 3: giannis731 ($1.60 in chips) 
Seat 4: Moneybaker88 ($2.01 in chips) 
Seat 5: Lorpugo ($1.58 in chips) 
Seat 6: Zolkolol ($3.85 in chips) 
moreira1328: posts small blind $0.01
giannis731: posts big blind $0.02
*** HOLE CARDS ***
Dealt to Lorpugo [3d 2s]
Moneybaker88: folds 
Lorpugo: folds 
Zolkolol: folds 
Derhatdochnix: folds 
moreira1328: raises $0.04 to $0.06
giannis731: folds 
Uncalled bet ($0.04) returned to moreira1328
moreira1328 collected $0.04 from pot
moreira1328: doesn't show hand 
*** SUMMARY ***
Total pot $0.04 | Rake $0 
Seat 1: Derhatdochnix (button) folded before Flop (didn't bet)
Seat 2: moreira1328 (small blind) collected ($0.04)
Seat 3: giannis731 (big blind) folded before Flop
Seat 4: Moneybaker88 folded before Flop (didn't bet)
Seat 5: Lorpugo folded before Flop (didn't bet)
Seat 6: Zolkolol folded before Flop (didn't bet)



PokerStars Hand #240913902050:  Hold'em No Limit ($0.01/$0.02 USD) - 2023/01/04 16:17:08 ET
Table 'Bolyai II' 6-max Seat #2 is the button
Seat 1: Derhatdochnix ($2.12 in chips) 
Seat 2: moreira1328 ($1.96 in chips) 
Seat 3: giannis731 ($1.58 in chips) 
Seat 4: Moneybaker88 ($2.01 in chips) 
Seat 5: Lorpugo ($1.58 in chips) 
Seat 6: Zolkolol ($3.85 in chips) 
giannis731: posts small blind $0.01
Moneybaker88: posts big blind $0.02
*** HOLE CARDS ***
Dealt to Lorpugo [7c Qs]
Lorpugo: folds 
Zolkolol: folds 
Derhatdochnix: folds 
moreira1328: folds 
giannis731: folds 
Uncalled bet ($0.01) returned to Moneybaker88
Moneybaker88 collected $0.02 from pot
Moneybaker88: doesn't show hand 
*** SUMMARY ***
Total pot $0.02 | Rake $0 
Seat 1: Derhatdochnix folded before Flop (didn't bet)
Seat 2: moreira1328 (button) folded before Flop (didn't bet)
Seat 3: giannis731 (small blind) folded before Flop
Seat 4: Moneybaker88 (big blind) collected ($0.02)
Seat 5: Lorpugo folded before Flop (didn't bet)
Seat 6: Zolkolol folded before Flop (didn't bet)



PokerStars Hand #240913912684:  Hold'em No Limit ($0.01/$0.02 USD) - 2023/01/04 16:17:30 ET
Table 'Bolyai II' 6-max Seat #3 is the button
Seat 1: Derhatdochnix ($2.12 in chips) 
Seat 2: moreira1328 ($1.96 in chips) 
Seat 3: giannis731 ($1.57 in chips) 
Seat 4: Moneybaker88 ($2.02 in chips) 
Seat 5: Lorpugo ($1.58 in chips) 
Seat 6: Zolkolol ($3.85 in chips) 
Moneybaker88: posts small blind $0.01
Lorpugo: posts big blind $0.02
*** HOLE CARDS ***
Dealt to Lorpugo [Kc 3d]
Zolkolol: folds 
Derhatdochnix: folds 
moreira1328: folds 
giannis731: folds 
Moneybaker88: folds 
Uncalled bet ($0.01) returned to Lorpugo
Lorpugo collected $0.02 from pot
Lorpugo: doesn't show hand 
*** SUMMARY ***
Total pot $0.02 | Rake $0 
Seat 1: Derhatdochnix folded before Flop (didn't bet)
Seat 2: moreira1328 folded before Flop (didn't bet)
Seat 3: giannis731 (button) folded before Flop (didn't bet)
Seat 4: Moneybaker88 (small blind) folded before Flop
Seat 5: Lorpugo (big blind) collected ($0.02)
Seat 6: Zolkolol folded before Flop (didn't bet)



PokerStars Hand #240913922159:  Hold'em No Limit ($0.01/$0.02 USD) - 2023/01/04 16:17:49 ET
Table 'Bolyai II' 6-max Seat #4 is the button
Seat 1: Derhatdochnix ($2.12 in chips) 
Seat 2: moreira1328 ($1.96 in chips) 
Seat 3: giannis731 ($1.57 in chips) 
Seat 4: Moneybaker88 ($2.01 in chips) 
Seat 5: Lorpugo ($1.59 in chips) 
Lorpugo: posts small blind $0.01
Derhatdochnix: posts big blind $0.02
*** HOLE CARDS ***
Dealt to Lorpugo [Ts Jc]
Zolkolol leaves the table
moreira1328: folds 
cherry620 joins the table at seat #6 
giannis731: folds 
Moneybaker88: folds 
Lorpugo: raises $0.04 to $0.06
Derhatdochnix: calls $0.04
*** FLOP *** [3s 9c 3h]
Lorpugo: checks 
Derhatdochnix: bets $0.04
Lorpugo: raises $0.04 to $0.08
Derhatdochnix: folds 
Uncalled bet ($0.04) returned to Lorpugo
Lorpugo collected $0.19 from pot
Lorpugo: doesn't show hand 
*** SUMMARY ***
Total pot $0.20 | Rake $0.01 
Board [3s 9c 3h]
Seat 1: Derhatdochnix (big blind) folded on the Flop
Seat 2: moreira1328 folded before Flop (didn't bet)
Seat 3: giannis731 folded before Flop (didn't bet)
Seat 4: Moneybaker88 (button) folded before Flop (didn't bet)
Seat 5: Lorpugo (small blind) collected ($0.19)



PokerStars Hand #240913945033:  Hold'em No Limit ($0.01/$0.02 USD) - 2023/01/04 16:18:37 ET
Table 'Bolyai II' 6-max Seat #5 is the button
Seat 1: Derhatdochnix ($2.02 in chips) 
Seat 2: moreira1328 ($1.96 in chips) 
Seat 3: giannis731 ($1.57 in chips) 
Seat 4: Moneybaker88 ($2.01 in chips) 
Seat 5: Lorpugo ($1.68 in chips) 
Derhatdochnix: posts small blind $0.01
moreira1328: posts big blind $0.02
*** HOLE CARDS ***
Dealt to Lorpugo [6s 4c]
giannis731: folds 
Moneybaker88: raises $0.03 to $0.05
Lorpugo: folds 
Derhatdochnix: calls $0.04
moreira1328: folds 
*** FLOP *** [Kc 3c 9c]
Derhatdochnix: checks 
Moneybaker88: checks 
*** TURN *** [Kc 3c 9c] [Ad]
Derhatdochnix: checks 
Moneybaker88: checks 
*** RIVER *** [Kc 3c 9c Ad] [5d]
Derhatdochnix: bets $0.02
Moneybaker88: folds 
Uncalled bet ($0.02) returned to Derhatdochnix
Derhatdochnix collected $0.12 from pot
*** SUMMARY ***
Total pot $0.12 | Rake $0 
Board [Kc 3c 9c Ad 5d]
Seat 1: Derhatdochnix (small blind) collected ($0.12)
Seat 2: moreira1328 (big blind) folded before Flop
Seat 3: giannis731 folded before Flop (didn't bet)
Seat 4: Moneybaker88 folded on the River
Seat 5: Lorpugo (button) folded before Flop (didn't bet)



PokerStars Hand #240913965613:  Hold'em No Limit ($0.01/$0.02 USD) - 2023/01/04 16:19:20 ET
Table 'Bolyai II' 6-max Seat #1 is the button
Seat 1: Derhatdochnix ($2.09 in chips) 
Seat 2: moreira1328 ($1.94 in chips) 
Seat 3: giannis731 ($1.57 in chips) 
Seat 4: Moneybaker88 ($2 in chips) 
Seat 5: Lorpugo ($1.68 in chips) 
moreira1328: posts small blind $0.01
giannis731: posts big blind $0.02
*** HOLE CARDS ***
Dealt to Lorpugo [As 7d]
Moneybaker88: folds 
Lorpugo: raises $0.02 to $0.04
Derhatdochnix: folds 
moreira1328: folds 
giannis731: calls $0.02
*** FLOP *** [Qd 9h 5d]
giannis731: checks 
Lorpugo: checks 
*** TURN *** [Qd 9h 5d] [5s]
giannis731: checks 
Lorpugo: checks 
*** RIVER *** [Qd 9h 5d 5s] [2c]
giannis731: checks 
Lorpugo: bets $0.02
giannis731: folds 
Uncalled bet ($0.02) returned to Lorpugo
Lorpugo collected $0.09 from pot
Lorpugo: doesn't show hand 
*** SUMMARY ***
Total pot $0.09 | Rake $0 
Board [Qd 9h 5d 5s 2c]
Seat 1: Derhatdochnix (button) folded before Flop (didn't bet)
Seat 2: moreira1328 (small blind) folded before Flop
Seat 3: giannis731 (big blind) folded on the River
Seat 4: Moneybaker88 folded before Flop (didn't bet)
Seat 5: Lorpugo collected ($0.09)



PokerStars Hand #240913985252:  Hold'em No Limit ($0.01/$0.02 USD) - 2023/01/04 16:20:01 ET
Table 'Bolyai II' 6-max Seat #2 is the button
Seat 1: Derhatdochnix ($2.09 in chips) 
Seat 2: moreira1328 ($1.93 in chips) 
Seat 3: giannis731 ($1.53 in chips) 
Seat 4: Moneybaker88 ($2 in chips) 
Seat 5: Lorpugo ($1.73 in chips) 
giannis731: posts small blind $0.01
Moneybaker88: posts big blind $0.02
*** HOLE CARDS ***
Dealt to Lorpugo [5s Ah]
Lorpugo: raises $0.02 to $0.04
Derhatdochnix: calls $0.04
moreira1328: calls $0.04
giannis731: folds 
Moneybaker88: folds 
*** FLOP *** [Tc 4h 7h]
Lorpugo: bets $0.06
Derhatdochnix: calls $0.06
moreira1328: calls $0.06
*** TURN *** [Tc 4h 7h] [Kh]
Lorpugo: bets $0.28
Derhatdochnix: folds 
moreira1328: folds 
Uncalled bet ($0.28) returned to Lorpugo
Lorpugo collected $0.32 from pot
Lorpugo: doesn't show hand 
*** SUMMARY ***
Total pot $0.33 | Rake $0.01 
Board [Tc 4h 7h Kh]
Seat 1: Derhatdochnix folded on the Turn
Seat 2: moreira1328 (button) folded on the Turn
Seat 3: giannis731 (small blind) folded before Flop
Seat 4: Moneybaker88 (big blind) folded before Flop
Seat 5: Lorpugo collected ($0.32)



PokerStars Hand #240914011798:  Hold'em No Limit ($0.01/$0.02 USD) - 2023/01/04 16:20:56 ET
Table 'Bolyai II' 6-max Seat #3 is the button
Seat 1: Derhatdochnix ($1.99 in chips) 
Seat 2: moreira1328 ($1.83 in chips) 
Seat 3: giannis731 ($1.52 in chips) 
Seat 4: Moneybaker88 ($2 in chips) 
Seat 5: Lorpugo ($1.95 in chips) 
Moneybaker88: posts small blind $0.01
Lorpugo: posts big blind $0.02
*** HOLE CARDS ***
Dealt to Lorpugo [5d 9d]
Derhatdochnix: folds 
moreira1328: folds 
giannis731: folds 
Moneybaker88: raises $0.03 to $0.05
Lorpugo: raises $0.11 to $0.16
Moneybaker88: calls $0.11
*** FLOP *** [Ks 2c Ac]
Moneybaker88: checks 
Lorpugo: bets $0.14
Moneybaker88: calls $0.14
*** TURN *** [Ks 2c Ac] [7d]
Moneybaker88: checks 
Lorpugo: checks 
*** RIVER *** [Ks 2c Ac 7d] [4c]
Moneybaker88: bets $0.26
Lorpugo: folds 
Uncalled bet ($0.26) returned to Moneybaker88
Moneybaker88 collected $0.58 from pot
Moneybaker88: doesn't show hand 
*** SUMMARY ***
Total pot $0.60 | Rake $0.02 
Board [Ks 2c Ac 7d 4c]
Seat 1: Derhatdochnix folded before Flop (didn't bet)
Seat 2: moreira1328 folded before Flop (didn't bet)
Seat 3: giannis731 (button) folded before Flop (didn't bet)
Seat 4: Moneybaker88 (small blind) collected ($0.58)
Seat 5: Lorpugo (big blind) folded on the River



PokerStars Hand #240914044105:  Hold'em No Limit ($0.01/$0.02 USD) - 2023/01/04 16:22:03 ET
Table 'Bolyai II' 6-max Seat #4 is the button
Seat 1: Derhatdochnix ($1.99 in chips) 
Seat 2: moreira1328 ($1.83 in chips) 
Seat 3: giannis731 ($1.52 in chips) 
Seat 4: Moneybaker88 ($2.28 in chips) 
Seat 5: Lorpugo ($1.65 in chips) 
Seat 6: cherry620 ($2 in chips) 
Lorpugo: posts small blind $0.01
cherry620: posts big blind $0.02
*** HOLE CARDS ***
Dealt to Lorpugo [2d Kd]
Derhatdochnix: folds 
moreira1328: raises $0.04 to $0.06
giannis731: folds 
Moneybaker88: calls $0.06
Lorpugo: folds 
cherry620: folds 
*** FLOP *** [Ad 9h 8h]
moreira1328: checks 
Moneybaker88: bets $0.08
moreira1328: calls $0.08
*** TURN *** [Ad 9h 8h] [7c]
moreira1328: checks 
Moneybaker88: checks 
*** RIVER *** [Ad 9h 8h 7c] [As]
moreira1328: bets $0.09
Moneybaker88: calls $0.09
*** SHOW DOWN ***
moreira1328: shows [9c Jc] (two pair, Aces and Nines)
Moneybaker88: shows [Jh Js] (two pair, Aces and Jacks)
Moneybaker88 collected $0.47 from pot
*** SUMMARY ***
Total pot $0.49 | Rake $0.02 
Board [Ad 9h 8h 7c As]
Seat 1: Derhatdochnix folded before Flop (didn't bet)
Seat 2: moreira1328 showed [9c Jc] and lost with two pair, Aces and Nines
Seat 3: giannis731 folded before Flop (didn't bet)
Seat 4: Moneybaker88 (button) showed [Jh Js] and won ($0.47) with two pair, Aces and Jacks
Seat 5: Lorpugo (small blind) folded before Flop
Seat 6: cherry620 (big blind) folded before Flop



PokerStars Hand #240914070276:  Hold'em No Limit ($0.01/$0.02 USD) - 2023/01/04 16:22:58 ET
Table 'Bolyai II' 6-max Seat #5 is the button
Seat 1: Derhatdochnix ($1.99 in chips) 
Seat 2: moreira1328 ($1.60 in chips) 
Seat 3: giannis731 ($1.52 in chips) 
Seat 4: Moneybaker88 ($2.52 in chips) 
Seat 5: Lorpugo ($1.64 in chips) 
Seat 6: cherry620 ($2 in chips) 
cherry620: posts small blind $0.01
Derhatdochnix: posts big blind $0.02
*** HOLE CARDS ***
Dealt to Lorpugo [Ks Jc]
moreira1328: folds 
giannis731: folds 
Moneybaker88: folds 
Lorpugo: raises $0.05 to $0.07
cherry620: raises $0.17 to $0.24
Derhatdochnix: folds 
Lorpugo: folds 
Uncalled bet ($0.17) returned to cherry620
cherry620 collected $0.16 from pot
cherry620: doesn't show hand 
*** SUMMARY ***
Total pot $0.16 | Rake $0 
Seat 1: Derhatdochnix (big blind) folded before Flop
Seat 2: moreira1328 folded before Flop (didn't bet)
Seat 3: giannis731 folded before Flop (didn't bet)
Seat 4: Moneybaker88 folded before Flop (didn't bet)
Seat 5: Lorpugo (button) folded before Flop
Seat 6: cherry620 (small blind) collected ($0.16)



PokerStars Hand #240914082067:  Hold'em No Limit ($0.01/$0.02 USD) - 2023/01/04 16:23:22 ET
Table 'Bolyai II' 6-max Seat #6 is the button
Seat 1: Derhatdochnix ($1.97 in chips) 
Seat 2: moreira1328 ($1.60 in chips) 
Seat 3: giannis731 ($1.52 in chips) 
Seat 4: Moneybaker88 ($2.52 in chips) 
Seat 5: Lorpugo ($1.57 in chips) 
Seat 6: cherry620 ($2.09 in chips) 
Derhatdochnix: posts small blind $0.01
moreira1328: posts big blind $0.02
*** HOLE CARDS ***
Dealt to Lorpugo [9s Td]
giannis731: folds 
Moneybaker88: folds 
Lorpugo: raises $0.05 to $0.07
cherry620: raises $0.17 to $0.24
Derhatdochnix: folds 
moreira1328: folds 
Lorpugo: raises $1.33 to $1.57 and is all-in
cherry620: calls $1.33
*** FLOP *** [Qc Qh 3d]
*** TURN *** [Qc Qh 3d] [6h]
*** RIVER *** [Qc Qh 3d 6h] [Qs]
*** SHOW DOWN ***
Lorpugo: shows [9s Td] (three of a kind, Queens)
cherry620: shows [Ac Ad] (a full house, Queens full of Aces)
cherry620 collected $3.06 from pot
*** SUMMARY ***
Total pot $3.17 | Rake $0.11 
Board [Qc Qh 3d 6h Qs]
Seat 1: Derhatdochnix (small blind) folded before Flop
Seat 2: moreira1328 (big blind) folded before Flop
Seat 3: giannis731 folded before Flop (didn't bet)
Seat 4: Moneybaker88 folded before Flop (didn't bet)
Seat 5: Lorpugo showed [9s Td] and lost with three of a kind, Queens
Seat 6: cherry620 (button) showed [Ac Ad] and won ($3.06) with a full house, Queens full of Aces



PokerStars Hand #240914119059:  Hold'em No Limit ($0.01/$0.02 USD) - 2023/01/04 16:24:40 ET
Table 'Bolyai II' 6-max Seat #2 is the button
Seat 1: Derhatdochnix ($1.96 in chips) 
Seat 2: moreira1328 ($1.66 in chips) 
Seat 3: giannis731 ($1.50 in chips) 
Seat 4: Moneybaker88 ($2.52 in chips) 
Seat 5: Lorpugo ($1.60 in chips) 
Seat 6: cherry620 ($3.52 in chips) 
giannis731: posts small blind $0.01
Moneybaker88: posts big blind $0.02
*** HOLE CARDS ***
Dealt to Lorpugo [Kc 2h]
Lorpugo: folds 
cherry620: raises $0.04 to $0.06
Derhatdochnix: folds 
moreira1328: folds 
giannis731: calls $0.05
Moneybaker88: folds 
*** FLOP *** [2d 8h Jd]
giannis731: checks 
cherry620: checks 
*** TURN *** [2d 8h Jd] [4d]
giannis731: checks 
cherry620: checks 
*** RIVER *** [2d 8h Jd 4d] [7d]
giannis731: checks 
cherry620: checks 
*** SHOW DOWN ***
giannis731: shows [3h 4h] (a pair of Fours)
cherry620: mucks hand 
giannis731 collected $0.14 from pot
*** SUMMARY ***
Total pot $0.14 | Rake $0 
Board [2d 8h Jd 4d 7d]
Seat 1: Derhatdochnix folded before Flop (didn't bet)
Seat 2: moreira1328 (button) folded before Flop (didn't bet)
Seat 3: giannis731 (small blind) showed [3h 4h] and won ($0.14) with a pair of Fours
Seat 4: Moneybaker88 (big blind) folded before Flop
Seat 5: Lorpugo folded before Flop (didn't bet)
Seat 6: cherry620 mucked [Ah Kh]



PokerStars Hand #240914137206:  Hold'em No Limit ($0.01/$0.02 USD) - 2023/01/04 16:25:18 ET
Table 'Bolyai II' 6-max Seat #3 is the button
Seat 1: Derhatdochnix ($1.96 in chips) 
Seat 2: moreira1328 ($1.66 in chips) 
Seat 3: giannis731 ($1.58 in chips) 
Seat 4: Moneybaker88 ($2.50 in chips) 
Seat 5: Lorpugo ($1.60 in chips) 
Seat 6: cherry620 ($3.46 in chips) 
Moneybaker88: posts small blind $0.01
Lorpugo: posts big blind $0.02
*** HOLE CARDS ***
Dealt to Lorpugo [9h 5s]
cherry620: folds 
Derhatdochnix: raises $0.08 to $0.10
moreira1328: folds 
giannis731: folds 
Moneybaker88: folds 
Lorpugo: folds 
Uncalled bet ($0.08) returned to Derhatdochnix
Derhatdochnix collected $0.05 from pot
*** SUMMARY ***
Total pot $0.05 | Rake $0 
Seat 1: Derhatdochnix collected ($0.05)
Seat 2: moreira1328 folded before Flop (didn't bet)
Seat 3: giannis731 (button) folded before Flop (didn't bet)
Seat 4: Moneybaker88 (small blind) folded before Flop
Seat 5: Lorpugo (big blind) folded before Flop
Seat 6: cherry620 folded before Flop (didn't bet)



PokerStars Hand #240914146879:  Hold'em No Limit ($0.01/$0.02 USD) - 2023/01/04 16:25:38 ET
Table 'Bolyai II' 6-max Seat #4 is the button
Seat 1: Derhatdochnix ($1.99 in chips) 
Seat 2: moreira1328 ($1.66 in chips) 
Seat 3: giannis731 ($1.58 in chips) 
Seat 4: Moneybaker88 ($2.49 in chips) 
Seat 5: Lorpugo ($1.58 in chips) 
Seat 6: cherry620 ($3.46 in chips) 
Lorpugo: posts small blind $0.01
cherry620: posts big blind $0.02
*** HOLE CARDS ***
Dealt to Lorpugo [3h 9s]
Derhatdochnix: raises $0.06 to $0.08
moreira1328: folds 
giannis731: folds 
Moneybaker88: folds 
Lorpugo: folds 
cherry620: raises $0.16 to $0.24
Derhatdochnix: calls $0.16
*** FLOP *** [Kh 2d 3c]
cherry620: checks 
Derhatdochnix: checks 
*** TURN *** [Kh 2d 3c] [8s]
cherry620: checks 
Derhatdochnix: checks 
*** RIVER *** [Kh 2d 3c 8s] [3d]
cherry620: bets $0.66
Derhatdochnix: folds 
Uncalled bet ($0.66) returned to cherry620
cherry620 collected $0.47 from pot
cherry620: doesn't show hand 
*** SUMMARY ***
Total pot $0.49 | Rake $0.02 
Board [Kh 2d 3c 8s 3d]
Seat 1: Derhatdochnix folded on the River
Seat 2: moreira1328 folded before Flop (didn't bet)
Seat 3: giannis731 folded before Flop (didn't bet)
Seat 4: Moneybaker88 (button) folded before Flop (didn't bet)
Seat 5: Lorpugo (small blind) folded before Flop
Seat 6: cherry620 (big blind) collected ($0.47)



PokerStars Hand #240914180055:  Hold'em No Limit ($0.01/$0.02 USD) - 2023/01/04 16:26:48 ET
Table 'Bolyai II' 6-max Seat #5 is the button
Seat 1: Derhatdochnix ($1.75 in chips) 
Seat 2: moreira1328 ($1.66 in chips) 
Seat 3: giannis731 ($1.58 in chips) 
Seat 4: Moneybaker88 ($2.49 in chips) 
Seat 5: Lorpugo ($1.57 in chips) 
Seat 6: cherry620 ($3.69 in chips) 
cherry620: posts small blind $0.01
Derhatdochnix: posts big blind $0.02
*** HOLE CARDS ***
Dealt to Lorpugo [Qh 4c]
moreira1328: folds 
giannis731: calls $0.02
Moneybaker88: folds 
Lorpugo: folds 
cherry620: folds 
Derhatdochnix: checks 
*** FLOP *** [3h 3s Jh]
Derhatdochnix: checks 
giannis731: checks 
*** TURN *** [3h 3s Jh] [9c]
Derhatdochnix: bets $0.02
giannis731: calls $0.02
*** RIVER *** [3h 3s Jh 9c] [Ts]
Derhatdochnix: bets $0.05
giannis731: folds 
Uncalled bet ($0.05) returned to Derhatdochnix
Derhatdochnix collected $0.09 from pot
*** SUMMARY ***
Total pot $0.09 | Rake $0 
Board [3h 3s Jh 9c Ts]
Seat 1: Derhatdochnix (big blind) collected ($0.09)
Seat 2: moreira1328 folded before Flop (didn't bet)
Seat 3: giannis731 folded on the River
Seat 4: Moneybaker88 folded before Flop (didn't bet)
Seat 5: Lorpugo (button) folded before Flop (didn't bet)
Seat 6: cherry620 (small blind) folded before Flop



PokerStars Hand #240914202344:  Hold'em No Limit ($0.01/$0.02 USD) - 2023/01/04 16:27:35 ET
Table 'Bolyai II' 6-max Seat #6 is the button
Seat 1: Derhatdochnix ($1.80 in chips) 
Seat 2: moreira1328 ($1.66 in chips) 
Seat 3: giannis731 ($1.54 in chips) 
Seat 4: Moneybaker88 ($2.49 in chips) 
Seat 5: Lorpugo ($1.57 in chips) 
Seat 6: cherry620 ($3.68 in chips) 
Derhatdochnix: posts small blind $0.01
moreira1328: posts big blind $0.02
*** HOLE CARDS ***
Dealt to Lorpugo [3d 7d]
giannis731: calls $0.02
Moneybaker88: folds 
Lorpugo: calls $0.02
cherry620: calls $0.02
Derhatdochnix: calls $0.01
moreira1328: checks 
*** FLOP *** [4d Qd Ad]
Derhatdochnix: bets $0.04
moreira1328: folds 
giannis731: folds 
Lorpugo: raises $1.51 to $1.55 and is all-in
cherry620: folds 
Derhatdochnix: calls $1.51
*** TURN *** [4d Qd Ad] [2h]
*** RIVER *** [4d Qd Ad 2h] [Ah]
*** SHOW DOWN ***
Derhatdochnix: shows [2d 9d] (a flush, Ace high)
Lorpugo: shows [3d 7d] (a flush, Ace high - lower cards)
Derhatdochnix collected $3.09 from pot
*** SUMMARY ***
Total pot $3.20 | Rake $0.11 
Board [4d Qd Ad 2h Ah]
Seat 1: Derhatdochnix (small blind) showed [2d 9d] and won ($3.09) with a flush, Ace high
Seat 2: moreira1328 (big blind) folded on the Flop
Seat 3: giannis731 folded on the Flop
Seat 4: Moneybaker88 folded before Flop (didn't bet)
Seat 5: Lorpugo showed [3d 7d] and lost with a flush, Ace high
Seat 6: cherry620 (button) folded on the Flop



PokerStars Hand #240914252911:  Hold'em No Limit ($0.01/$0.02 USD) - 2023/01/04 16:29:22 ET
Table 'Bolyai II' 6-max Seat #2 is the button
Seat 1: Derhatdochnix ($3.32 in chips) 
Seat 2: moreira1328 ($1.96 in chips) 
Seat 3: giannis731 ($1.50 in chips) 
Seat 4: Moneybaker88 ($2.17 in chips) 
Seat 5: Lorpugo ($1.60 in chips) 
Seat 6: cherry620 ($3.66 in chips) 
giannis731: posts small blind $0.01
Moneybaker88: posts big blind $0.02
*** HOLE CARDS ***
Dealt to Lorpugo [9d Td]
Lorpugo: raises $0.10 to $0.12
cherry620: folds 
Derhatdochnix: folds 
moreira1328: folds 
giannis731: folds 
Moneybaker88: folds 
Uncalled bet ($0.10) returned to Lorpugo
Lorpugo collected $0.05 from pot
Lorpugo: doesn't show hand 
*** SUMMARY ***
Total pot $0.05 | Rake $0 
Seat 1: Derhatdochnix folded before Flop (didn't bet)
Seat 2: moreira1328 (button) folded before Flop (didn't bet)
Seat 3: giannis731 (small blind) folded before Flop
Seat 4: Moneybaker88 (big blind) folded before Flop
Seat 5: Lorpugo collected ($0.05)
Seat 6: cherry620 folded before Flop (didn't bet)



PokerStars Hand #240914261467:  Hold'em No Limit ($0.01/$0.02 USD) - 2023/01/04 16:29:41 ET
Table 'Bolyai II' 6-max Seat #3 is the button
Seat 1: Derhatdochnix ($3.32 in chips) 
Seat 2: moreira1328 ($1.96 in chips) 
Seat 3: giannis731 ($1.49 in chips) 
Seat 4: Moneybaker88 ($2.15 in chips) 
Seat 5: Lorpugo ($1.63 in chips) 
Seat 6: cherry620 ($3.66 in chips) 
Moneybaker88: posts small blind $0.01
Lorpugo: posts big blind $0.02
*** HOLE CARDS ***
Dealt to Lorpugo [6c Td]
cherry620: folds 
Derhatdochnix: raises $0.04 to $0.06
moreira1328: folds 
giannis731: folds 
Moneybaker88: calls $0.05
Lorpugo: folds 
*** FLOP *** [Kd Js 2s]
Moneybaker88: bets $0.08
Derhatdochnix: calls $0.08
*** TURN *** [Kd Js 2s] [7s]
Moneybaker88: bets $0.13
Derhatdochnix: folds 
Uncalled bet ($0.13) returned to Moneybaker88
Moneybaker88 collected $0.29 from pot
Moneybaker88: doesn't show hand 
*** SUMMARY ***
Total pot $0.30 | Rake $0.01 
Board [Kd Js 2s 7s]
Seat 1: Derhatdochnix folded on the Turn
Seat 2: moreira1328 folded before Flop (didn't bet)
Seat 3: giannis731 (button) folded before Flop (didn't bet)
Seat 4: Moneybaker88 (small blind) collected ($0.29)
Seat 5: Lorpugo (big blind) folded before Flop
Seat 6: cherry620 folded before Flop (didn't bet)



PokerStars Hand #240914288575:  Hold'em No Limit ($0.01/$0.02 USD) - 2023/01/04 16:30:38 ET
Table 'Bolyai II' 6-max Seat #4 is the button
Seat 1: Derhatdochnix ($3.18 in chips) 
Seat 2: moreira1328 ($1.96 in chips) 
Seat 3: giannis731 ($1.49 in chips) 
Seat 4: Moneybaker88 ($2.30 in chips) 
Seat 5: Lorpugo ($1.61 in chips) 
Seat 6: cherry620 ($3.66 in chips) 
Lorpugo: posts small blind $0.01
cherry620: posts big blind $0.02
*** HOLE CARDS ***
Dealt to Lorpugo [Ks 7d]
Derhatdochnix: folds 
moreira1328: raises $0.03 to $0.05
giannis731: calls $0.05
Moneybaker88: folds 
Lorpugo: folds 
cherry620: calls $0.03
*** FLOP *** [9h Td Th]
cherry620: checks 
moreira1328: checks 
giannis731: checks 
*** TURN *** [9h Td Th] [Qd]
cherry620: checks 
moreira1328: bets $0.05
giannis731: raises $0.05 to $0.10
cherry620: folds 
moreira1328: raises $0.12 to $0.22
giannis731: raises $0.12 to $0.34
moreira1328: calls $0.12
*** RIVER *** [9h Td Th Qd] [2c]
moreira1328: checks 
giannis731: checks 
*** SHOW DOWN ***
moreira1328: shows [Ah Tc] (three of a kind, Tens)
giannis731: shows [Ts As] (three of a kind, Tens)
moreira1328 collected $0.41 from pot
giannis731 collected $0.40 from pot
*** SUMMARY ***
Total pot $0.84 | Rake $0.03 
Board [9h Td Th Qd 2c]
Seat 1: Derhatdochnix folded before Flop (didn't bet)
Seat 2: moreira1328 showed [Ah Tc] and won ($0.41) with three of a kind, Tens
Seat 3: giannis731 showed [Ts As] and won ($0.40) with three of a kind, Tens
Seat 4: Moneybaker88 (button) folded before Flop (didn't bet)
Seat 5: Lorpugo (small blind) folded before Flop
Seat 6: cherry620 (big blind) folded on the Turn



PokerStars Hand #240914315743:  Hold'em No Limit ($0.01/$0.02 USD) - 2023/01/04 16:31:35 ET
Table 'Bolyai II' 6-max Seat #5 is the button
Seat 2: moreira1328 ($1.98 in chips) 
Seat 3: giannis731 ($1.50 in chips) 
Seat 4: Moneybaker88 ($2.30 in chips) 
Seat 5: Lorpugo ($1.60 in chips) 
Seat 6: cherry620 ($3.61 in chips) 
cherry620: posts small blind $0.01
moreira1328: posts big blind $0.02
*** HOLE CARDS ***
Dealt to Lorpugo [Qs Kh]
giannis731: folds 
Moneybaker88: raises $0.03 to $0.05
Lorpugo: raises $0.11 to $0.16
cherry620: folds 
moreira1328: folds 
Moneybaker88: calls $0.11
*** FLOP *** [4c 6h 8h]
Moneybaker88: checks 
Lorpugo: bets $0.06
Moneybaker88: folds 
Uncalled bet ($0.06) returned to Lorpugo
Lorpugo collected $0.34 from pot
Lorpugo: doesn't show hand 
*** SUMMARY ***
Total pot $0.35 | Rake $0.01 
Board [4c 6h 8h]
Seat 2: moreira1328 (big blind) folded before Flop
Seat 3: giannis731 folded before Flop (didn't bet)
Seat 4: Moneybaker88 folded on the Flop
Seat 5: Lorpugo (button) collected ($0.34)
Seat 6: cherry620 (small blind) folded before Flop



PokerStars Hand #240914331518:  Hold'em No Limit ($0.01/$0.02 USD) - 2023/01/04 16:32:08 ET
Table 'Bolyai II' 6-max Seat #6 is the button
Seat 2: moreira1328 ($1.96 in chips) 
Seat 3: giannis731 ($1.50 in chips) 
Seat 4: Moneybaker88 ($2.14 in chips) 
Seat 5: Lorpugo ($1.78 in chips) 
Seat 6: cherry620 ($3.60 in chips) 
moreira1328: posts small blind $0.01
giannis731: posts big blind $0.02
*** HOLE CARDS ***
Dealt to Lorpugo [8c 5d]
Moneybaker88: raises $0.03 to $0.05
Lorpugo: folds 
cherry620: folds 
moreira1328: folds 
giannis731: folds 
Uncalled bet ($0.03) returned to Moneybaker88
Moneybaker88 collected $0.05 from pot
Moneybaker88: doesn't show hand 
*** SUMMARY ***
Total pot $0.05 | Rake $0 
Seat 2: moreira1328 (small blind) folded before Flop
Seat 3: giannis731 (big blind) folded before Flop
Seat 4: Moneybaker88 collected ($0.05)
Seat 5: Lorpugo folded before Flop (didn't bet)
Seat 6: cherry620 (button) folded before Flop (didn't bet)



PokerStars Hand #240914338108:  Hold'em No Limit ($0.01/$0.02 USD) - 2023/01/04 16:32:22 ET
Table 'Bolyai II' 6-max Seat #2 is the button
Seat 2: moreira1328 ($1.95 in chips) 
Seat 3: giannis731 ($1.48 in chips) 
Seat 5: Lorpugo ($1.78 in chips) 
Seat 6: cherry620 ($3.60 in chips) 
giannis731: posts small blind $0.01
Lorpugo: posts big blind $0.02
*** HOLE CARDS ***
Dealt to Lorpugo [4s 3d]
Moneybaker88 leaves the table
cherry620: folds 
moreira1328: folds 
giannis731: folds 
Uncalled bet ($0.01) returned to Lorpugo
Lorpugo collected $0.02 from pot
Lorpugo: doesn't show hand 
*** SUMMARY ***
Total pot $0.02 | Rake $0 
Seat 2: moreira1328 (button) folded before Flop (didn't bet)
Seat 3: giannis731 (small blind) folded before Flop
Seat 5: Lorpugo (big blind) collected ($0.02)
Seat 6: cherry620 folded before Flop (didn't bet)



PokerStars Hand #240914342727:  Hold'em No Limit ($0.01/$0.02 USD) - 2023/01/04 16:32:32 ET
Table 'Bolyai II' 6-max Seat #3 is the button
Seat 2: moreira1328 ($1.95 in chips) 
Seat 3: giannis731 ($1.47 in chips) 
Seat 5: Lorpugo ($1.79 in chips) 
Seat 6: cherry620 ($3.60 in chips) 
Lorpugo: posts small blind $0.01
cherry620: posts big blind $0.02
*** HOLE CARDS ***
Dealt to Lorpugo [7c 5h]
moreira1328: raises $0.04 to $0.06
giannis731: folds 
molecule1100 joins the table at seat #4 
Lorpugo: folds 
cherry620: folds 
Uncalled bet ($0.04) returned to moreira1328
moreira1328 collected $0.05 from pot
moreira1328: doesn't show hand 
*** SUMMARY ***
Total pot $0.05 | Rake $0 
Seat 2: moreira1328 collected ($0.05)
Seat 3: giannis731 (button) folded before Flop (didn't bet)
Seat 5: Lorpugo (small blind) folded before Flop
Seat 6: cherry620 (big blind) folded before Flop



PokerStars Hand #240914348340:  Hold'em No Limit ($0.01/$0.02 USD) - 2023/01/04 16:32:44 ET
Table 'Bolyai II' 6-max Seat #5 is the button
Seat 2: moreira1328 ($1.98 in chips) 
Seat 3: giannis731 ($1.47 in chips) 
Seat 5: Lorpugo ($1.78 in chips) 
Seat 6: cherry620 ($3.58 in chips) 
cherry620: posts small blind $0.01
moreira1328: posts big blind $0.02
*** HOLE CARDS ***
Dealt to Lorpugo [9s 4h]
giannis731: calls $0.02
Lorpugo: folds 
cherry620: folds 
moreira1328: checks 
*** FLOP *** [Ts Qd Kd]
moreira1328: checks 
giannis731: bets $0.02
moreira1328: calls $0.02
*** TURN *** [Ts Qd Kd] [8s]
moreira1328: checks 
giannis731: bets $0.06
moreira1328: folds 
Uncalled bet ($0.06) returned to giannis731
giannis731 collected $0.09 from pot
*** SUMMARY ***
Total pot $0.09 | Rake $0 
Board [Ts Qd Kd 8s]
Seat 2: moreira1328 (big blind) folded on the Turn
Seat 3: giannis731 collected ($0.09)
Seat 5: Lorpugo (button) folded before Flop (didn't bet)
Seat 6: cherry620 (small blind) folded before Flop



PokerStars Hand #240914364022:  Hold'em No Limit ($0.01/$0.02 USD) - 2023/01/04 16:33:18 ET
Table 'Bolyai II' 6-max Seat #6 is the button
Seat 2: moreira1328 ($1.94 in chips) 
Seat 3: giannis731 ($1.52 in chips) 
Seat 5: Lorpugo ($1.78 in chips) 
Seat 6: cherry620 ($3.57 in chips) 
moreira1328: posts small blind $0.01
giannis731: posts big blind $0.02
*** HOLE CARDS ***
Dealt to Lorpugo [5s Jc]
Lorpugo: folds 
cherry620: folds 
moreira1328: raises $0.04 to $0.06
giannis731: folds 
Uncalled bet ($0.04) returned to moreira1328
moreira1328 collected $0.04 from pot
moreira1328: doesn't show hand 
*** SUMMARY ***
Total pot $0.04 | Rake $0 
Seat 2: moreira1328 (small blind) collected ($0.04)
Seat 3: giannis731 (big blind) folded before Flop
Seat 5: Lorpugo folded before Flop (didn't bet)
Seat 6: cherry620 (button) folded before Flop (didn't bet)



PokerStars Hand #240914369441:  Hold'em No Limit ($0.01/$0.02 USD) - 2023/01/04 16:33:29 ET
Table 'Bolyai II' 6-max Seat #2 is the button
Seat 2: moreira1328 ($1.96 in chips) 
Seat 3: giannis731 ($1.50 in chips) 
Seat 4: molecule1100 ($2 in chips) 
Seat 5: Lorpugo ($1.78 in chips) 
Seat 6: cherry620 ($3.57 in chips) 
giannis731: posts small blind $0.01
molecule1100: posts big blind $0.02
*** HOLE CARDS ***
Dealt to Lorpugo [9s 8s]
Lorpugo: raises $0.02 to $0.04
cherry620: folds 
moreira1328: folds 
giannis731: calls $0.03
molecule1100: folds 
*** FLOP *** [Ks Jc 8h]
giannis731: checks 
Lorpugo: checks 
*** TURN *** [Ks Jc 8h] [Qc]
giannis731: bets $0.02
Lorpugo: folds 
Uncalled bet ($0.02) returned to giannis731
giannis731 collected $0.10 from pot
*** SUMMARY ***
Total pot $0.10 | Rake $0 
Board [Ks Jc 8h Qc]
Seat 2: moreira1328 (button) folded before Flop (didn't bet)
Seat 3: giannis731 (small blind) collected ($0.10)
Seat 4: molecule1100 (big blind) folded before Flop
Seat 5: Lorpugo folded on the Turn
Seat 6: cherry620 folded before Flop (didn't bet)



PokerStars Hand #240914384431:  Hold'em No Limit ($0.01/$0.02 USD) - 2023/01/04 16:34:01 ET
Table 'Bolyai II' 6-max Seat #3 is the button
Seat 2: moreira1328 ($1.96 in chips) 
Seat 3: giannis731 ($1.56 in chips) 
Seat 4: molecule1100 ($2 in chips) 
Seat 5: Lorpugo ($1.74 in chips) 
Seat 6: cherry620 ($3.57 in chips) 
molecule1100: posts small blind $0.01
Lorpugo: posts big blind $0.02
*** HOLE CARDS ***
Dealt to Lorpugo [Ah 3h]
cherry620: folds 
moreira1328: folds 
giannis731: calls $0.02
molecule1100: folds 
Lorpugo: raises $0.12 to $0.14
giannis731: calls $0.12
*** FLOP *** [Ks 7c 7d]
Lorpugo: bets $0.02
giannis731: calls $0.02
*** TURN *** [Ks 7c 7d] [4c]
Lorpugo: bets $0.11
giannis731: calls $0.11
*** RIVER *** [Ks 7c 7d 4c] [Jd]
Lorpugo: bets $0.02
giannis731: raises $0.18 to $0.20
Lorpugo: folds 
Uncalled bet ($0.18) returned to giannis731
giannis731 collected $0.57 from pot
*** SUMMARY ***
Total pot $0.59 | Rake $0.02 
Board [Ks 7c 7d 4c Jd]
Seat 2: moreira1328 folded before Flop (didn't bet)
Seat 3: giannis731 (button) collected ($0.57)
Seat 4: molecule1100 (small blind) folded before Flop
Seat 5: Lorpugo (big blind) folded on the River
Seat 6: cherry620 folded before Flop (didn't bet)



PokerStars Hand #240914418053:  Hold'em No Limit ($0.01/$0.02 USD) - 2023/01/04 16:35:13 ET
Table 'Bolyai II' 6-max Seat #4 is the button
Seat 2: moreira1328 ($1.96 in chips) 
Seat 3: giannis731 ($1.84 in chips) 
Seat 4: molecule1100 ($2 in chips) 
Seat 5: Lorpugo ($1.45 in chips) 
Seat 6: cherry620 ($3.57 in chips) 
Lorpugo: posts small blind $0.01
cherry620: posts big blind $0.02
*** HOLE CARDS ***
Dealt to Lorpugo [5d 9d]
moreira1328: folds 
giannis731: folds 
giannis731 leaves the table
molecule1100: folds 
Lorpugo: raises $0.04 to $0.06
cherry620: folds 
Uncalled bet ($0.04) returned to Lorpugo
Lorpugo collected $0.04 from pot
Lorpugo: doesn't show hand 
*** SUMMARY ***
Total pot $0.04 | Rake $0 
Seat 2: moreira1328 folded before Flop (didn't bet)
Seat 3: giannis731 folded before Flop (didn't bet)
Seat 4: molecule1100 (button) folded before Flop (didn't bet)
Seat 5: Lorpugo (small blind) collected ($0.04)
Seat 6: cherry620 (big blind) folded before Flop



PokerStars Hand #240914428753:  Hold'em No Limit ($0.01/$0.02 USD) - 2023/01/04 16:35:36 ET
Table 'Bolyai II' 6-max Seat #5 is the button
Seat 2: moreira1328 ($1.96 in chips) 
Seat 4: molecule1100 ($2 in chips) 
Seat 5: Lorpugo ($1.47 in chips) 
Seat 6: cherry620 ($3.55 in chips) 
cherry620: posts small blind $0.01
moreira1328: posts big blind $0.02
*** HOLE CARDS ***
Dealt to Lorpugo [4s 9c]
Jessiefrog96 joins the table at seat #3 
molecule1100: folds 
Lorpugo: folds 
cherry620: raises $0.04 to $0.06
moreira1328: folds 
Uncalled bet ($0.04) returned to cherry620
cherry620 collected $0.04 from pot
cherry620: doesn't show hand 
*** SUMMARY ***
Total pot $0.04 | Rake $0 
Seat 2: moreira1328 (big blind) folded before Flop
Seat 4: molecule1100 folded before Flop (didn't bet)
Seat 5: Lorpugo (button) folded before Flop (didn't bet)
Seat 6: cherry620 (small blind) collected ($0.04)



PokerStars Hand #240914440514:  Hold'em No Limit ($0.01/$0.02 USD) - 2023/01/04 16:36:01 ET
Table 'Bolyai II' 6-max Seat #6 is the button
Seat 2: moreira1328 ($1.94 in chips) 
Seat 3: Jessiefrog96 ($1.60 in chips) 
Seat 4: molecule1100 ($2 in chips) 
Seat 5: Lorpugo ($1.47 in chips) 
Seat 6: cherry620 ($3.57 in chips) 
moreira1328: posts small blind $0.01
Jessiefrog96: posts big blind $0.02
*** HOLE CARDS ***
Dealt to Lorpugo [Qs 3d]
molecule1100: folds 
Lorpugo: folds 
cherry620: raises $0.04 to $0.06
moreira1328: folds 
Jessiefrog96: calls $0.04
*** FLOP *** [Tc 7d Qc]
Jessiefrog96: checks 
cherry620: bets $0.07
Jessiefrog96: folds 
Uncalled bet ($0.07) returned to cherry620
cherry620 collected $0.13 from pot
cherry620: doesn't show hand 
*** SUMMARY ***
Total pot $0.13 | Rake $0 
Board [Tc 7d Qc]
Seat 2: moreira1328 (small blind) folded before Flop
Seat 3: Jessiefrog96 (big blind) folded on the Flop
Seat 4: molecule1100 folded before Flop (didn't bet)
Seat 5: Lorpugo folded before Flop (didn't bet)
Seat 6: cherry620 (button) collected ($0.13)



PokerStars Hand #240914453688:  Hold'em No Limit ($0.01/$0.02 USD) - 2023/01/04 16:36:28 ET
Table 'Bolyai II' 6-max Seat #2 is the button
Seat 2: moreira1328 ($1.93 in chips) 
Seat 3: Jessiefrog96 ($1.54 in chips) 
Seat 4: molecule1100 ($2 in chips) 
Seat 5: Lorpugo ($1.47 in chips) 
Seat 6: cherry620 ($3.64 in chips) 
Jessiefrog96: posts small blind $0.01
molecule1100: posts big blind $0.02
*** HOLE CARDS ***
Dealt to Lorpugo [Ks 6h]
Lorpugo: folds 
cherry620: folds 
moreira1328: folds 
Jessiefrog96: calls $0.01
molecule1100: checks 
*** FLOP *** [3h 5c Kd]
Jessiefrog96: checks 
molecule1100: checks 
*** TURN *** [3h 5c Kd] [4c]
Jessiefrog96: bets $0.04
molecule1100: folds 
Uncalled bet ($0.04) returned to Jessiefrog96
Jessiefrog96 collected $0.04 from pot
*** SUMMARY ***
Total pot $0.04 | Rake $0 
Board [3h 5c Kd 4c]
Seat 2: moreira1328 (button) folded before Flop (didn't bet)
Seat 3: Jessiefrog96 (small blind) collected ($0.04)
Seat 4: molecule1100 (big blind) folded on the Turn
Seat 5: Lorpugo folded before Flop (didn't bet)
Seat 6: cherry620 folded before Flop (didn't bet)



PokerStars Hand #240914470799:  Hold'em No Limit ($0.01/$0.02 USD) - 2023/01/04 16:37:05 ET
Table 'Bolyai II' 6-max Seat #3 is the button
Seat 2: moreira1328 ($1.93 in chips) 
Seat 3: Jessiefrog96 ($1.56 in chips) 
Seat 4: molecule1100 ($2 in chips) 
Seat 5: Lorpugo ($1.47 in chips) 
Seat 6: cherry620 ($3.64 in chips) 
molecule1100: posts small blind $0.01
Lorpugo: posts big blind $0.02
*** HOLE CARDS ***
Dealt to Lorpugo [Js As]
cherry620: folds 
moreira1328: folds 
Jessiefrog96: calls $0.02
molecule1100: folds 
Lorpugo: raises $0.08 to $0.10
Jessiefrog96: calls $0.08
*** FLOP *** [9h 6c Ac]
Lorpugo: checks 
Jessiefrog96: bets $0.20
Lorpugo: raises $0.20 to $0.40
Jessiefrog96: calls $0.20
*** TURN *** [9h 6c Ac] [Td]
Lorpugo: checks 
Jessiefrog96: checks 
*** RIVER *** [9h 6c Ac Td] [Ad]
Lorpugo: checks 
Jessiefrog96: bets $0.97
Lorpugo: calls $0.97 and is all-in
*** SHOW DOWN ***
Jessiefrog96: shows [2c 3c] (a pair of Aces)
Lorpugo: shows [Js As] (three of a kind, Aces)
Lorpugo collected $2.85 from pot
*** SUMMARY ***
Total pot $2.95 | Rake $0.10 
Board [9h 6c Ac Td Ad]
Seat 2: moreira1328 folded before Flop (didn't bet)
Seat 3: Jessiefrog96 (button) showed [2c 3c] and lost with a pair of Aces
Seat 4: molecule1100 (small blind) folded before Flop
Seat 5: Lorpugo (big blind) showed [Js As] and won ($2.85) with three of a kind, Aces
Seat 6: cherry620 folded before Flop (didn't bet)



PokerStars Hand #240914498959:  Hold'em No Limit ($0.01/$0.02 USD) - 2023/01/04 16:38:05 ET
Table 'Bolyai II' 6-max Seat #4 is the button
Seat 2: moreira1328 ($1.93 in chips) 
Seat 3: Jessiefrog96 ($0.09 in chips) 
Seat 4: molecule1100 ($2 in chips) 
Seat 5: Lorpugo ($2.85 in chips) 
Seat 6: cherry620 ($3.64 in chips) 
Lorpugo: posts small blind $0.01
cherry620: posts big blind $0.02
*** HOLE CARDS ***
Dealt to Lorpugo [5c Ks]
moreira1328: folds 
Jessiefrog96: calls $0.02
molecule1100: raises $0.04 to $0.06
Lorpugo: folds 
cherry620: folds 
Jessiefrog96: calls $0.04
*** FLOP *** [Qd Ah 7h]
Jessiefrog96: checks 
molecule1100: checks 
*** TURN *** [Qd Ah 7h] [As]
Jessiefrog96: checks 
molecule1100: checks 
*** RIVER *** [Qd Ah 7h As] [5h]
Jessiefrog96: bets $0.03 and is all-in
molecule1100: calls $0.03
*** SHOW DOWN ***
Jessiefrog96: shows [9c Jc] (a pair of Aces)
molecule1100: shows [Td Qh] (two pair, Aces and Queens)
molecule1100 collected $0.20 from pot
*** SUMMARY ***
Total pot $0.21 | Rake $0.01 
Board [Qd Ah 7h As 5h]
Seat 2: moreira1328 folded before Flop (didn't bet)
Seat 3: Jessiefrog96 showed [9c Jc] and lost with a pair of Aces
Seat 4: molecule1100 (button) showed [Td Qh] and won ($0.20) with two pair, Aces and Queens
Seat 5: Lorpugo (small blind) folded before Flop
Seat 6: cherry620 (big blind) folded before Flop



PokerStars Hand #240914518768:  Hold'em No Limit ($0.01/$0.02 USD) - 2023/01/04 16:38:47 ET
Table 'Bolyai II' 6-max Seat #5 is the button
Seat 1: Derhatdochnix ($3.18 in chips) 
Seat 2: moreira1328 ($1.93 in chips) 
Seat 4: molecule1100 ($2.11 in chips) 
Seat 5: Lorpugo ($2.84 in chips) 
Seat 6: cherry620 ($3.62 in chips) 
cherry620: posts small blind $0.01
Derhatdochnix: posts big blind $0.02
*** HOLE CARDS ***
Dealt to Lorpugo [Td 6s]
moreira1328: raises $0.04 to $0.06
molecule1100: folds 
Lorpugo: folds 
cherry620: folds 
Derhatdochnix: calls $0.04
*** FLOP *** [3h 6h 7c]
Derhatdochnix: checks 
moreira1328: bets $0.04
Derhatdochnix: calls $0.04
*** TURN *** [3h 6h 7c] [Ac]
Derhatdochnix: checks 
moreira1328: checks 
*** RIVER *** [3h 6h 7c Ac] [4c]
Derhatdochnix: bets $0.20
moreira1328: calls $0.20
*** SHOW DOWN ***
Derhatdochnix: shows [Ad Qs] (a pair of Aces)
moreira1328: mucks hand 
Derhatdochnix collected $0.59 from pot
*** SUMMARY ***
Total pot $0.61 | Rake $0.02 
Board [3h 6h 7c Ac 4c]
Seat 1: Derhatdochnix (big blind) showed [Ad Qs] and won ($0.59) with a pair of Aces
Seat 2: moreira1328 mucked [Qd Qh]
Seat 4: molecule1100 folded before Flop (didn't bet)
Seat 5: Lorpugo (button) folded before Flop (didn't bet)
Seat 6: cherry620 (small blind) folded before Flop



