PokerStars Hand #240794771411:  Hold'em No Limit ($0.01/$0.02 USD) - 2022/12/30 9:11:49 ET
Table 'Giacobini II' 6-max Seat #1 is the button
Seat 1: Panerriza ($4.02 in chips) 
Seat 2: dealerinthepast ($2.85 in chips) 
Seat 3: Lorpugo ($1.60 in chips) 
Seat 4: Marola93 ($2 in chips) 
Seat 5: DonChone ($1.88 in chips) 
Seat 6: Dennn24 ($2.23 in chips) 
dealerinthepast: posts small blind $0.01
Lorpugo: posts big blind $0.02
*** HOLE CARDS ***
Dealt to Lorpugo [Th Qs]
Marola93: folds 
DonChone: folds 
Dennn24: folds 
Panerriza: folds 
dealerinthepast: folds 
Uncalled bet ($0.01) returned to Lorpugo
Lorpugo collected $0.02 from pot
Lorpugo: doesn't show hand 
*** SUMMARY ***
Total pot $0.02 | Rake $0 
Seat 1: Panerriza (button) folded before Flop (didn't bet)
Seat 2: dealerinthepast (small blind) folded before Flop
Seat 3: Lorpugo (big blind) collected ($0.02)
Seat 4: Marola93 folded before Flop (didn't bet)
Seat 5: DonChone folded before Flop (didn't bet)
Seat 6: Dennn24 folded before Flop (didn't bet)



PokerStars Hand #240794780119:  Hold'em No Limit ($0.01/$0.02 USD) - 2022/12/30 9:12:23 ET
Table 'Giacobini II' 6-max Seat #3 is the button
Seat 1: Panerriza ($4.02 in chips) 
Seat 3: Lorpugo ($1.61 in chips) 
Seat 4: Marola93 ($2 in chips) 
Seat 5: DonChone ($1.88 in chips) 
Seat 6: Dennn24 ($2.23 in chips) 
Marola93: posts small blind $0.01
DonChone: posts big blind $0.02
*** HOLE CARDS ***
Dealt to Lorpugo [9d 3h]
Dennn24: folds 
Panerriza: folds 
Lorpugo: folds 
Marola93: folds 
Uncalled bet ($0.01) returned to DonChone
DonChone collected $0.02 from pot
DonChone: doesn't show hand 
*** SUMMARY ***
Total pot $0.02 | Rake $0 
Seat 1: Panerriza folded before Flop (didn't bet)
Seat 3: Lorpugo (button) folded before Flop (didn't bet)
Seat 4: Marola93 (small blind) folded before Flop
Seat 5: DonChone (big blind) collected ($0.02)
Seat 6: Dennn24 folded before Flop (didn't bet)



PokerStars Hand #240794782235:  Hold'em No Limit ($0.01/$0.02 USD) - 2022/12/30 9:12:31 ET
Table 'Giacobini II' 6-max Seat #4 is the button
Seat 1: Panerriza ($4.02 in chips) 
Seat 3: Lorpugo ($1.61 in chips) 
Seat 4: Marola93 ($2 in chips) 
Seat 5: DonChone ($1.89 in chips) 
Seat 6: Dennn24 ($2.23 in chips) 
DonChone: posts small blind $0.01
Dennn24: posts big blind $0.02
*** HOLE CARDS ***
Dealt to Lorpugo [Qd 9h]
Panerriza: folds 
Lorpugo: raises $0.04 to $0.06
Marola93: folds 
DonChone: calls $0.05
Dennn24: folds 
*** FLOP *** [7c 7d 9d]
DonChone: checks 
Lorpugo: bets $0.09
DonChone: raises $0.24 to $0.33
Lorpugo: raises $1.22 to $1.55 and is all-in
DonChone: calls $1.22
*** TURN *** [7c 7d 9d] [8c]
*** RIVER *** [7c 7d 9d 8c] [5s]
*** SHOW DOWN ***
DonChone: shows [Kd Ks] (two pair, Kings and Sevens)
Lorpugo: shows [Qd 9h] (two pair, Nines and Sevens)
DonChone collected $3.13 from pot
*** SUMMARY ***
Total pot $3.24 | Rake $0.11 
Board [7c 7d 9d 8c 5s]
Seat 1: Panerriza folded before Flop (didn't bet)
Seat 3: Lorpugo showed [Qd 9h] and lost with two pair, Nines and Sevens
Seat 4: Marola93 (button) folded before Flop (didn't bet)
Seat 5: DonChone (small blind) showed [Kd Ks] and won ($3.13) with two pair, Kings and Sevens
Seat 6: Dennn24 (big blind) folded before Flop



PokerStars Hand #240794794453:  Hold'em No Limit ($0.01/$0.02 USD) - 2022/12/30 9:13:19 ET
Table 'Giacobini II' 6-max Seat #6 is the button
Seat 1: Panerriza ($4 in chips) 
Seat 3: Lorpugo ($1.60 in chips) 
Seat 4: Marola93 ($2.03 in chips) 
Seat 5: DonChone ($3.41 in chips) 
Seat 6: Dennn24 ($2.20 in chips) 
Panerriza: posts small blind $0.01
Lorpugo: posts big blind $0.02
*** HOLE CARDS ***
Dealt to Lorpugo [3s 7h]
Marola93: folds 
DonChone: folds 
Dennn24: folds 
Panerriza: calls $0.01
Lorpugo: checks 
*** FLOP *** [3d 4h Ac]
Panerriza: checks 
Lorpugo: bets $0.02
Panerriza: raises $0.06 to $0.08
Lorpugo: calls $0.06
*** TURN *** [3d 4h Ac] [4s]
Panerriza: bets $0.14
Lorpugo: folds 
Uncalled bet ($0.14) returned to Panerriza
Panerriza collected $0.19 from pot
Panerriza: doesn't show hand 
*** SUMMARY ***
Total pot $0.20 | Rake $0.01 
Board [3d 4h Ac 4s]
Seat 1: Panerriza (small blind) collected ($0.19)
Seat 3: Lorpugo (big blind) folded on the Turn
Seat 4: Marola93 folded before Flop (didn't bet)
Seat 5: DonChone folded before Flop (didn't bet)
Seat 6: Dennn24 (button) folded before Flop (didn't bet)



PokerStars Hand #240794805380:  Hold'em No Limit ($0.01/$0.02 USD) - 2022/12/30 9:14:01 ET
Table 'Giacobini II' 6-max Seat #1 is the button
Seat 1: Panerriza ($4.09 in chips) 
Seat 3: Lorpugo ($1.50 in chips) 
Seat 4: Marola93 ($2.03 in chips) 
Seat 5: DonChone ($3.41 in chips) 
Seat 6: Dennn24 ($2.20 in chips) 
Lorpugo: posts small blind $0.01
Marola93: posts big blind $0.02
*** HOLE CARDS ***
Dealt to Lorpugo [Jc 5h]
DonChone: folds 
Dennn24: folds 
Panerriza: folds 
Lorpugo: raises $0.04 to $0.06
Marola93: folds 
Uncalled bet ($0.04) returned to Lorpugo
Lorpugo collected $0.04 from pot
Lorpugo: doesn't show hand 
*** SUMMARY ***
Total pot $0.04 | Rake $0 
Seat 1: Panerriza (button) folded before Flop (didn't bet)
Seat 3: Lorpugo (small blind) collected ($0.04)
Seat 4: Marola93 (big blind) folded before Flop
Seat 5: DonChone folded before Flop (didn't bet)
Seat 6: Dennn24 folded before Flop (didn't bet)



PokerStars Hand #240794810115:  Hold'em No Limit ($0.01/$0.02 USD) - 2022/12/30 9:14:20 ET
Table 'Giacobini II' 6-max Seat #3 is the button
Seat 1: Panerriza ($4.09 in chips) 
Seat 3: Lorpugo ($1.52 in chips) 
Seat 4: Marola93 ($2.01 in chips) 
Seat 5: DonChone ($3.41 in chips) 
Seat 6: Dennn24 ($2.20 in chips) 
Marola93: posts small blind $0.01
DonChone: posts big blind $0.02
*** HOLE CARDS ***
Dealt to Lorpugo [Js 7h]
Dennn24: folds 
Panerriza: folds 
Lorpugo: raises $0.04 to $0.06
Marola93: folds 
DonChone: folds 
Uncalled bet ($0.04) returned to Lorpugo
Lorpugo collected $0.05 from pot
Lorpugo: doesn't show hand 
*** SUMMARY ***
Total pot $0.05 | Rake $0 
Seat 1: Panerriza folded before Flop (didn't bet)
Seat 3: Lorpugo (button) collected ($0.05)
Seat 4: Marola93 (small blind) folded before Flop
Seat 5: DonChone (big blind) folded before Flop
Seat 6: Dennn24 folded before Flop (didn't bet)



PokerStars Hand #240794813480:  Hold'em No Limit ($0.01/$0.02 USD) - 2022/12/30 9:14:33 ET
Table 'Giacobini II' 6-max Seat #4 is the button
Seat 1: Panerriza ($4.09 in chips) 
Seat 3: Lorpugo ($1.55 in chips) 
Seat 4: Marola93 ($2 in chips) 
Seat 5: DonChone ($3.39 in chips) 
Seat 6: Dennn24 ($2.20 in chips) 
DonChone: posts small blind $0.01
Dennn24: posts big blind $0.02
*** HOLE CARDS ***
Dealt to Lorpugo [Kc Qc]
Panerriza: folds 
Lorpugo: raises $0.04 to $0.06
Marola93: folds 
DonChone: folds 
Dennn24: folds 
Uncalled bet ($0.04) returned to Lorpugo
Lorpugo collected $0.05 from pot
Lorpugo: doesn't show hand 
*** SUMMARY ***
Total pot $0.05 | Rake $0 
Seat 1: Panerriza folded before Flop (didn't bet)
Seat 3: Lorpugo collected ($0.05)
Seat 4: Marola93 (button) folded before Flop (didn't bet)
Seat 5: DonChone (small blind) folded before Flop
Seat 6: Dennn24 (big blind) folded before Flop



PokerStars Hand #240794817301:  Hold'em No Limit ($0.01/$0.02 USD) - 2022/12/30 9:14:48 ET
Table 'Giacobini II' 6-max Seat #5 is the button
Seat 1: Panerriza ($4.09 in chips) 
Seat 3: Lorpugo ($1.58 in chips) 
Seat 4: Marola93 ($2 in chips) 
Seat 5: DonChone ($3.38 in chips) 
Seat 6: Dennn24 ($2.18 in chips) 
Dennn24: posts small blind $0.01
Panerriza: posts big blind $0.02
*** HOLE CARDS ***
Dealt to Lorpugo [2c Qc]
Lorpugo: raises $0.04 to $0.06
Marola93: folds 
DonChone: folds 
Dennn24: folds 
Panerriza: folds 
Uncalled bet ($0.04) returned to Lorpugo
Lorpugo collected $0.05 from pot
Lorpugo: doesn't show hand 
*** SUMMARY ***
Total pot $0.05 | Rake $0 
Seat 1: Panerriza (big blind) folded before Flop
Seat 3: Lorpugo collected ($0.05)
Seat 4: Marola93 folded before Flop (didn't bet)
Seat 5: DonChone (button) folded before Flop (didn't bet)
Seat 6: Dennn24 (small blind) folded before Flop



PokerStars Hand #240794820409:  Hold'em No Limit ($0.01/$0.02 USD) - 2022/12/30 9:15:00 ET
Table 'Giacobini II' 6-max Seat #6 is the button
Seat 1: Panerriza ($4.07 in chips) 
Seat 3: Lorpugo ($1.61 in chips) 
Seat 4: Marola93 ($2 in chips) 
Seat 5: DonChone ($3.38 in chips) 
Seat 6: Dennn24 ($2.17 in chips) 
Panerriza: posts small blind $0.01
Lorpugo: posts big blind $0.02
*** HOLE CARDS ***
Dealt to Lorpugo [Ah 9s]
Marola93: folds 
DonChone: folds 
Dennn24: folds 
Panerriza: folds 
Uncalled bet ($0.01) returned to Lorpugo
Lorpugo collected $0.02 from pot
Lorpugo: doesn't show hand 
*** SUMMARY ***
Total pot $0.02 | Rake $0 
Seat 1: Panerriza (small blind) folded before Flop
Seat 3: Lorpugo (big blind) collected ($0.02)
Seat 4: Marola93 folded before Flop (didn't bet)
Seat 5: DonChone folded before Flop (didn't bet)
Seat 6: Dennn24 (button) folded before Flop (didn't bet)



PokerStars Hand #240794822948:  Hold'em No Limit ($0.01/$0.02 USD) - 2022/12/30 9:15:10 ET
Table 'Giacobini II' 6-max Seat #1 is the button
Seat 1: Panerriza ($4.06 in chips) 
Seat 3: Lorpugo ($1.62 in chips) 
Seat 4: Marola93 ($2 in chips) 
Seat 5: DonChone ($3.38 in chips) 
Seat 6: Dennn24 ($2.17 in chips) 
Lorpugo: posts small blind $0.01
Marola93: posts big blind $0.02
*** HOLE CARDS ***
Dealt to Lorpugo [9d 6d]
DonChone: folds 
Dennn24: folds 
Panerriza: folds 
Lorpugo: raises $0.04 to $0.06
Marola93: folds 
Uncalled bet ($0.04) returned to Lorpugo
Lorpugo collected $0.04 from pot
Lorpugo: doesn't show hand 
*** SUMMARY ***
Total pot $0.04 | Rake $0 
Seat 1: Panerriza (button) folded before Flop (didn't bet)
Seat 3: Lorpugo (small blind) collected ($0.04)
Seat 4: Marola93 (big blind) folded before Flop
Seat 5: DonChone folded before Flop (didn't bet)
Seat 6: Dennn24 folded before Flop (didn't bet)



PokerStars Hand #240794826804:  Hold'em No Limit ($0.01/$0.02 USD) - 2022/12/30 9:15:25 ET
Table 'Giacobini II' 6-max Seat #3 is the button
Seat 1: Panerriza ($4.06 in chips) 
Seat 3: Lorpugo ($1.64 in chips) 
Seat 4: Marola93 ($2 in chips) 
Seat 5: DonChone ($3.38 in chips) 
Seat 6: Dennn24 ($2.17 in chips) 
Marola93: posts small blind $0.01
DonChone: posts big blind $0.02
*** HOLE CARDS ***
Dealt to Lorpugo [Jd 2h]
Dennn24: folds 
Panerriza: raises $0.04 to $0.06
Lorpugo: folds 
Marola93: folds 
DonChone: folds 
Uncalled bet ($0.04) returned to Panerriza
Panerriza collected $0.05 from pot
Panerriza: doesn't show hand 
*** SUMMARY ***
Total pot $0.05 | Rake $0 
Seat 1: Panerriza collected ($0.05)
Seat 3: Lorpugo (button) folded before Flop (didn't bet)
Seat 4: Marola93 (small blind) folded before Flop
Seat 5: DonChone (big blind) folded before Flop
Seat 6: Dennn24 folded before Flop (didn't bet)



PokerStars Hand #240794830966:  Hold'em No Limit ($0.01/$0.02 USD) - 2022/12/30 9:15:41 ET
Table 'Giacobini II' 6-max Seat #4 is the button
Seat 1: Panerriza ($4.09 in chips) 
Seat 3: Lorpugo ($1.64 in chips) 
Seat 4: Marola93 ($2 in chips) 
Seat 5: DonChone ($3.36 in chips) 
Seat 6: Dennn24 ($2.17 in chips) 
DonChone: posts small blind $0.01
Dennn24: posts big blind $0.02
*** HOLE CARDS ***
Dealt to Lorpugo [4h 2c]
Panerriza: folds 
Lorpugo: folds 
Marola93: folds 
DonChone: folds 
Uncalled bet ($0.01) returned to Dennn24
Dennn24 collected $0.02 from pot
Dennn24: doesn't show hand 
*** SUMMARY ***
Total pot $0.02 | Rake $0 
Seat 1: Panerriza folded before Flop (didn't bet)
Seat 3: Lorpugo folded before Flop (didn't bet)
Seat 4: Marola93 (button) folded before Flop (didn't bet)
Seat 5: DonChone (small blind) folded before Flop
Seat 6: Dennn24 (big blind) collected ($0.02)



PokerStars Hand #240794833586:  Hold'em No Limit ($0.01/$0.02 USD) - 2022/12/30 9:15:51 ET
Table 'Giacobini II' 6-max Seat #5 is the button
Seat 1: Panerriza ($4.09 in chips) 
Seat 3: Lorpugo ($1.64 in chips) 
Seat 4: Marola93 ($2 in chips) 
Seat 5: DonChone ($3.35 in chips) 
Seat 6: Dennn24 ($2.18 in chips) 
Dennn24: posts small blind $0.01
Panerriza: posts big blind $0.02
*** HOLE CARDS ***
Dealt to Lorpugo [3d 3s]
Lorpugo: raises $0.04 to $0.06
Marola93: folds 
DonChone: folds 
Dennn24: folds 
Panerriza: folds 
Uncalled bet ($0.04) returned to Lorpugo
Lorpugo collected $0.05 from pot
Lorpugo: doesn't show hand 
*** SUMMARY ***
Total pot $0.05 | Rake $0 
Seat 1: Panerriza (big blind) folded before Flop
Seat 3: Lorpugo collected ($0.05)
Seat 4: Marola93 folded before Flop (didn't bet)
Seat 5: DonChone (button) folded before Flop (didn't bet)
Seat 6: Dennn24 (small blind) folded before Flop



PokerStars Hand #240794837619:  Hold'em No Limit ($0.01/$0.02 USD) - 2022/12/30 9:16:07 ET
Table 'Giacobini II' 6-max Seat #6 is the button
Seat 1: Panerriza ($4.07 in chips) 
Seat 3: Lorpugo ($1.67 in chips) 
Seat 4: Marola93 ($2 in chips) 
Seat 5: DonChone ($3.35 in chips) 
Seat 6: Dennn24 ($2.17 in chips) 
Panerriza: posts small blind $0.01
Lorpugo: posts big blind $0.02
*** HOLE CARDS ***
Dealt to Lorpugo [6s Ad]
Marola93: folds 
DonChone: folds 
Dennn24: folds 
Panerriza: calls $0.01
Lorpugo: raises $0.08 to $0.10
Panerriza: folds 
Uncalled bet ($0.08) returned to Lorpugo
Lorpugo collected $0.04 from pot
Lorpugo: doesn't show hand 
*** SUMMARY ***
Total pot $0.04 | Rake $0 
Seat 1: Panerriza (small blind) folded before Flop
Seat 3: Lorpugo (big blind) collected ($0.04)
Seat 4: Marola93 folded before Flop (didn't bet)
Seat 5: DonChone folded before Flop (didn't bet)
Seat 6: Dennn24 (button) folded before Flop (didn't bet)



PokerStars Hand #240794843197:  Hold'em No Limit ($0.01/$0.02 USD) - 2022/12/30 9:16:29 ET
Table 'Giacobini II' 6-max Seat #1 is the button
Seat 1: Panerriza ($4.05 in chips) 
Seat 3: Lorpugo ($1.69 in chips) 
Seat 4: Marola93 ($2 in chips) 
Seat 5: DonChone ($3.35 in chips) 
Seat 6: Dennn24 ($2.17 in chips) 
Lorpugo: posts small blind $0.01
Marola93: posts big blind $0.02
*** HOLE CARDS ***
Dealt to Lorpugo [9s 3c]
DonChone: folds 
Dennn24: raises $0.03 to $0.05
Panerriza: raises $0.13 to $0.18
Lorpugo: folds 
Marola93: folds 
Dennn24: folds 
Uncalled bet ($0.13) returned to Panerriza
Panerriza collected $0.13 from pot
*** SUMMARY ***
Total pot $0.13 | Rake $0 
Seat 1: Panerriza (button) collected ($0.13)
Seat 3: Lorpugo (small blind) folded before Flop
Seat 4: Marola93 (big blind) folded before Flop
Seat 5: DonChone folded before Flop (didn't bet)
Seat 6: Dennn24 folded before Flop



PokerStars Hand #240794850525:  Hold'em No Limit ($0.01/$0.02 USD) - 2022/12/30 9:16:57 ET
Table 'Giacobini II' 6-max Seat #3 is the button
Seat 1: Panerriza ($4.13 in chips) 
Seat 3: Lorpugo ($1.68 in chips) 
Seat 4: Marola93 ($2 in chips) 
Seat 5: DonChone ($3.35 in chips) 
Seat 6: Dennn24 ($2.12 in chips) 
Marola93: posts small blind $0.01
DonChone: posts big blind $0.02
*** HOLE CARDS ***
Dealt to Lorpugo [6s 7d]
Dennn24: folds 
Panerriza: folds 
Lorpugo: raises $0.04 to $0.06
Marola93: folds 
DonChone: folds 
Uncalled bet ($0.04) returned to Lorpugo
Lorpugo collected $0.05 from pot
Lorpugo: doesn't show hand 
*** SUMMARY ***
Total pot $0.05 | Rake $0 
Seat 1: Panerriza folded before Flop (didn't bet)
Seat 3: Lorpugo (button) collected ($0.05)
Seat 4: Marola93 (small blind) folded before Flop
Seat 5: DonChone (big blind) folded before Flop
Seat 6: Dennn24 folded before Flop (didn't bet)



PokerStars Hand #240794854958:  Hold'em No Limit ($0.01/$0.02 USD) - 2022/12/30 9:17:15 ET
Table 'Giacobini II' 6-max Seat #4 is the button
Seat 1: Panerriza ($4.13 in chips) 
Seat 3: Lorpugo ($1.71 in chips) 
Seat 4: Marola93 ($2 in chips) 
Seat 5: DonChone ($3.33 in chips) 
Seat 6: Dennn24 ($2.12 in chips) 
DonChone: posts small blind $0.01
Dennn24: posts big blind $0.02
*** HOLE CARDS ***
Dealt to Lorpugo [5s 7d]
Panerriza: raises $0.04 to $0.06
Lorpugo: folds 
Marola93: folds 
DonChone: folds 
Dennn24: folds 
Uncalled bet ($0.04) returned to Panerriza
Panerriza collected $0.05 from pot
*** SUMMARY ***
Total pot $0.05 | Rake $0 
Seat 1: Panerriza collected ($0.05)
Seat 3: Lorpugo folded before Flop (didn't bet)
Seat 4: Marola93 (button) folded before Flop (didn't bet)
Seat 5: DonChone (small blind) folded before Flop
Seat 6: Dennn24 (big blind) folded before Flop



PokerStars Hand #240794858662:  Hold'em No Limit ($0.01/$0.02 USD) - 2022/12/30 9:17:29 ET
Table 'Giacobini II' 6-max Seat #5 is the button
Seat 1: Panerriza ($4.16 in chips) 
Seat 3: Lorpugo ($1.71 in chips) 
Seat 4: Marola93 ($2 in chips) 
Seat 5: DonChone ($3.32 in chips) 
Seat 6: Dennn24 ($2.10 in chips) 
Dennn24: posts small blind $0.01
Panerriza: posts big blind $0.02
*** HOLE CARDS ***
Dealt to Lorpugo [7c 5d]
Lorpugo: folds 
Marola93: folds 
DonChone: folds 
Dennn24: calls $0.01
Panerriza: checks 
*** FLOP *** [9d Kd 3s]
Dennn24: checks 
Panerriza: checks 
*** TURN *** [9d Kd 3s] [Ts]
Dennn24: checks 
Panerriza: checks 
*** RIVER *** [9d Kd 3s Ts] [5s]
Dennn24: checks 
Panerriza: checks 
*** SHOW DOWN ***
Dennn24: shows [Jc 7d] (high card King)
Panerriza: mucks hand 
Dennn24 collected $0.04 from pot
*** SUMMARY ***
Total pot $0.04 | Rake $0 
Board [9d Kd 3s Ts 5s]
Seat 1: Panerriza (big blind) mucked [8d 2c]
Seat 3: Lorpugo folded before Flop (didn't bet)
Seat 4: Marola93 folded before Flop (didn't bet)
Seat 5: DonChone (button) folded before Flop (didn't bet)
Seat 6: Dennn24 (small blind) showed [Jc 7d] and won ($0.04) with high card King



PokerStars Hand #240794867761:  Hold'em No Limit ($0.01/$0.02 USD) - 2022/12/30 9:18:04 ET
Table 'Giacobini II' 6-max Seat #6 is the button
Seat 1: Panerriza ($4.14 in chips) 
Seat 2: dealerinthepast ($2.84 in chips) 
Seat 3: Lorpugo ($1.71 in chips) 
Seat 4: Marola93 ($2 in chips) 
Seat 5: DonChone ($3.32 in chips) 
Seat 6: Dennn24 ($2.12 in chips) 
Panerriza: posts small blind $0.01
dealerinthepast: posts big blind $0.02
*** HOLE CARDS ***
Dealt to Lorpugo [Ts Kh]
Lorpugo: folds 
Marola93: folds 
DonChone: folds 
Dennn24: raises $0.03 to $0.05
Panerriza: folds 
dealerinthepast: folds 
Uncalled bet ($0.03) returned to Dennn24
Dennn24 collected $0.05 from pot
Dennn24: doesn't show hand 
*** SUMMARY ***
Total pot $0.05 | Rake $0 
Seat 1: Panerriza (small blind) folded before Flop
Seat 2: dealerinthepast (big blind) folded before Flop
Seat 3: Lorpugo folded before Flop (didn't bet)
Seat 4: Marola93 folded before Flop (didn't bet)
Seat 5: DonChone folded before Flop (didn't bet)
Seat 6: Dennn24 (button) collected ($0.05)



PokerStars Hand #240794873936:  Hold'em No Limit ($0.01/$0.02 USD) - 2022/12/30 9:18:28 ET
Table 'Giacobini II' 6-max Seat #1 is the button
Seat 1: Panerriza ($4.13 in chips) 
Seat 2: dealerinthepast ($2.82 in chips) 
Seat 3: Lorpugo ($1.71 in chips) 
Seat 4: Marola93 ($2 in chips) 
Seat 5: DonChone ($3.32 in chips) 
Seat 6: Dennn24 ($2.15 in chips) 
dealerinthepast: posts small blind $0.01
Lorpugo: posts big blind $0.02
*** HOLE CARDS ***
Dealt to Lorpugo [4c Kc]
Marola93: folds 
DonChone: folds 
Dennn24: folds 
Panerriza: folds 
dealerinthepast: folds 
Uncalled bet ($0.01) returned to Lorpugo
Lorpugo collected $0.02 from pot
Lorpugo: doesn't show hand 
*** SUMMARY ***
Total pot $0.02 | Rake $0 
Seat 1: Panerriza (button) folded before Flop (didn't bet)
Seat 2: dealerinthepast (small blind) folded before Flop
Seat 3: Lorpugo (big blind) collected ($0.02)
Seat 4: Marola93 folded before Flop (didn't bet)
Seat 5: DonChone folded before Flop (didn't bet)
Seat 6: Dennn24 folded before Flop (didn't bet)



PokerStars Hand #240794876317:  Hold'em No Limit ($0.01/$0.02 USD) - 2022/12/30 9:18:38 ET
Table 'Giacobini II' 6-max Seat #2 is the button
Seat 1: Panerriza ($4.13 in chips) 
Seat 2: dealerinthepast ($2.81 in chips) 
Seat 3: Lorpugo ($1.72 in chips) 
Seat 4: Marola93 ($2 in chips) 
Seat 5: DonChone ($3.32 in chips) 
Seat 6: Dennn24 ($2.15 in chips) 
Lorpugo: posts small blind $0.01
Marola93: posts big blind $0.02
*** HOLE CARDS ***
Dealt to Lorpugo [Ac Qh]
DonChone: folds 
Dennn24: folds 
Panerriza: folds 
dealerinthepast: folds 
Lorpugo: raises $0.04 to $0.06
Marola93: folds 
Uncalled bet ($0.04) returned to Lorpugo
Lorpugo collected $0.04 from pot
Lorpugo: doesn't show hand 
*** SUMMARY ***
Total pot $0.04 | Rake $0 
Seat 1: Panerriza folded before Flop (didn't bet)
Seat 2: dealerinthepast (button) folded before Flop (didn't bet)
Seat 3: Lorpugo (small blind) collected ($0.04)
Seat 4: Marola93 (big blind) folded before Flop
Seat 5: DonChone folded before Flop (didn't bet)
Seat 6: Dennn24 folded before Flop (didn't bet)



PokerStars Hand #240794881055:  Hold'em No Limit ($0.01/$0.02 USD) - 2022/12/30 9:18:56 ET
Table 'Giacobini II' 6-max Seat #3 is the button
Seat 1: Panerriza ($4.13 in chips) 
Seat 2: dealerinthepast ($2.81 in chips) 
Seat 3: Lorpugo ($1.74 in chips) 
Seat 4: Marola93 ($2 in chips) 
Seat 5: DonChone ($3.32 in chips) 
Seat 6: Dennn24 ($2.15 in chips) 
Marola93: posts small blind $0.01
DonChone: posts big blind $0.02
*** HOLE CARDS ***
Dealt to Lorpugo [4d 5s]
Dennn24: folds 
Panerriza: folds 
dealerinthepast: raises $0.04 to $0.06
Lorpugo: folds 
Marola93: folds 
DonChone: folds 
Uncalled bet ($0.04) returned to dealerinthepast
dealerinthepast collected $0.05 from pot
dealerinthepast: doesn't show hand 
*** SUMMARY ***
Total pot $0.05 | Rake $0 
Seat 1: Panerriza folded before Flop (didn't bet)
Seat 2: dealerinthepast collected ($0.05)
Seat 3: Lorpugo (button) folded before Flop (didn't bet)
Seat 4: Marola93 (small blind) folded before Flop
Seat 5: DonChone (big blind) folded before Flop
Seat 6: Dennn24 folded before Flop (didn't bet)



PokerStars Hand #240794886853:  Hold'em No Limit ($0.01/$0.02 USD) - 2022/12/30 9:19:19 ET
Table 'Giacobini II' 6-max Seat #4 is the button
Seat 1: Panerriza ($4.13 in chips) 
Seat 2: dealerinthepast ($2.84 in chips) 
Seat 3: Lorpugo ($1.74 in chips) 
Seat 4: Marola93 ($2 in chips) 
Seat 5: DonChone ($3.30 in chips) 
Seat 6: Dennn24 ($2.15 in chips) 
DonChone: posts small blind $0.01
Dennn24: posts big blind $0.02
*** HOLE CARDS ***
Dealt to Lorpugo [Qd 5d]
Panerriza: folds 
dealerinthepast: folds 
Lorpugo: raises $0.04 to $0.06
Marola93: folds 
DonChone: folds 
Dennn24: folds 
Uncalled bet ($0.04) returned to Lorpugo
Lorpugo collected $0.05 from pot
Lorpugo: doesn't show hand 
*** SUMMARY ***
Total pot $0.05 | Rake $0 
Seat 1: Panerriza folded before Flop (didn't bet)
Seat 2: dealerinthepast folded before Flop (didn't bet)
Seat 3: Lorpugo collected ($0.05)
Seat 4: Marola93 (button) folded before Flop (didn't bet)
Seat 5: DonChone (small blind) folded before Flop
Seat 6: Dennn24 (big blind) folded before Flop



PokerStars Hand #240794893001:  Hold'em No Limit ($0.01/$0.02 USD) - 2022/12/30 9:19:42 ET
Table 'Giacobini II' 6-max Seat #5 is the button
Seat 1: Panerriza ($4.13 in chips) 
Seat 2: dealerinthepast ($2.84 in chips) 
Seat 3: Lorpugo ($1.77 in chips) 
Seat 4: Marola93 ($2 in chips) 
Seat 5: DonChone ($3.29 in chips) 
Seat 6: Dennn24 ($2.13 in chips) 
Dennn24: posts small blind $0.01
Panerriza: posts big blind $0.02
*** HOLE CARDS ***
Dealt to Lorpugo [2d Qc]
dealerinthepast: folds 
Lorpugo: folds 
Marola93: folds 
DonChone: folds 
Dennn24: folds 
Uncalled bet ($0.01) returned to Panerriza
Panerriza collected $0.02 from pot
*** SUMMARY ***
Total pot $0.02 | Rake $0 
Seat 1: Panerriza (big blind) collected ($0.02)
Seat 2: dealerinthepast folded before Flop (didn't bet)
Seat 3: Lorpugo folded before Flop (didn't bet)
Seat 4: Marola93 folded before Flop (didn't bet)
Seat 5: DonChone (button) folded before Flop (didn't bet)
Seat 6: Dennn24 (small blind) folded before Flop



PokerStars Hand #240794895826:  Hold'em No Limit ($0.01/$0.02 USD) - 2022/12/30 9:19:53 ET
Table 'Giacobini II' 6-max Seat #6 is the button
Seat 1: Panerriza ($4.14 in chips) 
Seat 2: dealerinthepast ($2.84 in chips) 
Seat 3: Lorpugo ($1.77 in chips) 
Seat 4: Marola93 ($2 in chips) 
Seat 5: DonChone ($3.29 in chips) 
Seat 6: Dennn24 ($2.12 in chips) 
Panerriza: posts small blind $0.01
dealerinthepast: posts big blind $0.02
*** HOLE CARDS ***
Dealt to Lorpugo [Jc 5c]
Lorpugo: folds 
Marola93: folds 
DonChone: folds 
Dennn24: raises $0.03 to $0.05
Panerriza: folds 
dealerinthepast: calls $0.03
*** FLOP *** [2c 5d 9c]
dealerinthepast: checks 
Dennn24: bets $0.07
dealerinthepast: calls $0.07
*** TURN *** [2c 5d 9c] [4d]
dealerinthepast: checks 
Dennn24: bets $0.16
dealerinthepast: raises $0.36 to $0.52
Dennn24: calls $0.36
*** RIVER *** [2c 5d 9c 4d] [Qd]
dealerinthepast: bets $1.81
Dennn24: calls $1.48 and is all-in
Uncalled bet ($0.33) returned to dealerinthepast
*** SHOW DOWN ***
dealerinthepast: shows [6d 7d] (a flush, Queen high)
Dennn24: shows [Js Jd] (a pair of Jacks)
dealerinthepast collected $4.10 from pot
*** SUMMARY ***
Total pot $4.25 | Rake $0.15 
Board [2c 5d 9c 4d Qd]
Seat 1: Panerriza (small blind) folded before Flop
Seat 2: dealerinthepast (big blind) showed [6d 7d] and won ($4.10) with a flush, Queen high
Seat 3: Lorpugo folded before Flop (didn't bet)
Seat 4: Marola93 folded before Flop (didn't bet)
Seat 5: DonChone folded before Flop (didn't bet)
Seat 6: Dennn24 (button) showed [Js Jd] and lost with a pair of Jacks



PokerStars Hand #240794927033:  Hold'em No Limit ($0.01/$0.02 USD) - 2022/12/30 9:21:55 ET
Table 'Giacobini II' 6-max Seat #1 is the button
Seat 1: Panerriza ($4.13 in chips) 
Seat 2: dealerinthepast ($4.82 in chips) 
Seat 3: Lorpugo ($1.77 in chips) 
Seat 4: Marola93 ($2 in chips) 
Seat 5: DonChone ($3.29 in chips) 
Seat 6: Dennn24 ($2 in chips) 
dealerinthepast: posts small blind $0.01
Lorpugo: posts big blind $0.02
*** HOLE CARDS ***
Dealt to Lorpugo [Th 5s]
Marola93: folds 
DonChone: folds 
Dennn24: folds 
Panerriza: folds 
dealerinthepast: calls $0.01
Lorpugo: checks 
*** FLOP *** [2d 8s 7h]
dealerinthepast: checks 
Lorpugo: checks 
*** TURN *** [2d 8s 7h] [6c]
dealerinthepast: bets $0.06
Lorpugo: calls $0.06
*** RIVER *** [2d 8s 7h 6c] [3c]
dealerinthepast: bets $0.11
Lorpugo: folds 
Uncalled bet ($0.11) returned to dealerinthepast
dealerinthepast collected $0.15 from pot
dealerinthepast: doesn't show hand 
*** SUMMARY ***
Total pot $0.16 | Rake $0.01 
Board [2d 8s 7h 6c 3c]
Seat 1: Panerriza (button) folded before Flop (didn't bet)
Seat 2: dealerinthepast (small blind) collected ($0.15)
Seat 3: Lorpugo (big blind) folded on the River
Seat 4: Marola93 folded before Flop (didn't bet)
Seat 5: DonChone folded before Flop (didn't bet)
Seat 6: Dennn24 folded before Flop (didn't bet)



PokerStars Hand #240794941770:  Hold'em No Limit ($0.01/$0.02 USD) - 2022/12/30 9:22:52 ET
Table 'Giacobini II' 6-max Seat #2 is the button
Seat 1: Panerriza ($4.13 in chips) 
Seat 2: dealerinthepast ($4.89 in chips) 
Seat 3: Lorpugo ($1.69 in chips) 
Seat 4: Marola93 ($2 in chips) 
Seat 5: DonChone ($3.29 in chips) 
Seat 6: Dennn24 ($2 in chips) 
Lorpugo: posts small blind $0.01
Marola93: posts big blind $0.02
*** HOLE CARDS ***
Dealt to Lorpugo [Ts 3c]
DonChone: folds 
Dennn24: folds 
Dennn24 leaves the table
Panerriza: folds 
donclar1950 joins the table at seat #6 
dealerinthepast: raises $0.04 to $0.06
Lorpugo: folds 
Marola93: folds 
Uncalled bet ($0.04) returned to dealerinthepast
dealerinthepast collected $0.05 from pot
dealerinthepast: doesn't show hand 
*** SUMMARY ***
Total pot $0.05 | Rake $0 
Seat 1: Panerriza folded before Flop (didn't bet)
Seat 2: dealerinthepast (button) collected ($0.05)
Seat 3: Lorpugo (small blind) folded before Flop
Seat 4: Marola93 (big blind) folded before Flop
Seat 5: DonChone folded before Flop (didn't bet)
Seat 6: Dennn24 folded before Flop (didn't bet)



PokerStars Hand #240794947637:  Hold'em No Limit ($0.01/$0.02 USD) - 2022/12/30 9:23:15 ET
Table 'Giacobini II' 6-max Seat #3 is the button
Seat 1: Panerriza ($4.13 in chips) 
Seat 2: dealerinthepast ($4.92 in chips) 
Seat 3: Lorpugo ($1.68 in chips) 
Seat 4: Marola93 ($2 in chips) 
Marola93: posts small blind $0.01
donclar1950 has timed out
Panerriza: posts big blind $0.02
*** HOLE CARDS ***
Dealt to Lorpugo [Th Jh]
DonChone leaves the table
dealerinthepast: folds 
Lorpugo: raises $0.04 to $0.06
Marola93: folds 
Eklind808 joins the table at seat #5 
Panerriza: folds 
Uncalled bet ($0.04) returned to Lorpugo
Lorpugo collected $0.05 from pot
Lorpugo: doesn't show hand 
*** SUMMARY ***
Total pot $0.05 | Rake $0 
Seat 1: Panerriza (big blind) folded before Flop
Seat 2: dealerinthepast folded before Flop (didn't bet)
Seat 3: Lorpugo (button) collected ($0.05)
Seat 4: Marola93 (small blind) folded before Flop



PokerStars Hand #240794953216:  Hold'em No Limit ($0.01/$0.02 USD) - 2022/12/30 9:23:36 ET
Table 'Giacobini II' 6-max Seat #4 is the button
Seat 1: Panerriza ($4.11 in chips) 
Seat 2: dealerinthepast ($4.92 in chips) 
Seat 3: Lorpugo ($1.71 in chips) 
Seat 4: Marola93 ($2 in chips) 
Panerriza: posts small blind $0.01
dealerinthepast: posts big blind $0.02
*** HOLE CARDS ***
Dealt to Lorpugo [8d Kh]
Lorpugo: raises $0.04 to $0.06
Marola93: folds 
Panerriza: calls $0.05
dealerinthepast: calls $0.04
*** FLOP *** [7d 6c Tc]
Panerriza: checks 
dealerinthepast: checks 
Eklind808 leaves the table
Lorpugo: checks 
*** TURN *** [7d 6c Tc] [2h]
Panerriza: checks 
dealerinthepast: checks 
Lorpugo: checks 
*** RIVER *** [7d 6c Tc 2h] [5s]
Panerriza: checks 
dealerinthepast: bets $0.06
Lorpugo: folds 
Panerriza: calls $0.06
*** SHOW DOWN ***
dealerinthepast: shows [Th As] (a pair of Tens)
Panerriza: mucks hand 
dealerinthepast collected $0.29 from pot
*** SUMMARY ***
Total pot $0.30 | Rake $0.01 
Board [7d 6c Tc 2h 5s]
Seat 1: Panerriza (small blind) mucked [Ad Js]
Seat 2: dealerinthepast (big blind) showed [Th As] and won ($0.29) with a pair of Tens
Seat 3: Lorpugo folded on the River
Seat 4: Marola93 (button) folded before Flop (didn't bet)



PokerStars Hand #240794966392:  Hold'em No Limit ($0.01/$0.02 USD) - 2022/12/30 9:24:28 ET
Table 'Giacobini II' 6-max Seat #1 is the button
Seat 1: Panerriza ($3.99 in chips) 
Seat 2: dealerinthepast ($5.09 in chips) 
Seat 3: Lorpugo ($1.65 in chips) 
Seat 4: Marola93 ($2 in chips) 
dealerinthepast: posts small blind $0.01
Lorpugo: posts big blind $0.02
*** HOLE CARDS ***
Dealt to Lorpugo [Ah Jd]
Marola93: folds 
Panerriza: raises $0.03 to $0.05
dealerinthepast: raises $0.15 to $0.20
Lorpugo: calls $0.18
Panerriza: calls $0.15
*** FLOP *** [5d Kd Js]
dealerinthepast: checks 
Lorpugo: checks 
Panerriza: checks 
*** TURN *** [5d Kd Js] [8s]
Viktoriia500 joins the table at seat #5 
dealerinthepast: checks 
Lorpugo: bets $0.38
Panerriza: calls $0.38
dealerinthepast: folds 
*** RIVER *** [5d Kd Js 8s] [9h]
Lorpugo: checks 
Panerriza: bets $3.41 and is all-in
Lorpugo: folds 
Uncalled bet ($3.41) returned to Panerriza
Panerriza collected $1.31 from pot
Panerriza: doesn't show hand 
*** SUMMARY ***
Total pot $1.36 | Rake $0.05 
Board [5d Kd Js 8s 9h]
Seat 1: Panerriza (button) collected ($1.31)
Seat 2: dealerinthepast (small blind) folded on the Turn
Seat 3: Lorpugo (big blind) folded on the River
Seat 4: Marola93 folded before Flop (didn't bet)



PokerStars Hand #240794995777:  Hold'em No Limit ($0.01/$0.02 USD) - 2022/12/30 9:26:21 ET
Table 'Giacobini II' 6-max Seat #2 is the button
Seat 1: Panerriza ($4.72 in chips) 
Seat 2: dealerinthepast ($4.89 in chips) 
Seat 3: Lorpugo ($1.07 in chips) 
Seat 4: Marola93 ($2 in chips) 
Lorpugo: posts small blind $0.01
Marola93: posts big blind $0.02
*** HOLE CARDS ***
Dealt to Lorpugo [7h Qs]
Panerriza: folds 
dealerinthepast: raises $0.04 to $0.06
Lorpugo: folds 
Marola93: folds 
Uncalled bet ($0.04) returned to dealerinthepast
dealerinthepast collected $0.05 from pot
dealerinthepast: doesn't show hand 
*** SUMMARY ***
Total pot $0.05 | Rake $0 
Seat 1: Panerriza folded before Flop (didn't bet)
Seat 2: dealerinthepast (button) collected ($0.05)
Seat 3: Lorpugo (small blind) folded before Flop
Seat 4: Marola93 (big blind) folded before Flop



PokerStars Hand #240795001125:  Hold'em No Limit ($0.01/$0.02 USD) - 2022/12/30 9:26:42 ET
Table 'Giacobini II' 6-max Seat #3 is the button
Seat 1: Panerriza ($4.72 in chips) 
Seat 2: dealerinthepast ($4.92 in chips) 
Seat 3: Lorpugo ($1.06 in chips) 
Seat 4: Marola93 ($2 in chips) 
Seat 5: Viktoriia500 ($2 in chips) 
Marola93: posts small blind $0.01
Viktoriia500: posts big blind $0.02
*** HOLE CARDS ***
Dealt to Lorpugo [8h Ac]
Panerriza: raises $0.04 to $0.06
dealerinthepast: folds 
Lorpugo: calls $0.06
Marola93: folds 
Viktoriia500: folds 
*** FLOP *** [Qs Th 8c]
Panerriza: bets $0.04
Lorpugo: calls $0.04
*** TURN *** [Qs Th 8c] [3d]
Panerriza: bets $0.17
Lorpugo: folds 
Uncalled bet ($0.17) returned to Panerriza
Panerriza collected $0.22 from pot
Panerriza: doesn't show hand 
*** SUMMARY ***
Total pot $0.23 | Rake $0.01 
Board [Qs Th 8c 3d]
Seat 1: Panerriza collected ($0.22)
Seat 2: dealerinthepast folded before Flop (didn't bet)
Seat 3: Lorpugo (button) folded on the Turn
Seat 4: Marola93 (small blind) folded before Flop
Seat 5: Viktoriia500 (big blind) folded before Flop



PokerStars Hand #240795009236:  Hold'em No Limit ($0.01/$0.02 USD) - 2022/12/30 9:27:14 ET
Table 'Giacobini II' 6-max Seat #4 is the button
Seat 1: Panerriza ($4.84 in chips) 
Seat 2: dealerinthepast ($4.92 in chips) 
Seat 3: Lorpugo ($0.96 in chips) 
Seat 4: Marola93 ($2 in chips) 
Seat 5: Viktoriia500 ($2 in chips) 
Seat 6: donclar1950 ($1.60 in chips) 
Viktoriia500: posts small blind $0.01
donclar1950: posts big blind $0.02
*** HOLE CARDS ***
Dealt to Lorpugo [6d Jd]
Panerriza: raises $0.04 to $0.06
dealerinthepast: folds 
Lorpugo: folds 
Marola93: calls $0.06
Viktoriia500: calls $0.05
donclar1950: calls $0.04
*** FLOP *** [Th Ac 2c]
Viktoriia500: checks 
donclar1950: checks 
Panerriza: bets $0.07
Marola93: folds 
Viktoriia500: calls $0.07
donclar1950: folds 
*** TURN *** [Th Ac 2c] [8d]
Viktoriia500: checks 
Panerriza: bets $0.28
Viktoriia500: calls $0.28
*** RIVER *** [Th Ac 2c 8d] [7s]
Viktoriia500: checks 
Panerriza: checks 
*** SHOW DOWN ***
Viktoriia500: shows [Ah 3h] (a pair of Aces)
Panerriza: shows [4s As] (a pair of Aces)
Viktoriia500 collected $0.46 from pot
Panerriza collected $0.45 from pot
*** SUMMARY ***
Total pot $0.94 | Rake $0.03 
Board [Th Ac 2c 8d 7s]
Seat 1: Panerriza showed [4s As] and won ($0.45) with a pair of Aces
Seat 2: dealerinthepast folded before Flop (didn't bet)
Seat 3: Lorpugo folded before Flop (didn't bet)
Seat 4: Marola93 (button) folded on the Flop
Seat 5: Viktoriia500 (small blind) showed [Ah 3h] and won ($0.46) with a pair of Aces
Seat 6: donclar1950 (big blind) folded on the Flop



PokerStars Hand #240795034873:  Hold'em No Limit ($0.01/$0.02 USD) - 2022/12/30 9:28:53 ET
Table 'Giacobini II' 6-max Seat #5 is the button
Seat 1: Panerriza ($4.88 in chips) 
Seat 2: dealerinthepast ($4.92 in chips) 
Seat 3: Lorpugo ($1.76 in chips) 
Seat 4: Marola93 ($2 in chips) 
Seat 5: Viktoriia500 ($2.05 in chips) 
Seat 6: donclar1950 ($1.54 in chips) 
donclar1950: posts small blind $0.01
Panerriza: posts big blind $0.02
*** HOLE CARDS ***
Dealt to Lorpugo [Td 2d]
dealerinthepast: folds 
Lorpugo: folds 
Marola93: folds 
Viktoriia500: folds 
donclar1950: folds 
Uncalled bet ($0.01) returned to Panerriza
Panerriza collected $0.02 from pot
*** SUMMARY ***
Total pot $0.02 | Rake $0 
Seat 1: Panerriza (big blind) collected ($0.02)
Seat 2: dealerinthepast folded before Flop (didn't bet)
Seat 3: Lorpugo folded before Flop (didn't bet)
Seat 4: Marola93 folded before Flop (didn't bet)
Seat 5: Viktoriia500 (button) folded before Flop (didn't bet)
Seat 6: donclar1950 (small blind) folded before Flop



PokerStars Hand #240795038257:  Hold'em No Limit ($0.01/$0.02 USD) - 2022/12/30 9:29:06 ET
Table 'Giacobini II' 6-max Seat #6 is the button
Seat 1: Panerriza ($4.89 in chips) 
Seat 2: dealerinthepast ($4.92 in chips) 
Seat 3: Lorpugo ($1.76 in chips) 
Seat 4: Marola93 ($2 in chips) 
Seat 5: Viktoriia500 ($2.05 in chips) 
Seat 6: donclar1950 ($1.53 in chips) 
Panerriza: posts small blind $0.01
dealerinthepast: posts big blind $0.02
*** HOLE CARDS ***
Dealt to Lorpugo [8c 4c]
Lorpugo: folds 
Marola93: folds 
Viktoriia500: calls $0.02
donclar1950: folds 
Panerriza: folds 
dealerinthepast: checks 
*** FLOP *** [As Td Jc]
dealerinthepast: checks 
Viktoriia500: checks 
*** TURN *** [As Td Jc] [6c]
dealerinthepast: checks 
Viktoriia500: checks 
*** RIVER *** [As Td Jc 6c] [5h]
dealerinthepast: checks 
Viktoriia500: checks 
*** SHOW DOWN ***
dealerinthepast: shows [5d 9c] (a pair of Fives)
Viktoriia500: shows [7c 7s] (a pair of Sevens)
Viktoriia500 collected $0.05 from pot
*** SUMMARY ***
Total pot $0.05 | Rake $0 
Board [As Td Jc 6c 5h]
Seat 1: Panerriza (small blind) folded before Flop
Seat 2: dealerinthepast (big blind) showed [5d 9c] and lost with a pair of Fives
Seat 3: Lorpugo folded before Flop (didn't bet)
Seat 4: Marola93 folded before Flop (didn't bet)
Seat 5: Viktoriia500 showed [7c 7s] and won ($0.05) with a pair of Sevens
Seat 6: donclar1950 (button) folded before Flop (didn't bet)



PokerStars Hand #240795047746:  Hold'em No Limit ($0.01/$0.02 USD) - 2022/12/30 9:29:43 ET
Table 'Giacobini II' 6-max Seat #1 is the button
Seat 1: Panerriza ($4.88 in chips) 
Seat 2: dealerinthepast ($4.90 in chips) 
Seat 3: Lorpugo ($1.76 in chips) 
Seat 4: Marola93 ($2 in chips) 
Seat 5: Viktoriia500 ($2.08 in chips) 
Seat 6: donclar1950 ($1.53 in chips) 
dealerinthepast: posts small blind $0.01
Lorpugo: posts big blind $0.02
*** HOLE CARDS ***
Dealt to Lorpugo [Jh 9d]
Marola93: folds 
Viktoriia500: folds 
donclar1950: folds 
Panerriza: raises $0.03 to $0.05
dealerinthepast: folds 
Lorpugo: calls $0.03
*** FLOP *** [5s 6s 7s]
Lorpugo: checks 
Panerriza: checks 
*** TURN *** [5s 6s 7s] [3d]
Lorpugo: bets $0.06
Panerriza: folds 
Uncalled bet ($0.06) returned to Lorpugo
Lorpugo collected $0.11 from pot
Lorpugo: doesn't show hand 
*** SUMMARY ***
Total pot $0.11 | Rake $0 
Board [5s 6s 7s 3d]
Seat 1: Panerriza (button) folded on the Turn
Seat 2: dealerinthepast (small blind) folded before Flop
Seat 3: Lorpugo (big blind) collected ($0.11)
Seat 4: Marola93 folded before Flop (didn't bet)
Seat 5: Viktoriia500 folded before Flop (didn't bet)
Seat 6: donclar1950 folded before Flop (didn't bet)



PokerStars Hand #240795059388:  Hold'em No Limit ($0.01/$0.02 USD) - 2022/12/30 9:30:27 ET
Table 'Giacobini II' 6-max Seat #2 is the button
Seat 1: Panerriza ($4.83 in chips) 
Seat 2: dealerinthepast ($4.89 in chips) 
Seat 3: Lorpugo ($1.82 in chips) 
Seat 4: Marola93 ($2 in chips) 
Seat 5: Viktoriia500 ($2.08 in chips) 
Seat 6: donclar1950 ($1.53 in chips) 
Lorpugo: posts small blind $0.01
Marola93: posts big blind $0.02
*** HOLE CARDS ***
Dealt to Lorpugo [Kc 8h]
Viktoriia500: folds 
donclar1950: folds 
Panerriza: folds 
dealerinthepast: raises $0.04 to $0.06
Lorpugo: folds 
Marola93: folds 
Uncalled bet ($0.04) returned to dealerinthepast
dealerinthepast collected $0.05 from pot
dealerinthepast: doesn't show hand 
*** SUMMARY ***
Total pot $0.05 | Rake $0 
Seat 1: Panerriza folded before Flop (didn't bet)
Seat 2: dealerinthepast (button) collected ($0.05)
Seat 3: Lorpugo (small blind) folded before Flop
Seat 4: Marola93 (big blind) folded before Flop
Seat 5: Viktoriia500 folded before Flop (didn't bet)
Seat 6: donclar1950 folded before Flop (didn't bet)



PokerStars Hand #240795062883:  Hold'em No Limit ($0.01/$0.02 USD) - 2022/12/30 9:30:41 ET
Table 'Giacobini II' 6-max Seat #3 is the button
Seat 1: Panerriza ($4.83 in chips) 
Seat 2: dealerinthepast ($4.92 in chips) 
Seat 3: Lorpugo ($1.81 in chips) 
Seat 4: Marola93 ($2 in chips) 
Seat 5: Viktoriia500 ($2.08 in chips) 
Seat 6: donclar1950 ($1.53 in chips) 
Marola93: posts small blind $0.01
Viktoriia500: posts big blind $0.02
*** HOLE CARDS ***
Dealt to Lorpugo [3d 9c]
donclar1950: raises $0.04 to $0.06
Panerriza: folds 
dealerinthepast: raises $0.14 to $0.20
Lorpugo: folds 
Marola93: folds 
Viktoriia500: folds 
donclar1950: calls $0.14
*** FLOP *** [Kc Qh 8d]
donclar1950: checks 
dealerinthepast: checks 
*** TURN *** [Kc Qh 8d] [9h]
donclar1950: bets $0.36
dealerinthepast: folds 
Uncalled bet ($0.36) returned to donclar1950
donclar1950 collected $0.41 from pot
donclar1950: doesn't show hand 
*** SUMMARY ***
Total pot $0.43 | Rake $0.02 
Board [Kc Qh 8d 9h]
Seat 1: Panerriza folded before Flop (didn't bet)
Seat 2: dealerinthepast folded on the Turn
Seat 3: Lorpugo (button) folded before Flop (didn't bet)
Seat 4: Marola93 (small blind) folded before Flop
Seat 5: Viktoriia500 (big blind) folded before Flop
Seat 6: donclar1950 collected ($0.41)



PokerStars Hand #240795078303:  Hold'em No Limit ($0.01/$0.02 USD) - 2022/12/30 9:31:39 ET
Table 'Giacobini II' 6-max Seat #4 is the button
Seat 1: Panerriza ($4.83 in chips) 
Seat 2: dealerinthepast ($4.72 in chips) 
Seat 3: Lorpugo ($1.81 in chips) 
Seat 4: Marola93 ($2 in chips) 
Seat 6: donclar1950 ($1.74 in chips) 
donclar1950: posts small blind $0.01
Panerriza: posts big blind $0.02
*** HOLE CARDS ***
Dealt to Lorpugo [9c Jh]
dealerinthepast: folds 
Lorpugo: raises $0.04 to $0.06
Marola93: folds 
donclar1950: folds 
Panerriza: folds 
Uncalled bet ($0.04) returned to Lorpugo
Lorpugo collected $0.05 from pot
Lorpugo: doesn't show hand 
*** SUMMARY ***
Total pot $0.05 | Rake $0 
Seat 1: Panerriza (big blind) folded before Flop
Seat 2: dealerinthepast folded before Flop (didn't bet)
Seat 3: Lorpugo collected ($0.05)
Seat 4: Marola93 (button) folded before Flop (didn't bet)
Seat 6: donclar1950 (small blind) folded before Flop



PokerStars Hand #240795082239:  Hold'em No Limit ($0.01/$0.02 USD) - 2022/12/30 9:31:54 ET
Table 'Giacobini II' 6-max Seat #6 is the button
Seat 1: Panerriza ($4.81 in chips) 
Seat 2: dealerinthepast ($4.72 in chips) 
Seat 3: Lorpugo ($1.84 in chips) 
Seat 4: Marola93 ($2 in chips) 
Seat 6: donclar1950 ($1.73 in chips) 
Panerriza: posts small blind $0.01
dealerinthepast: posts big blind $0.02
*** HOLE CARDS ***
Dealt to Lorpugo [6c 3c]
Lorpugo: folds 
Marola93: folds 
donclar1950: folds 
Panerriza: calls $0.01
dealerinthepast: checks 
*** FLOP *** [As 4c 5c]
Panerriza: bets $0.02
Viktoriia500 is disconnected 
dealerinthepast: calls $0.02
*** TURN *** [As 4c 5c] [Js]
Panerriza: bets $0.06
dealerinthepast: folds 
Uncalled bet ($0.06) returned to Panerriza
Panerriza collected $0.08 from pot
*** SUMMARY ***
Total pot $0.08 | Rake $0 
Board [As 4c 5c Js]
Seat 1: Panerriza (small blind) collected ($0.08)
Seat 2: dealerinthepast (big blind) folded on the Turn
Seat 3: Lorpugo folded before Flop (didn't bet)
Seat 4: Marola93 folded before Flop (didn't bet)
Seat 6: donclar1950 (button) folded before Flop (didn't bet)



PokerStars Hand #240795092296:  Hold'em No Limit ($0.01/$0.02 USD) - 2022/12/30 9:32:32 ET
Table 'Giacobini II' 6-max Seat #1 is the button
Seat 1: Panerriza ($4.85 in chips) 
Seat 2: dealerinthepast ($4.68 in chips) 
Seat 3: Lorpugo ($1.84 in chips) 
Seat 4: Marola93 ($2 in chips) 
Seat 6: donclar1950 ($1.73 in chips) 
dealerinthepast: posts small blind $0.01
Lorpugo: posts big blind $0.02
*** HOLE CARDS ***
Dealt to Lorpugo [5c As]
Marola93: folds 
Marola93 leaves the table
donclar1950: raises $0.04 to $0.06
Panerriza: folds 
dealerinthepast: folds 
Lorpugo: calls $0.04
*** FLOP *** [Ah 7c Js]
Lorpugo: checks 
donclar1950: bets $0.07
Lorpugo: calls $0.07
*** TURN *** [Ah 7c Js] [8c]
Lorpugo: checks 
donclar1950: bets $0.18
Lorpugo: calls $0.18
*** RIVER *** [Ah 7c Js 8c] [Kc]
Lorpugo: checks 
donclar1950: checks 
*** SHOW DOWN ***
Lorpugo: shows [5c As] (a pair of Aces)
donclar1950: shows [Ac Jh] (two pair, Aces and Jacks)
donclar1950 collected $0.61 from pot
*** SUMMARY ***
Total pot $0.63 | Rake $0.02 
Board [Ah 7c Js 8c Kc]
Seat 1: Panerriza (button) folded before Flop (didn't bet)
Seat 2: dealerinthepast (small blind) folded before Flop
Seat 3: Lorpugo (big blind) showed [5c As] and lost with a pair of Aces
Seat 4: Marola93 folded before Flop (didn't bet)
Seat 6: donclar1950 showed [Ac Jh] and won ($0.61) with two pair, Aces and Jacks



PokerStars Hand #240795107774:  Hold'em No Limit ($0.01/$0.02 USD) - 2022/12/30 9:33:31 ET
Table 'Giacobini II' 6-max Seat #2 is the button
Seat 1: Panerriza ($4.85 in chips) 
Seat 2: dealerinthepast ($4.67 in chips) 
Seat 3: Lorpugo ($1.53 in chips) 
Seat 6: donclar1950 ($2.03 in chips) 
Lorpugo: posts small blind $0.01
donclar1950: posts big blind $0.02
*** HOLE CARDS ***
Dealt to Lorpugo [3c 6s]
Panerriza: raises $0.04 to $0.06
dealerinthepast: folds 
Lorpugo: folds 
donclar1950: calls $0.04
*** FLOP *** [7d Qc 4s]
donclar1950: checks 
r0ckm4n joins the table at seat #4 
Panerriza: checks 
*** TURN *** [7d Qc 4s] [Jh]
donclar1950: bets $0.10
Panerriza: folds 
Uncalled bet ($0.10) returned to donclar1950
donclar1950 collected $0.13 from pot
donclar1950: doesn't show hand 
*** SUMMARY ***
Total pot $0.13 | Rake $0 
Board [7d Qc 4s Jh]
Seat 1: Panerriza folded on the Turn
Seat 2: dealerinthepast (button) folded before Flop (didn't bet)
Seat 3: Lorpugo (small blind) folded before Flop
Seat 6: donclar1950 (big blind) collected ($0.13)



PokerStars Hand #240795120523:  Hold'em No Limit ($0.01/$0.02 USD) - 2022/12/30 9:34:20 ET
Table 'Giacobini II' 6-max Seat #3 is the button
Seat 1: Panerriza ($4.79 in chips) 
Seat 2: dealerinthepast ($4.67 in chips) 
Seat 3: Lorpugo ($1.52 in chips) 
Seat 6: donclar1950 ($2.10 in chips) 
donclar1950: posts small blind $0.01
Panerriza: posts big blind $0.02
*** HOLE CARDS ***
Dealt to Lorpugo [3c Tc]
dealerinthepast: folds 
Lorpugo: raises $0.04 to $0.06
donclar1950: folds 
Panerriza: folds 
Uncalled bet ($0.04) returned to Lorpugo
Lorpugo collected $0.05 from pot
Lorpugo: doesn't show hand 
*** SUMMARY ***
Total pot $0.05 | Rake $0 
Seat 1: Panerriza (big blind) folded before Flop
Seat 2: dealerinthepast folded before Flop (didn't bet)
Seat 3: Lorpugo (button) collected ($0.05)
Seat 6: donclar1950 (small blind) folded before Flop



PokerStars Hand #240795124118:  Hold'em No Limit ($0.01/$0.02 USD) - 2022/12/30 9:34:33 ET
Table 'Giacobini II' 6-max Seat #6 is the button
Seat 1: Panerriza ($4.77 in chips) 
Seat 2: dealerinthepast ($4.67 in chips) 
Seat 3: Lorpugo ($1.55 in chips) 
Seat 6: donclar1950 ($2.09 in chips) 
Panerriza: posts small blind $0.01
dealerinthepast: posts big blind $0.02
*** HOLE CARDS ***
Dealt to Lorpugo [Th Ks]
Lorpugo: raises $0.04 to $0.06
donclar1950: calls $0.06
Panerriza: folds 
dealerinthepast: calls $0.04
*** FLOP *** [7s Kh Js]
dealerinthepast: checks 
Lorpugo: bets $0.06
donclar1950: folds 
dealerinthepast: folds 
Uncalled bet ($0.06) returned to Lorpugo
Lorpugo collected $0.18 from pot
Lorpugo: doesn't show hand 
*** SUMMARY ***
Total pot $0.19 | Rake $0.01 
Board [7s Kh Js]
Seat 1: Panerriza (small blind) folded before Flop
Seat 2: dealerinthepast (big blind) folded on the Flop
Seat 3: Lorpugo collected ($0.18)
Seat 6: donclar1950 (button) folded on the Flop



PokerStars Hand #240795131417:  Hold'em No Limit ($0.01/$0.02 USD) - 2022/12/30 9:35:01 ET
Table 'Giacobini II' 6-max Seat #1 is the button
Seat 1: Panerriza ($4.76 in chips) 
Seat 2: dealerinthepast ($4.61 in chips) 
Seat 3: Lorpugo ($1.67 in chips) 
Seat 6: donclar1950 ($2.03 in chips) 
dealerinthepast: posts small blind $0.01
Lorpugo: posts big blind $0.02
*** HOLE CARDS ***
Dealt to Lorpugo [8s 6s]
donclar1950: folds 
Panerriza: raises $0.03 to $0.05
dealerinthepast: folds 
Lorpugo: calls $0.03
*** FLOP *** [As 7c 6d]
Lorpugo: checks 
Panerriza: bets $0.08
Lorpugo: folds 
Uncalled bet ($0.08) returned to Panerriza
Panerriza collected $0.11 from pot
*** SUMMARY ***
Total pot $0.11 | Rake $0 
Board [As 7c 6d]
Seat 1: Panerriza (button) collected ($0.11)
Seat 2: dealerinthepast (small blind) folded before Flop
Seat 3: Lorpugo (big blind) folded on the Flop
Seat 6: donclar1950 folded before Flop (didn't bet)



PokerStars Hand #240795140369:  Hold'em No Limit ($0.01/$0.02 USD) - 2022/12/30 9:35:34 ET
Table 'Giacobini II' 6-max Seat #2 is the button
Seat 1: Panerriza ($4.82 in chips) 
Seat 2: dealerinthepast ($4.60 in chips) 
Seat 3: Lorpugo ($1.62 in chips) 
Seat 4: r0ckm4n ($2 in chips) 
Seat 6: donclar1950 ($2.03 in chips) 
Lorpugo: posts small blind $0.01
r0ckm4n: posts big blind $0.02
*** HOLE CARDS ***
Dealt to Lorpugo [Qh 5c]
donclar1950: folds 
Panerriza: folds 
dealerinthepast: folds 
Lorpugo: raises $0.04 to $0.06
r0ckm4n: folds 
Uncalled bet ($0.04) returned to Lorpugo
Lorpugo collected $0.04 from pot
Lorpugo: doesn't show hand 
*** SUMMARY ***
Total pot $0.04 | Rake $0 
Seat 1: Panerriza folded before Flop (didn't bet)
Seat 2: dealerinthepast (button) folded before Flop (didn't bet)
Seat 3: Lorpugo (small blind) collected ($0.04)
Seat 4: r0ckm4n (big blind) folded before Flop
Seat 6: donclar1950 folded before Flop (didn't bet)



PokerStars Hand #240795146605:  Hold'em No Limit ($0.01/$0.02 USD) - 2022/12/30 9:35:58 ET
Table 'Giacobini II' 6-max Seat #3 is the button
Seat 1: Panerriza ($4.82 in chips) 
Seat 2: dealerinthepast ($4.60 in chips) 
Seat 3: Lorpugo ($1.64 in chips) 
Seat 4: r0ckm4n ($2 in chips) 
r0ckm4n: posts small blind $0.01
Panerriza: posts big blind $0.02
*** HOLE CARDS ***
Dealt to Lorpugo [2d 3h]
dealerinthepast: folds 
Lorpugo: folds 
r0ckm4n: raises $0.04 to $0.06
Panerriza: folds 
Uncalled bet ($0.04) returned to r0ckm4n
r0ckm4n collected $0.04 from pot
r0ckm4n: doesn't show hand 
*** SUMMARY ***
Total pot $0.04 | Rake $0 
Seat 1: Panerriza (big blind) folded before Flop
Seat 2: dealerinthepast folded before Flop (didn't bet)
Seat 3: Lorpugo (button) folded before Flop (didn't bet)
Seat 4: r0ckm4n (small blind) collected ($0.04)



PokerStars Hand #240795150470:  Hold'em No Limit ($0.01/$0.02 USD) - 2022/12/30 9:36:12 ET
Table 'Giacobini II' 6-max Seat #4 is the button
Seat 1: Panerriza ($4.80 in chips) 
Seat 2: dealerinthepast ($4.60 in chips) 
Seat 3: Lorpugo ($1.64 in chips) 
Seat 4: r0ckm4n ($2.02 in chips) 
Panerriza: posts small blind $0.01
dealerinthepast: posts big blind $0.02
*** HOLE CARDS ***
Dealt to Lorpugo [4s 7h]
Lorpugo: folds 
r0ckm4n: raises $0.03 to $0.05
Panerriza: calls $0.04
dealerinthepast: folds 
*** FLOP *** [Th 2c 9s]
Panerriza: checks 
r0ckm4n: bets $0.06
Panerriza: raises $0.14 to $0.20
r0ckm4n: folds 
Uncalled bet ($0.14) returned to Panerriza
Panerriza collected $0.23 from pot
*** SUMMARY ***
Total pot $0.24 | Rake $0.01 
Board [Th 2c 9s]
Seat 1: Panerriza (small blind) collected ($0.23)
Seat 2: dealerinthepast (big blind) folded before Flop
Seat 3: Lorpugo folded before Flop (didn't bet)
Seat 4: r0ckm4n (button) folded on the Flop



PokerStars Hand #240795161488:  Hold'em No Limit ($0.01/$0.02 USD) - 2022/12/30 9:36:54 ET
Table 'Giacobini II' 6-max Seat #1 is the button
Seat 1: Panerriza ($4.92 in chips) 
Seat 2: dealerinthepast ($4.58 in chips) 
Seat 3: Lorpugo ($1.64 in chips) 
Seat 4: r0ckm4n ($2 in chips) 
dealerinthepast: posts small blind $0.01
Lorpugo: posts big blind $0.02
*** HOLE CARDS ***
Dealt to Lorpugo [Ad 7c]
r0ckm4n: folds 
Panerriza: folds 
dealerinthepast: calls $0.01
Lorpugo: raises $0.08 to $0.10
dealerinthepast: calls $0.08
*** FLOP *** [9h 3s 3d]
dealerinthepast: checks 
Lorpugo: bets $0.06
dealerinthepast: calls $0.06
*** TURN *** [9h 3s 3d] [Js]
dealerinthepast: checks 
Lorpugo: checks 
*** RIVER *** [9h 3s 3d Js] [6s]
dealerinthepast: checks 
Lorpugo: checks 
*** SHOW DOWN ***
dealerinthepast: shows [2h 2d] (two pair, Threes and Deuces)
Lorpugo: mucks hand 
dealerinthepast collected $0.31 from pot
*** SUMMARY ***
Total pot $0.32 | Rake $0.01 
Board [9h 3s 3d Js 6s]
Seat 1: Panerriza (button) folded before Flop (didn't bet)
Seat 2: dealerinthepast (small blind) showed [2h 2d] and won ($0.31) with two pair, Threes and Deuces
Seat 3: Lorpugo (big blind) mucked [Ad 7c]
Seat 4: r0ckm4n folded before Flop (didn't bet)



PokerStars Hand #240795170969:  Hold'em No Limit ($0.01/$0.02 USD) - 2022/12/30 9:37:30 ET
Table 'Giacobini II' 6-max Seat #2 is the button
Seat 1: Panerriza ($4.92 in chips) 
Seat 2: dealerinthepast ($4.73 in chips) 
Seat 3: Lorpugo ($1.48 in chips) 
Seat 4: r0ckm4n ($2 in chips) 
Lorpugo: posts small blind $0.01
r0ckm4n: posts big blind $0.02
*** HOLE CARDS ***
Dealt to Lorpugo [Qd Js]
Panerriza: folds 
dealerinthepast: raises $0.04 to $0.06
Lorpugo: calls $0.05
r0ckm4n: folds 
*** FLOP *** [8s 6s 2c]
Lorpugo: bets $0.02
dealerinthepast: raises $0.08 to $0.10
Lorpugo: folds 
Uncalled bet ($0.08) returned to dealerinthepast
dealerinthepast collected $0.17 from pot
dealerinthepast: doesn't show hand 
*** SUMMARY ***
Total pot $0.18 | Rake $0.01 
Board [8s 6s 2c]
Seat 1: Panerriza folded before Flop (didn't bet)
Seat 2: dealerinthepast (button) collected ($0.17)
Seat 3: Lorpugo (small blind) folded on the Flop
Seat 4: r0ckm4n (big blind) folded before Flop



PokerStars Hand #240795177236:  Hold'em No Limit ($0.01/$0.02 USD) - 2022/12/30 9:37:54 ET
Table 'Giacobini II' 6-max Seat #3 is the button
Seat 1: Panerriza ($4.92 in chips) 
Seat 2: dealerinthepast ($4.82 in chips) 
Seat 3: Lorpugo ($1.40 in chips) 
Seat 4: r0ckm4n ($2 in chips) 
Seat 6: donclar1950 ($2.03 in chips) 
r0ckm4n: posts small blind $0.01
donclar1950: posts big blind $0.02
*** HOLE CARDS ***
Dealt to Lorpugo [7d 9d]
Panerriza: raises $0.04 to $0.06
dealerinthepast: folds 
Lorpugo: calls $0.06
r0ckm4n: folds 
donclar1950: calls $0.04
*** FLOP *** [Kd Tc Qc]
donclar1950: checks 
Panerriza: checks 
Lorpugo: checks 
*** TURN *** [Kd Tc Qc] [6c]
donclar1950: bets $0.08
Panerriza: calls $0.08
Lorpugo: folds 
*** RIVER *** [Kd Tc Qc 6c] [4d]
donclar1950: bets $0.14
Panerriza: calls $0.14
*** SHOW DOWN ***
donclar1950: shows [Qh Ts] (two pair, Queens and Tens)
Panerriza: shows [6h 6d] (three of a kind, Sixes)
Panerriza collected $0.61 from pot
Viktoriia500 leaves the table
*** SUMMARY ***
Total pot $0.63 | Rake $0.02 
Board [Kd Tc Qc 6c 4d]
Seat 1: Panerriza showed [6h 6d] and won ($0.61) with three of a kind, Sixes
Seat 2: dealerinthepast folded before Flop (didn't bet)
Seat 3: Lorpugo (button) folded on the Turn
Seat 4: r0ckm4n (small blind) folded before Flop
Seat 6: donclar1950 (big blind) showed [Qh Ts] and lost with two pair, Queens and Tens



PokerStars Hand #240795192457:  Hold'em No Limit ($0.01/$0.02 USD) - 2022/12/30 9:38:52 ET
Table 'Giacobini II' 6-max Seat #4 is the button
Seat 1: Panerriza ($5.25 in chips) 
Seat 2: dealerinthepast ($4.82 in chips) 
Seat 3: Lorpugo ($1.34 in chips) 
Seat 4: r0ckm4n ($2 in chips) 
Seat 6: donclar1950 ($1.75 in chips) 
donclar1950: posts small blind $0.01
Panerriza: posts big blind $0.02
*** HOLE CARDS ***
Dealt to Lorpugo [Qh Kd]
dealerinthepast: folds 
Lorpugo: raises $0.04 to $0.06
r0ckm4n: folds 
donclar1950: folds 
Panerriza: folds 
Uncalled bet ($0.04) returned to Lorpugo
Lorpugo collected $0.05 from pot
Lorpugo: doesn't show hand 
*** SUMMARY ***
Total pot $0.05 | Rake $0 
Seat 1: Panerriza (big blind) folded before Flop
Seat 2: dealerinthepast folded before Flop (didn't bet)
Seat 3: Lorpugo collected ($0.05)
Seat 4: r0ckm4n (button) folded before Flop (didn't bet)
Seat 6: donclar1950 (small blind) folded before Flop



PokerStars Hand #240795196199:  Hold'em No Limit ($0.01/$0.02 USD) - 2022/12/30 9:39:06 ET
Table 'Giacobini II' 6-max Seat #6 is the button
Seat 1: Panerriza ($5.23 in chips) 
Seat 2: dealerinthepast ($4.82 in chips) 
Seat 3: Lorpugo ($1.37 in chips) 
Seat 4: r0ckm4n ($2 in chips) 
Seat 6: donclar1950 ($1.74 in chips) 
Panerriza: posts small blind $0.01
dealerinthepast: posts big blind $0.02
*** HOLE CARDS ***
Dealt to Lorpugo [Qh 5h]
Lorpugo: folds 
r0ckm4n: folds 
donclar1950: folds 
Panerriza: raises $0.04 to $0.06
dealerinthepast: folds 
Uncalled bet ($0.04) returned to Panerriza
Panerriza collected $0.04 from pot
*** SUMMARY ***
Total pot $0.04 | Rake $0 
Seat 1: Panerriza (small blind) collected ($0.04)
Seat 2: dealerinthepast (big blind) folded before Flop
Seat 3: Lorpugo folded before Flop (didn't bet)
Seat 4: r0ckm4n folded before Flop (didn't bet)
Seat 6: donclar1950 (button) folded before Flop (didn't bet)



PokerStars Hand #240795199985:  Hold'em No Limit ($0.01/$0.02 USD) - 2022/12/30 9:39:20 ET
Table 'Giacobini II' 6-max Seat #1 is the button
Seat 1: Panerriza ($5.25 in chips) 
Seat 2: dealerinthepast ($4.80 in chips) 
Seat 3: Lorpugo ($1.37 in chips) 
Seat 4: r0ckm4n ($2 in chips) 
Seat 6: donclar1950 ($1.74 in chips) 
dealerinthepast: posts small blind $0.01
Lorpugo: posts big blind $0.02
*** HOLE CARDS ***
Dealt to Lorpugo [9h As]
r0ckm4n: folds 
donclar1950: folds 
Panerriza: folds 
dealerinthepast: folds 
Uncalled bet ($0.01) returned to Lorpugo
Lorpugo collected $0.02 from pot
Lorpugo: doesn't show hand 
*** SUMMARY ***
Total pot $0.02 | Rake $0 
Seat 1: Panerriza (button) folded before Flop (didn't bet)
Seat 2: dealerinthepast (small blind) folded before Flop
Seat 3: Lorpugo (big blind) collected ($0.02)
Seat 4: r0ckm4n folded before Flop (didn't bet)
Seat 6: donclar1950 folded before Flop (didn't bet)



PokerStars Hand #240795201906:  Hold'em No Limit ($0.01/$0.02 USD) - 2022/12/30 9:39:27 ET
Table 'Giacobini II' 6-max Seat #2 is the button
Seat 1: Panerriza ($5.25 in chips) 
Seat 2: dealerinthepast ($4.79 in chips) 
Seat 3: Lorpugo ($1.38 in chips) 
Seat 6: donclar1950 ($1.74 in chips) 
Lorpugo: posts small blind $0.01
donclar1950: posts big blind $0.02
*** HOLE CARDS ***
Dealt to Lorpugo [8h 4h]
X.T. 5370 joins the table at seat #5 
Panerriza: folds 
r0ckm4n leaves the table
dealerinthepast: raises $0.04 to $0.06
Lorpugo: folds 
donclar1950: calls $0.04
*** FLOP *** [Jd 9h Qh]
donclar1950: checks 
dealerinthepast: bets $0.07
donclar1950: calls $0.07
*** TURN *** [Jd 9h Qh] [Qc]
donclar1950: checks 
reydepiedra joins the table at seat #4 
dealerinthepast: bets $0.20
donclar1950: folds 
Uncalled bet ($0.20) returned to dealerinthepast
dealerinthepast collected $0.26 from pot
dealerinthepast: doesn't show hand 
*** SUMMARY ***
Total pot $0.27 | Rake $0.01 
Board [Jd 9h Qh Qc]
Seat 1: Panerriza folded before Flop (didn't bet)
Seat 2: dealerinthepast (button) collected ($0.26)
Seat 3: Lorpugo (small blind) folded before Flop
Seat 6: donclar1950 (big blind) folded on the Turn



PokerStars Hand #240795214175:  Hold'em No Limit ($0.01/$0.02 USD) - 2022/12/30 9:40:14 ET
Table 'Giacobini II' 6-max Seat #3 is the button
Seat 1: Panerriza ($5.25 in chips) 
Seat 2: dealerinthepast ($4.92 in chips) 
Seat 3: Lorpugo ($1.37 in chips) 
Seat 6: donclar1950 ($1.61 in chips) 
donclar1950: posts small blind $0.01
Panerriza: posts big blind $0.02
*** HOLE CARDS ***
Dealt to Lorpugo [Kc Ts]
dealerinthepast: folds 
Lorpugo: raises $0.04 to $0.06
donclar1950: folds 
Panerriza: folds 
Uncalled bet ($0.04) returned to Lorpugo
Lorpugo collected $0.05 from pot
Lorpugo: doesn't show hand 
*** SUMMARY ***
Total pot $0.05 | Rake $0 
Seat 1: Panerriza (big blind) folded before Flop
Seat 2: dealerinthepast folded before Flop (didn't bet)
Seat 3: Lorpugo (button) collected ($0.05)
Seat 6: donclar1950 (small blind) folded before Flop



PokerStars Hand #240795217399:  Hold'em No Limit ($0.01/$0.02 USD) - 2022/12/30 9:40:26 ET
Table 'Giacobini II' 6-max Seat #6 is the button
Seat 1: Panerriza ($5.23 in chips) 
Seat 2: dealerinthepast ($4.92 in chips) 
Seat 3: Lorpugo ($1.40 in chips) 
Seat 5: X.T. 5370 ($1.60 in chips) 
Seat 6: donclar1950 ($1.60 in chips) 
Panerriza: posts small blind $0.01
dealerinthepast: posts big blind $0.02
X.T. 5370: posts big blind $0.02
*** HOLE CARDS ***
Dealt to Lorpugo [Js 4s]
Lorpugo: folds 
X.T. 5370: checks 
donclar1950: raises $0.06 to $0.08
Panerriza: folds 
dealerinthepast: calls $0.06
X.T. 5370: folds 
*** FLOP *** [Ah Th 8c]
dealerinthepast: checks 
donclar1950: checks 
*** TURN *** [Ah Th 8c] [Qc]
dealerinthepast: checks 
donclar1950: checks 
*** RIVER *** [Ah Th 8c Qc] [3s]
dealerinthepast: bets $0.14
donclar1950: folds 
Uncalled bet ($0.14) returned to dealerinthepast
dealerinthepast collected $0.18 from pot
dealerinthepast: doesn't show hand 
*** SUMMARY ***
Total pot $0.19 | Rake $0.01 
Board [Ah Th 8c Qc 3s]
Seat 1: Panerriza (small blind) folded before Flop
Seat 2: dealerinthepast (big blind) collected ($0.18)
Seat 3: Lorpugo folded before Flop (didn't bet)
Seat 5: X.T. 5370 folded before Flop (didn't bet)
Seat 6: donclar1950 (button) folded on the River



PokerStars Hand #240795231025:  Hold'em No Limit ($0.01/$0.02 USD) - 2022/12/30 9:41:18 ET
Table 'Giacobini II' 6-max Seat #1 is the button
Seat 1: Panerriza ($5.22 in chips) 
Seat 2: dealerinthepast ($5.02 in chips) 
Seat 3: Lorpugo ($1.40 in chips) 
Seat 5: X.T. 5370 ($1.58 in chips) 
Seat 6: donclar1950 ($1.52 in chips) 
dealerinthepast: posts small blind $0.01
Lorpugo: posts big blind $0.02
*** HOLE CARDS ***
Dealt to Lorpugo [Ks 4c]
X.T. 5370: calls $0.02
donclar1950: folds 
Panerriza: folds 
dealerinthepast: folds 
Lorpugo: checks 
*** FLOP *** [8d Jc 3s]
Lorpugo: checks 
X.T. 5370: checks 
*** TURN *** [8d Jc 3s] [3d]
Lorpugo: bets $0.02
X.T. 5370: folds 
Uncalled bet ($0.02) returned to Lorpugo
Lorpugo collected $0.05 from pot
Lorpugo: doesn't show hand 
*** SUMMARY ***
Total pot $0.05 | Rake $0 
Board [8d Jc 3s 3d]
Seat 1: Panerriza (button) folded before Flop (didn't bet)
Seat 2: dealerinthepast (small blind) folded before Flop
Seat 3: Lorpugo (big blind) collected ($0.05)
Seat 5: X.T. 5370 folded on the Turn
Seat 6: donclar1950 folded before Flop (didn't bet)



PokerStars Hand #240795240915:  Hold'em No Limit ($0.01/$0.02 USD) - 2022/12/30 9:41:55 ET
Table 'Giacobini II' 6-max Seat #2 is the button
Seat 1: Panerriza ($5.22 in chips) 
Seat 2: dealerinthepast ($5.01 in chips) 
Seat 3: Lorpugo ($1.43 in chips) 
Seat 4: reydepiedra ($2 in chips) 
Seat 5: X.T. 5370 ($1.56 in chips) 
Seat 6: donclar1950 ($1.52 in chips) 
Lorpugo: posts small blind $0.01
reydepiedra: posts big blind $0.02
*** HOLE CARDS ***
Dealt to Lorpugo [6d 9h]
X.T. 5370: folds 
donclar1950: raises $0.04 to $0.06
Panerriza: folds 
dealerinthepast: folds 
Lorpugo: folds 
reydepiedra: folds 
Uncalled bet ($0.04) returned to donclar1950
donclar1950 collected $0.05 from pot
donclar1950: doesn't show hand 
*** SUMMARY ***
Total pot $0.05 | Rake $0 
Seat 1: Panerriza folded before Flop (didn't bet)
Seat 2: dealerinthepast (button) folded before Flop (didn't bet)
Seat 3: Lorpugo (small blind) folded before Flop
Seat 4: reydepiedra (big blind) folded before Flop
Seat 5: X.T. 5370 folded before Flop (didn't bet)
Seat 6: donclar1950 collected ($0.05)



PokerStars Hand #240795246203:  Hold'em No Limit ($0.01/$0.02 USD) - 2022/12/30 9:42:15 ET
Table 'Giacobini II' 6-max Seat #3 is the button
Seat 1: Panerriza ($5.22 in chips) 
Seat 2: dealerinthepast ($5.01 in chips) 
Seat 3: Lorpugo ($1.42 in chips) 
Seat 4: reydepiedra ($1.98 in chips) 
Seat 5: X.T. 5370 ($1.56 in chips) 
Seat 6: donclar1950 ($1.55 in chips) 
reydepiedra: posts small blind $0.01
X.T. 5370: posts big blind $0.02
*** HOLE CARDS ***
Dealt to Lorpugo [Ac 8c]
donclar1950: folds 
Panerriza: folds 
dealerinthepast: raises $0.04 to $0.06
Lorpugo: raises $0.15 to $0.21
reydepiedra: folds 
X.T. 5370: folds 
dealerinthepast: raises $0.31 to $0.52
Lorpugo: calls $0.31
*** FLOP *** [5h 8d 2h]
dealerinthepast: bets $1.50
Lorpugo: calls $0.90 and is all-in
Uncalled bet ($0.60) returned to dealerinthepast
*** TURN *** [5h 8d 2h] [3h]
*** RIVER *** [5h 8d 2h 3h] [5d]
*** SHOW DOWN ***
dealerinthepast: shows [As Kc] (a pair of Fives)
Lorpugo: shows [Ac 8c] (two pair, Eights and Fives)
Lorpugo collected $2.77 from pot
*** SUMMARY ***
Total pot $2.87 | Rake $0.10 
Board [5h 8d 2h 3h 5d]
Seat 1: Panerriza folded before Flop (didn't bet)
Seat 2: dealerinthepast showed [As Kc] and lost with a pair of Fives
Seat 3: Lorpugo (button) showed [Ac 8c] and won ($2.77) with two pair, Eights and Fives
Seat 4: reydepiedra (small blind) folded before Flop
Seat 5: X.T. 5370 (big blind) folded before Flop
Seat 6: donclar1950 folded before Flop (didn't bet)



PokerStars Hand #240795260777:  Hold'em No Limit ($0.01/$0.02 USD) - 2022/12/30 9:43:10 ET
Table 'Giacobini II' 6-max Seat #4 is the button
Seat 1: Panerriza ($5.22 in chips) 
Seat 2: dealerinthepast ($3.59 in chips) 
Seat 3: Lorpugo ($2.77 in chips) 
Seat 4: reydepiedra ($1.97 in chips) 
Seat 5: X.T. 5370 ($1.54 in chips) 
Seat 6: donclar1950 ($1.55 in chips) 
X.T. 5370: posts small blind $0.01
donclar1950: posts big blind $0.02
*** HOLE CARDS ***
Dealt to Lorpugo [Kc Ks]
Panerriza: folds 
dealerinthepast: folds 
Lorpugo: raises $0.04 to $0.06
reydepiedra: folds 
X.T. 5370: calls $0.05
donclar1950: folds 
*** FLOP *** [8d 7d Td]
X.T. 5370: checks 
Lorpugo: checks 
*** TURN *** [8d 7d Td] [5d]
X.T. 5370: bets $0.14
Lorpugo: folds 
Uncalled bet ($0.14) returned to X.T. 5370
X.T. 5370 collected $0.14 from pot
*** SUMMARY ***
Total pot $0.14 | Rake $0 
Board [8d 7d Td 5d]
Seat 1: Panerriza folded before Flop (didn't bet)
Seat 2: dealerinthepast folded before Flop (didn't bet)
Seat 3: Lorpugo folded on the Turn
Seat 4: reydepiedra (button) folded before Flop (didn't bet)
Seat 5: X.T. 5370 (small blind) collected ($0.14)
Seat 6: donclar1950 (big blind) folded before Flop



PokerStars Hand #240795271905:  Hold'em No Limit ($0.01/$0.02 USD) - 2022/12/30 9:43:52 ET
Table 'Giacobini II' 6-max Seat #5 is the button
Seat 1: Panerriza ($5.22 in chips) 
Seat 2: dealerinthepast ($3.59 in chips) 
Seat 3: Lorpugo ($2.71 in chips) 
Seat 4: reydepiedra ($1.97 in chips) 
Seat 5: X.T. 5370 ($1.62 in chips) 
Seat 6: donclar1950 ($1.53 in chips) 
donclar1950: posts small blind $0.01
Panerriza: posts big blind $0.02
*** HOLE CARDS ***
Dealt to Lorpugo [3c Tc]
dealerinthepast: folds 
Lorpugo: folds 
reydepiedra: folds 
X.T. 5370: folds 
donclar1950: folds 
Uncalled bet ($0.01) returned to Panerriza
Panerriza collected $0.02 from pot
*** SUMMARY ***
Total pot $0.02 | Rake $0 
Seat 1: Panerriza (big blind) collected ($0.02)
Seat 2: dealerinthepast folded before Flop (didn't bet)
Seat 3: Lorpugo folded before Flop (didn't bet)
Seat 4: reydepiedra folded before Flop (didn't bet)
Seat 5: X.T. 5370 (button) folded before Flop (didn't bet)
Seat 6: donclar1950 (small blind) folded before Flop



PokerStars Hand #240795277845:  Hold'em No Limit ($0.01/$0.02 USD) - 2022/12/30 9:44:14 ET
Table 'Giacobini II' 6-max Seat #6 is the button
Seat 1: Panerriza ($5.23 in chips) 
Seat 2: dealerinthepast ($3.59 in chips) 
Seat 3: Lorpugo ($2.71 in chips) 
Seat 4: reydepiedra ($1.97 in chips) 
Seat 5: X.T. 5370 ($1.62 in chips) 
Seat 6: donclar1950 ($1.52 in chips) 
Panerriza: posts small blind $0.01
dealerinthepast: posts big blind $0.02
*** HOLE CARDS ***
Dealt to Lorpugo [5d 6s]
Lorpugo: folds 
reydepiedra: folds 
X.T. 5370: calls $0.02
donclar1950: folds 
Panerriza: calls $0.01
dealerinthepast: checks 
*** FLOP *** [7h Jh Qd]
Panerriza: checks 
dealerinthepast: checks 
X.T. 5370: checks 
*** TURN *** [7h Jh Qd] [Td]
Panerriza: bets $0.06
dealerinthepast: calls $0.06
X.T. 5370: folds 
*** RIVER *** [7h Jh Qd Td] [7s]
Panerriza: checks 
dealerinthepast: checks 
*** SHOW DOWN ***
Panerriza: shows [4h Ah] (a pair of Sevens)
dealerinthepast: shows [8h Qh] (two pair, Queens and Sevens)
dealerinthepast collected $0.17 from pot
*** SUMMARY ***
Total pot $0.18 | Rake $0.01 
Board [7h Jh Qd Td 7s]
Seat 1: Panerriza (small blind) showed [4h Ah] and lost with a pair of Sevens
Seat 2: dealerinthepast (big blind) showed [8h Qh] and won ($0.17) with two pair, Queens and Sevens
Seat 3: Lorpugo folded before Flop (didn't bet)
Seat 4: reydepiedra folded before Flop (didn't bet)
Seat 5: X.T. 5370 folded on the Turn
Seat 6: donclar1950 (button) folded before Flop (didn't bet)



PokerStars Hand #240795293752:  Hold'em No Limit ($0.01/$0.02 USD) - 2022/12/30 9:45:14 ET
Table 'Giacobini II' 6-max Seat #1 is the button
Seat 1: Panerriza ($5.15 in chips) 
Seat 2: dealerinthepast ($3.68 in chips) 
Seat 3: Lorpugo ($2.71 in chips) 
Seat 4: reydepiedra ($1.97 in chips) 
Seat 5: X.T. 5370 ($1.60 in chips) 
Seat 6: donclar1950 ($1.52 in chips) 
dealerinthepast: posts small blind $0.01
Lorpugo: posts big blind $0.02
*** HOLE CARDS ***
Dealt to Lorpugo [Jd 4s]
reydepiedra: folds 
X.T. 5370: calls $0.02
donclar1950: folds 
Panerriza: folds 
dealerinthepast: folds 
Lorpugo: checks 
*** FLOP *** [Ah 2h 9c]
Lorpugo: checks 
X.T. 5370: bets $0.05
Lorpugo: folds 
Uncalled bet ($0.05) returned to X.T. 5370
X.T. 5370 collected $0.05 from pot
*** SUMMARY ***
Total pot $0.05 | Rake $0 
Board [Ah 2h 9c]
Seat 1: Panerriza (button) folded before Flop (didn't bet)
Seat 2: dealerinthepast (small blind) folded before Flop
Seat 3: Lorpugo (big blind) folded on the Flop
Seat 4: reydepiedra folded before Flop (didn't bet)
Seat 5: X.T. 5370 collected ($0.05)
Seat 6: donclar1950 folded before Flop (didn't bet)



PokerStars Hand #240795300561:  Hold'em No Limit ($0.01/$0.02 USD) - 2022/12/30 9:45:39 ET
Table 'Giacobini II' 6-max Seat #2 is the button
Seat 1: Panerriza ($5.15 in chips) 
Seat 2: dealerinthepast ($3.67 in chips) 
Seat 3: Lorpugo ($2.69 in chips) 
Seat 4: reydepiedra ($1.97 in chips) 
Seat 5: X.T. 5370 ($1.63 in chips) 
Seat 6: donclar1950 ($1.52 in chips) 
Lorpugo: posts small blind $0.01
reydepiedra: posts big blind $0.02
*** HOLE CARDS ***
Dealt to Lorpugo [Kc Ks]
X.T. 5370: folds 
donclar1950: folds 
Panerriza: folds 
dealerinthepast: raises $0.04 to $0.06
Lorpugo: raises $0.14 to $0.20
reydepiedra: folds 
dealerinthepast: folds 
Uncalled bet ($0.14) returned to Lorpugo
Lorpugo collected $0.14 from pot
Lorpugo: doesn't show hand 
*** SUMMARY ***
Total pot $0.14 | Rake $0 
Seat 1: Panerriza folded before Flop (didn't bet)
Seat 2: dealerinthepast (button) folded before Flop
Seat 3: Lorpugo (small blind) collected ($0.14)
Seat 4: reydepiedra (big blind) folded before Flop
Seat 5: X.T. 5370 folded before Flop (didn't bet)
Seat 6: donclar1950 folded before Flop (didn't bet)



PokerStars Hand #240795308153:  Hold'em No Limit ($0.01/$0.02 USD) - 2022/12/30 9:46:08 ET
Table 'Giacobini II' 6-max Seat #3 is the button
Seat 1: Panerriza ($5.15 in chips) 
Seat 2: dealerinthepast ($3.61 in chips) 
Seat 3: Lorpugo ($2.77 in chips) 
Seat 4: reydepiedra ($1.95 in chips) 
Seat 5: X.T. 5370 ($1.63 in chips) 
Seat 6: donclar1950 ($1.52 in chips) 
reydepiedra: posts small blind $0.01
X.T. 5370: posts big blind $0.02
*** HOLE CARDS ***
Dealt to Lorpugo [Qc 6d]
donclar1950: folds 
Panerriza: folds 
dealerinthepast: folds 
Lorpugo: raises $0.04 to $0.06
reydepiedra: calls $0.05
X.T. 5370: folds 
*** FLOP *** [Qs Kh Ad]
reydepiedra: checks 
Lorpugo: checks 
*** TURN *** [Qs Kh Ad] [3h]
reydepiedra: bets $0.07
Lorpugo: folds 
Uncalled bet ($0.07) returned to reydepiedra
reydepiedra collected $0.14 from pot
reydepiedra: doesn't show hand 
*** SUMMARY ***
Total pot $0.14 | Rake $0 
Board [Qs Kh Ad 3h]
Seat 1: Panerriza folded before Flop (didn't bet)
Seat 2: dealerinthepast folded before Flop (didn't bet)
Seat 3: Lorpugo (button) folded on the Turn
Seat 4: reydepiedra (small blind) collected ($0.14)
Seat 5: X.T. 5370 (big blind) folded before Flop
Seat 6: donclar1950 folded before Flop (didn't bet)



PokerStars Hand #240795317571:  Hold'em No Limit ($0.01/$0.02 USD) - 2022/12/30 9:46:43 ET
Table 'Giacobini II' 6-max Seat #4 is the button
Seat 1: Panerriza ($5.15 in chips) 
Seat 2: dealerinthepast ($3.61 in chips) 
Seat 3: Lorpugo ($2.71 in chips) 
Seat 4: reydepiedra ($2.03 in chips) 
Seat 5: X.T. 5370 ($1.61 in chips) 
Seat 6: donclar1950 ($1.52 in chips) 
X.T. 5370: posts small blind $0.01
donclar1950: posts big blind $0.02
*** HOLE CARDS ***
Dealt to Lorpugo [9c 9s]
Panerriza: folds 
dealerinthepast: folds 
Lorpugo: raises $0.04 to $0.06
reydepiedra: folds 
X.T. 5370: folds 
donclar1950: folds 
Uncalled bet ($0.04) returned to Lorpugo
Lorpugo collected $0.05 from pot
Lorpugo: doesn't show hand 
*** SUMMARY ***
Total pot $0.05 | Rake $0 
Seat 1: Panerriza folded before Flop (didn't bet)
Seat 2: dealerinthepast folded before Flop (didn't bet)
Seat 3: Lorpugo collected ($0.05)
Seat 4: reydepiedra (button) folded before Flop (didn't bet)
Seat 5: X.T. 5370 (small blind) folded before Flop
Seat 6: donclar1950 (big blind) folded before Flop



PokerStars Hand #240795322324:  Hold'em No Limit ($0.01/$0.02 USD) - 2022/12/30 9:47:01 ET
Table 'Giacobini II' 6-max Seat #5 is the button
Seat 1: Panerriza ($5.15 in chips) 
Seat 2: dealerinthepast ($3.61 in chips) 
Seat 3: Lorpugo ($2.74 in chips) 
Seat 4: reydepiedra ($2.03 in chips) 
Seat 5: X.T. 5370 ($1.60 in chips) 
Seat 6: donclar1950 ($1.50 in chips) 
donclar1950: posts small blind $0.01
Panerriza: posts big blind $0.02
*** HOLE CARDS ***
Dealt to Lorpugo [3c 7s]
dealerinthepast: raises $0.04 to $0.06
Lorpugo: folds 
reydepiedra: folds 
X.T. 5370: folds 
donclar1950: calls $0.05
Panerriza: calls $0.04
*** FLOP *** [5h Qs 5c]
donclar1950: checks 
Panerriza: checks 
dealerinthepast: bets $0.09
donclar1950: folds 
Panerriza: calls $0.09
*** TURN *** [5h Qs 5c] [Jh]
Panerriza: checks 
dealerinthepast: bets $0.18
Panerriza: folds 
Uncalled bet ($0.18) returned to dealerinthepast
dealerinthepast collected $0.35 from pot
dealerinthepast: doesn't show hand 
*** SUMMARY ***
Total pot $0.36 | Rake $0.01 
Board [5h Qs 5c Jh]
Seat 1: Panerriza (big blind) folded on the Turn
Seat 2: dealerinthepast collected ($0.35)
Seat 3: Lorpugo folded before Flop (didn't bet)
Seat 4: reydepiedra folded before Flop (didn't bet)
Seat 5: X.T. 5370 (button) folded before Flop (didn't bet)
Seat 6: donclar1950 (small blind) folded on the Flop



PokerStars Hand #240795335750:  Hold'em No Limit ($0.01/$0.02 USD) - 2022/12/30 9:47:51 ET
Table 'Giacobini II' 6-max Seat #6 is the button
Seat 1: Panerriza ($5 in chips) 
Seat 2: dealerinthepast ($3.81 in chips) 
Seat 3: Lorpugo ($2.74 in chips) 
Seat 4: reydepiedra ($2.03 in chips) 
Seat 5: X.T. 5370 ($1.60 in chips) 
Seat 6: donclar1950 ($1.44 in chips) 
Panerriza: posts small blind $0.01
dealerinthepast: posts big blind $0.02
*** HOLE CARDS ***
Dealt to Lorpugo [3d 7c]
Lorpugo: folds 
reydepiedra: folds 
X.T. 5370: folds 
donclar1950: folds 
Panerriza: raises $0.04 to $0.06
dealerinthepast: folds 
Uncalled bet ($0.04) returned to Panerriza
Panerriza collected $0.04 from pot
*** SUMMARY ***
Total pot $0.04 | Rake $0 
Seat 1: Panerriza (small blind) collected ($0.04)
Seat 2: dealerinthepast (big blind) folded before Flop
Seat 3: Lorpugo folded before Flop (didn't bet)
Seat 4: reydepiedra folded before Flop (didn't bet)
Seat 5: X.T. 5370 folded before Flop (didn't bet)
Seat 6: donclar1950 (button) folded before Flop (didn't bet)



PokerStars Hand #240795340289:  Hold'em No Limit ($0.01/$0.02 USD) - 2022/12/30 9:48:08 ET
Table 'Giacobini II' 6-max Seat #1 is the button
Seat 1: Panerriza ($5.02 in chips) 
Seat 2: dealerinthepast ($3.79 in chips) 
Seat 3: Lorpugo ($2.74 in chips) 
Seat 4: reydepiedra ($2.03 in chips) 
Seat 5: X.T. 5370 ($1.60 in chips) 
Seat 6: donclar1950 ($1.44 in chips) 
dealerinthepast: posts small blind $0.01
Lorpugo: posts big blind $0.02
*** HOLE CARDS ***
Dealt to Lorpugo [Ks 8s]
reydepiedra: folds 
X.T. 5370: folds 
donclar1950: raises $0.04 to $0.06
Panerriza: folds 
dealerinthepast: folds 
Lorpugo: calls $0.04
*** FLOP *** [2d Kd Qc]
Lorpugo: bets $0.02
donclar1950: calls $0.02
*** TURN *** [2d Kd Qc] [Ad]
Lorpugo: checks 
donclar1950: checks 
*** RIVER *** [2d Kd Qc Ad] [3s]
Lorpugo: checks 
donclar1950: bets $0.06
Lorpugo: folds 
Uncalled bet ($0.06) returned to donclar1950
donclar1950 collected $0.16 from pot
donclar1950: doesn't show hand 
*** SUMMARY ***
Total pot $0.17 | Rake $0.01 
Board [2d Kd Qc Ad 3s]
Seat 1: Panerriza (button) folded before Flop (didn't bet)
Seat 2: dealerinthepast (small blind) folded before Flop
Seat 3: Lorpugo (big blind) folded on the River
Seat 4: reydepiedra folded before Flop (didn't bet)
Seat 5: X.T. 5370 folded before Flop (didn't bet)
Seat 6: donclar1950 collected ($0.16)



PokerStars Hand #240795352954:  Hold'em No Limit ($0.01/$0.02 USD) - 2022/12/30 9:48:55 ET
Table 'Giacobini II' 6-max Seat #2 is the button
Seat 1: Panerriza ($5.02 in chips) 
Seat 2: dealerinthepast ($3.78 in chips) 
Seat 3: Lorpugo ($2.66 in chips) 
Seat 4: reydepiedra ($2.03 in chips) 
Seat 5: X.T. 5370 ($1.60 in chips) 
Seat 6: donclar1950 ($1.52 in chips) 
Lorpugo: posts small blind $0.01
reydepiedra: posts big blind $0.02
*** HOLE CARDS ***
Dealt to Lorpugo [2d Qh]
X.T. 5370: folds 
donclar1950: folds 
Panerriza: folds 
dealerinthepast: raises $0.04 to $0.06
Lorpugo: folds 
reydepiedra: folds 
Uncalled bet ($0.04) returned to dealerinthepast
dealerinthepast collected $0.05 from pot
dealerinthepast: doesn't show hand 
*** SUMMARY ***
Total pot $0.05 | Rake $0 
Seat 1: Panerriza folded before Flop (didn't bet)
Seat 2: dealerinthepast (button) collected ($0.05)
Seat 3: Lorpugo (small blind) folded before Flop
Seat 4: reydepiedra (big blind) folded before Flop
Seat 5: X.T. 5370 folded before Flop (didn't bet)
Seat 6: donclar1950 folded before Flop (didn't bet)



PokerStars Hand #240795358821:  Hold'em No Limit ($0.01/$0.02 USD) - 2022/12/30 9:49:17 ET
Table 'Giacobini II' 6-max Seat #3 is the button
Seat 1: Panerriza ($5.02 in chips) 
Seat 2: dealerinthepast ($3.81 in chips) 
Seat 3: Lorpugo ($2.65 in chips) 
Seat 4: reydepiedra ($2.01 in chips) 
Seat 5: X.T. 5370 ($1.60 in chips) 
Seat 6: donclar1950 ($1.52 in chips) 
reydepiedra: posts small blind $0.01
X.T. 5370: posts big blind $0.02
*** HOLE CARDS ***
Dealt to Lorpugo [Qc Ks]
donclar1950: raises $0.04 to $0.06
Panerriza: folds 
dealerinthepast: folds 
Lorpugo: calls $0.06
reydepiedra: folds 
X.T. 5370: folds 
*** FLOP *** [9s Qd 2s]
donclar1950: bets $0.08
Lorpugo: raises $0.15 to $0.23
donclar1950: raises $1.23 to $1.46 and is all-in
Lorpugo: calls $1.23
*** TURN *** [9s Qd 2s] [6s]
*** RIVER *** [9s Qd 2s 6s] [6d]
*** SHOW DOWN ***
donclar1950: shows [8s 5s] (a flush, Nine high)
Lorpugo: shows [Qc Ks] (two pair, Queens and Sixes)
donclar1950 collected $2.96 from pot
*** SUMMARY ***
Total pot $3.07 | Rake $0.11 
Board [9s Qd 2s 6s 6d]
Seat 1: Panerriza folded before Flop (didn't bet)
Seat 2: dealerinthepast folded before Flop (didn't bet)
Seat 3: Lorpugo (button) showed [Qc Ks] and lost with two pair, Queens and Sixes
Seat 4: reydepiedra (small blind) folded before Flop
Seat 5: X.T. 5370 (big blind) folded before Flop
Seat 6: donclar1950 showed [8s 5s] and won ($2.96) with a flush, Nine high



