PokerStars Hand #240778720717:  Hold'em No Limit ($0.01/$0.02 USD) - 2022/12/29 14:07:23 ET
Table 'Kolga II' 6-max Seat #3 is the button
Seat 1: KRandall12 ($0.95 in chips) 
Seat 2: sertaz04 ($1.16 in chips) 
Seat 3: alidromos ($1.70 in chips) 
Seat 4: Sotiris000 ($2.27 in chips) 
Seat 5: Lorpugo ($1.60 in chips) 
Seat 6: timfrancis60 ($1.79 in chips) 
Sotiris000: posts small blind $0.01
Lorpugo: posts big blind $0.02
*** HOLE CARDS ***
Dealt to Lorpugo [Js Kh]
timfrancis60: calls $0.02
KRandall12: folds 
sertaz04: calls $0.02
alidromos: folds 
Sotiris000: calls $0.01
Lorpugo: checks 
*** FLOP *** [6c 9d Ts]
Sotiris000: bets $0.06
Lorpugo: calls $0.06
timfrancis60: calls $0.06
sertaz04: calls $0.06
*** TURN *** [6c 9d Ts] [2d]
Sotiris000: bets $0.09
Lorpugo: calls $0.09
timfrancis60: calls $0.09
sertaz04: calls $0.09
*** RIVER *** [6c 9d Ts 2d] [Ks]
Sotiris000: bets $0.20
Lorpugo: calls $0.20
timfrancis60: raises $1.26 to $1.46
sertaz04: folds 
Sotiris000: calls $1.26
Lorpugo: folds 
*** SHOW DOWN ***
timfrancis60: shows [Ad As] (a pair of Aces)
Sotiris000: shows [Td 9s] (two pair, Tens and Nines)
Sotiris000 collected $3.67 from pot
*** SUMMARY ***
Total pot $3.80 | Rake $0.13 
Board [6c 9d Ts 2d Ks]
Seat 1: KRandall12 folded before Flop (didn't bet)
Seat 2: sertaz04 folded on the River
Seat 3: alidromos (button) folded before Flop (didn't bet)
Seat 4: Sotiris000 (small blind) showed [Td 9s] and won ($3.67) with two pair, Tens and Nines
Seat 5: Lorpugo (big blind) folded on the River
Seat 6: timfrancis60 showed [Ad As] and lost with a pair of Aces



PokerStars Hand #240778745255:  Hold'em No Limit ($0.01/$0.02 USD) - 2022/12/29 14:08:24 ET
Table 'Kolga II' 6-max Seat #4 is the button
Seat 1: KRandall12 ($0.95 in chips) 
Seat 2: sertaz04 ($0.99 in chips) 
Seat 3: alidromos ($1.70 in chips) 
Seat 4: Sotiris000 ($4.31 in chips) 
Seat 5: Lorpugo ($1.23 in chips) 
Seat 6: timfrancis60 ($0.16 in chips) 
Lorpugo: posts small blind $0.01
timfrancis60: posts big blind $0.02
*** HOLE CARDS ***
Dealt to Lorpugo [8s 6h]
KRandall12: folds 
sertaz04: calls $0.02
alidromos: folds 
Sotiris000: folds 
Lorpugo: folds 
timfrancis60: raises $0.14 to $0.16 and is all-in
sertaz04: calls $0.14
*** FLOP *** [2h 9h Qc]
*** TURN *** [2h 9h Qc] [3s]
*** RIVER *** [2h 9h Qc 3s] [7c]
*** SHOW DOWN ***
timfrancis60: shows [5d 4d] (high card Queen)
sertaz04: shows [8h Qs] (a pair of Queens)
sertaz04 collected $0.32 from pot
*** SUMMARY ***
Total pot $0.33 | Rake $0.01 
Board [2h 9h Qc 3s 7c]
Seat 1: KRandall12 folded before Flop (didn't bet)
Seat 2: sertaz04 showed [8h Qs] and won ($0.32) with a pair of Queens
Seat 3: alidromos folded before Flop (didn't bet)
Seat 4: Sotiris000 (button) folded before Flop (didn't bet)
Seat 5: Lorpugo (small blind) folded before Flop
Seat 6: timfrancis60 (big blind) showed [5d 4d] and lost with high card Queen



PokerStars Hand #240778757485:  Hold'em No Limit ($0.01/$0.02 USD) - 2022/12/29 14:08:54 ET
Table 'Kolga II' 6-max Seat #5 is the button
Seat 1: KRandall12 ($0.95 in chips) 
Seat 2: sertaz04 ($1.15 in chips) 
Seat 3: alidromos ($1.70 in chips) 
Seat 4: Sotiris000 ($4.31 in chips) 
Seat 5: Lorpugo ($1.22 in chips) 
KRandall12: posts small blind $0.01
sertaz04: posts big blind $0.02
*** HOLE CARDS ***
Dealt to Lorpugo [4s 8s]
alidromos: folds 
Sotiris000: folds 
Lorpugo: raises $0.04 to $0.06
KRandall12: folds 
sertaz04: folds 
Uncalled bet ($0.04) returned to Lorpugo
Lorpugo collected $0.05 from pot
Lorpugo: doesn't show hand 
*** SUMMARY ***
Total pot $0.05 | Rake $0 
Seat 1: KRandall12 (small blind) folded before Flop
Seat 2: sertaz04 (big blind) folded before Flop
Seat 3: alidromos folded before Flop (didn't bet)
Seat 4: Sotiris000 folded before Flop (didn't bet)
Seat 5: Lorpugo (button) collected ($0.05)



PokerStars Hand #240778763514:  Hold'em No Limit ($0.01/$0.02 USD) - 2022/12/29 14:09:09 ET
Table 'Kolga II' 6-max Seat #1 is the button
Seat 1: KRandall12 ($0.94 in chips) 
Seat 2: sertaz04 ($1.13 in chips) 
Seat 3: alidromos ($1.70 in chips) 
Seat 4: Sotiris000 ($4.31 in chips) 
Seat 5: Lorpugo ($1.25 in chips) 
Seat 6: timfrancis60 ($2 in chips) 
sertaz04: posts small blind $0.01
alidromos: posts big blind $0.02
timfrancis60: posts small blind $0.01
*** HOLE CARDS ***
Dealt to Lorpugo [Jd 6c]
Sotiris000: folds 
Lorpugo: folds 
timfrancis60: calls $0.02
KRandall12: folds 
sertaz04: calls $0.01
alidromos: checks 
*** FLOP *** [8h Js 7h]
sertaz04: checks 
alidromos: checks 
timfrancis60: checks 
*** TURN *** [8h Js 7h] [4d]
sertaz04: checks 
alidromos: checks 
timfrancis60: checks 
*** RIVER *** [8h Js 7h 4d] [3d]
sertaz04: checks 
alidromos: bets $0.02
timfrancis60: folds 
sertaz04: calls $0.02
*** SHOW DOWN ***
alidromos: shows [2c Jh] (a pair of Jacks)
sertaz04: mucks hand 
alidromos collected $0.11 from pot
*** SUMMARY ***
Total pot $0.11 | Rake $0 
Board [8h Js 7h 4d 3d]
Seat 1: KRandall12 (button) folded before Flop (didn't bet)
Seat 2: sertaz04 (small blind) mucked [6s Kh]
Seat 3: alidromos (big blind) showed [2c Jh] and won ($0.11) with a pair of Jacks
Seat 4: Sotiris000 folded before Flop (didn't bet)
Seat 5: Lorpugo folded before Flop (didn't bet)
Seat 6: timfrancis60 folded on the River



PokerStars Hand #240778777634:  Hold'em No Limit ($0.01/$0.02 USD) - 2022/12/29 14:09:44 ET
Table 'Kolga II' 6-max Seat #2 is the button
Seat 1: KRandall12 ($0.94 in chips) 
Seat 2: sertaz04 ($1.09 in chips) 
Seat 3: alidromos ($1.77 in chips) 
Seat 4: Sotiris000 ($4.31 in chips) 
Seat 5: Lorpugo ($1.25 in chips) 
Seat 6: timfrancis60 ($1.97 in chips) 
alidromos: posts small blind $0.01
Sotiris000: posts big blind $0.02
*** HOLE CARDS ***
Dealt to Lorpugo [7d 6h]
Lorpugo: folds 
timfrancis60: calls $0.02
KRandall12: folds 
sertaz04: calls $0.02
alidromos: folds 
KRandall12 leaves the table
Sotiris000: checks 
*** FLOP *** [Ac Tc 4d]
Venegaviao joins the table at seat #1 
Sotiris000: checks 
timfrancis60: checks 
sertaz04: bets $0.02
Sotiris000: folds 
timfrancis60: folds 
Uncalled bet ($0.02) returned to sertaz04
sertaz04 collected $0.07 from pot
*** SUMMARY ***
Total pot $0.07 | Rake $0 
Board [Ac Tc 4d]
Seat 1: KRandall12 folded before Flop (didn't bet)
Seat 2: sertaz04 (button) collected ($0.07)
Seat 3: alidromos (small blind) folded before Flop
Seat 4: Sotiris000 (big blind) folded on the Flop
Seat 5: Lorpugo folded before Flop (didn't bet)
Seat 6: timfrancis60 folded on the Flop



PokerStars Hand #240778789088:  Hold'em No Limit ($0.01/$0.02 USD) - 2022/12/29 14:10:12 ET
Table 'Kolga II' 6-max Seat #3 is the button
Seat 1: Venegaviao ($2 in chips) 
Seat 2: sertaz04 ($1.14 in chips) 
Seat 3: alidromos ($1.76 in chips) 
Seat 4: Sotiris000 ($4.29 in chips) 
Seat 5: Lorpugo ($1.25 in chips) 
Seat 6: timfrancis60 ($1.95 in chips) 
Sotiris000: posts small blind $0.01
Lorpugo: posts big blind $0.02
Venegaviao: posts big blind $0.02
*** HOLE CARDS ***
Dealt to Lorpugo [2s 5h]
timfrancis60: folds 
Venegaviao: raises $0.02 to $0.04
sertaz04: calls $0.04
alidromos: folds 
Sotiris000: folds 
Lorpugo: folds 
*** FLOP *** [Kc 2c 8h]
Venegaviao: checks 
sertaz04: checks 
*** TURN *** [Kc 2c 8h] [Kd]
Venegaviao: checks 
sertaz04: bets $0.02
Venegaviao: calls $0.02
*** RIVER *** [Kc 2c 8h Kd] [2h]
Venegaviao: checks 
sertaz04: bets $0.02
Venegaviao: calls $0.02
*** SHOW DOWN ***
sertaz04: shows [Jd 6d] (two pair, Kings and Deuces)
Venegaviao: shows [Js Qh] (two pair, Kings and Deuces - Queen kicker)
Venegaviao collected $0.18 from pot
*** SUMMARY ***
Total pot $0.19 | Rake $0.01 
Board [Kc 2c 8h Kd 2h]
Seat 1: Venegaviao showed [Js Qh] and won ($0.18) with two pair, Kings and Deuces
Seat 2: sertaz04 showed [Jd 6d] and lost with two pair, Kings and Deuces
Seat 3: alidromos (button) folded before Flop (didn't bet)
Seat 4: Sotiris000 (small blind) folded before Flop
Seat 5: Lorpugo (big blind) folded before Flop
Seat 6: timfrancis60 folded before Flop (didn't bet)



PokerStars Hand #240778810709:  Hold'em No Limit ($0.01/$0.02 USD) - 2022/12/29 14:11:06 ET
Table 'Kolga II' 6-max Seat #4 is the button
Seat 1: Venegaviao ($2.10 in chips) 
Seat 2: sertaz04 ($1.06 in chips) 
Seat 3: alidromos ($1.76 in chips) 
Seat 4: Sotiris000 ($4.28 in chips) 
Seat 5: Lorpugo ($1.23 in chips) 
Seat 6: timfrancis60 ($1.95 in chips) 
Lorpugo: posts small blind $0.01
timfrancis60: posts big blind $0.02
*** HOLE CARDS ***
Dealt to Lorpugo [8h 8d]
Venegaviao: raises $0.02 to $0.04
sertaz04: calls $0.04
alidromos: raises $1.72 to $1.76 and is all-in
Sotiris000: folds 
Lorpugo: calls $1.22 and is all-in
timfrancis60: folds 
Venegaviao: folds 
sertaz04: folds 
Uncalled bet ($0.53) returned to alidromos
*** FLOP *** [5h Td Jc]
*** TURN *** [5h Td Jc] [4c]
*** RIVER *** [5h Td Jc 4c] [4d]
*** SHOW DOWN ***
Lorpugo: shows [8h 8d] (two pair, Eights and Fours)
alidromos: shows [Ah Ac] (two pair, Aces and Fours)
alidromos cashed out the hand for $1.96 | Cash Out Fee $0.02
*** SUMMARY ***
Total pot $2.56 | Rake $0.09 
Board [5h Td Jc 4c 4d]
Seat 1: Venegaviao folded before Flop
Seat 2: sertaz04 folded before Flop
Seat 3: alidromos showed [Ah Ac] and won ($2.47) with two pair, Aces and Fours (pot not awarded as player cashed out)
Seat 4: Sotiris000 (button) folded before Flop (didn't bet)
Seat 5: Lorpugo (small blind) showed [8h 8d] and lost with two pair, Eights and Fours
Seat 6: timfrancis60 (big blind) folded before Flop



PokerStars Hand #240778850971:  Hold'em No Limit ($0.01/$0.02 USD) - 2022/12/29 14:12:45 ET
Table 'Kolga II' 6-max Seat #1 is the button
Seat 1: Venegaviao ($2.05 in chips) 
Seat 2: sertaz04 ($1.12 in chips) 
Seat 3: alidromos ($2.49 in chips) 
Seat 4: Sotiris000 ($4.18 in chips) 
Seat 5: Lorpugo ($1.60 in chips) 
Seat 6: timfrancis60 ($1.93 in chips) 
sertaz04: posts small blind $0.01
alidromos: posts big blind $0.02
*** HOLE CARDS ***
Dealt to Lorpugo [3h 6c]
Sotiris000: folds 
Lorpugo: folds 
timfrancis60: calls $0.02
Venegaviao: folds 
sertaz04: calls $0.01
alidromos: checks 
*** FLOP *** [Js 9c 7s]
sertaz04: checks 
alidromos: checks 
timfrancis60: checks 
*** TURN *** [Js 9c 7s] [6d]
sertaz04: bets $1.10 and is all-in
alidromos: folds 
timfrancis60: folds 
Uncalled bet ($1.10) returned to sertaz04
sertaz04 collected $0.06 from pot
*** SUMMARY ***
Total pot $0.06 | Rake $0 
Board [Js 9c 7s 6d]
Seat 1: Venegaviao (button) folded before Flop (didn't bet)
Seat 2: sertaz04 (small blind) collected ($0.06)
Seat 3: alidromos (big blind) folded on the Turn
Seat 4: Sotiris000 folded before Flop (didn't bet)
Seat 5: Lorpugo folded before Flop (didn't bet)
Seat 6: timfrancis60 folded on the Turn



PokerStars Hand #240778888415:  Hold'em No Limit ($0.01/$0.02 USD) - 2022/12/29 14:14:18 ET
Table 'Kolga II' 6-max Seat #2 is the button
Seat 1: Venegaviao ($2.05 in chips) 
Seat 2: sertaz04 ($1.16 in chips) 
Seat 3: alidromos ($2.47 in chips) 
Seat 4: Sotiris000 ($4.18 in chips) 
Seat 5: Lorpugo ($1.60 in chips) 
Seat 6: timfrancis60 ($1.91 in chips) 
alidromos: posts small blind $0.01
Sotiris000: posts big blind $0.02
*** HOLE CARDS ***
Dealt to Lorpugo [6d 3s]
Lorpugo: folds 
timfrancis60: calls $0.02
Venegaviao: folds 
sertaz04 has timed out
sertaz04: folds 
alidromos: raises $0.08 to $0.10
Sotiris000: folds 
timfrancis60: calls $0.08
*** FLOP *** [3d Ts Qc]
alidromos: bets $0.08
timfrancis60: calls $0.08
*** TURN *** [3d Ts Qc] [5c]
alidromos: checks 
timfrancis60: bets $0.37
alidromos: folds 
Uncalled bet ($0.37) returned to timfrancis60
timfrancis60 collected $0.37 from pot
*** SUMMARY ***
Total pot $0.38 | Rake $0.01 
Board [3d Ts Qc 5c]
Seat 1: Venegaviao folded before Flop (didn't bet)
Seat 2: sertaz04 (button) folded before Flop (didn't bet)
Seat 3: alidromos (small blind) folded on the Turn
Seat 4: Sotiris000 (big blind) folded before Flop
Seat 5: Lorpugo folded before Flop (didn't bet)
Seat 6: timfrancis60 collected ($0.37)



PokerStars Hand #240778911915:  Hold'em No Limit ($0.01/$0.02 USD) - 2022/12/29 14:15:16 ET
Table 'Kolga II' 6-max Seat #3 is the button
Seat 1: Venegaviao ($2.05 in chips) 
Seat 2: sertaz04 ($1.16 in chips) 
Seat 3: alidromos ($2.29 in chips) 
Seat 4: Sotiris000 ($4.16 in chips) 
Seat 5: Lorpugo ($1.60 in chips) 
Seat 6: timfrancis60 ($2.10 in chips) 
Sotiris000: posts small blind $0.01
Lorpugo: posts big blind $0.02
*** HOLE CARDS ***
Dealt to Lorpugo [Ah 4s]
timfrancis60: calls $0.02
Venegaviao: raises $0.04 to $0.06
sertaz04 has timed out
sertaz04: folds 
alidromos: folds 
Sotiris000: calls $0.05
Lorpugo: folds 
timfrancis60: calls $0.04
*** FLOP *** [Tc 3c 8h]
Sotiris000: bets $0.06
timfrancis60: calls $0.06
Venegaviao: calls $0.06
*** TURN *** [Tc 3c 8h] [Ts]
Sotiris000: bets $0.19
timfrancis60: folds 
Venegaviao: folds 
Uncalled bet ($0.19) returned to Sotiris000
Sotiris000 collected $0.37 from pot
Sotiris000: doesn't show hand 
*** SUMMARY ***
Total pot $0.38 | Rake $0.01 
Board [Tc 3c 8h Ts]
Seat 1: Venegaviao folded on the Turn
Seat 2: sertaz04 folded before Flop (didn't bet)
Seat 3: alidromos (button) folded before Flop (didn't bet)
Seat 4: Sotiris000 (small blind) collected ($0.37)
Seat 5: Lorpugo (big blind) folded before Flop
Seat 6: timfrancis60 folded on the Turn



PokerStars Hand #240778938144:  Hold'em No Limit ($0.01/$0.02 USD) - 2022/12/29 14:16:21 ET
Table 'Kolga II' 6-max Seat #4 is the button
Seat 1: Venegaviao ($1.93 in chips) 
Seat 3: alidromos ($2.29 in chips) 
Seat 4: Sotiris000 ($4.41 in chips) 
Seat 5: Lorpugo ($1.58 in chips) 
Seat 6: timfrancis60 ($1.98 in chips) 
Lorpugo: posts small blind $0.01
timfrancis60: posts big blind $0.02
*** HOLE CARDS ***
Dealt to Lorpugo [8s Td]
Venegaviao: calls $0.02
alidromos: folds 
Sotiris000: folds 
Lorpugo: calls $0.01
timfrancis60: checks 
*** FLOP *** [Tc Js As]
Lorpugo: checks 
timfrancis60: checks 
Venegaviao: checks 
*** TURN *** [Tc Js As] [5c]
Lorpugo: bets $0.03
timfrancis60: calls $0.03
Venegaviao: folds 
*** RIVER *** [Tc Js As 5c] [9c]
Lorpugo: checks 
timfrancis60: checks 
*** SHOW DOWN ***
Lorpugo: shows [8s Td] (a pair of Tens)
timfrancis60: shows [Jh 8c] (a pair of Jacks)
timfrancis60 collected $0.12 from pot
*** SUMMARY ***
Total pot $0.12 | Rake $0 
Board [Tc Js As 5c 9c]
Seat 1: Venegaviao folded on the Turn
Seat 3: alidromos folded before Flop (didn't bet)
Seat 4: Sotiris000 (button) folded before Flop (didn't bet)
Seat 5: Lorpugo (small blind) showed [8s Td] and lost with a pair of Tens
Seat 6: timfrancis60 (big blind) showed [Jh 8c] and won ($0.12) with a pair of Jacks



PokerStars Hand #240778957315:  Hold'em No Limit ($0.01/$0.02 USD) - 2022/12/29 14:17:09 ET
Table 'Kolga II' 6-max Seat #5 is the button
Seat 1: Venegaviao ($1.91 in chips) 
Seat 3: alidromos ($2.29 in chips) 
Seat 4: Sotiris000 ($4.41 in chips) 
Seat 5: Lorpugo ($1.53 in chips) 
Seat 6: timfrancis60 ($2.05 in chips) 
timfrancis60: posts small blind $0.01
Venegaviao: posts big blind $0.02
*** HOLE CARDS ***
Dealt to Lorpugo [3h 5d]
alidromos: folds 
Sotiris000: folds 
Lorpugo: folds 
timfrancis60: calls $0.01
Venegaviao: raises $0.04 to $0.06
timfrancis60: calls $0.04
*** FLOP *** [9c 7s As]
timfrancis60: checks 
Venegaviao: checks 
*** TURN *** [9c 7s As] [6c]
timfrancis60: checks 
Venegaviao: bets $0.08
timfrancis60: raises $0.08 to $0.16
Venegaviao: raises $1.69 to $1.85 and is all-in
timfrancis60: calls $1.69
*** RIVER *** [9c 7s As 6c] [Ac]
*** SHOW DOWN ***
timfrancis60: shows [7h 6s] (two pair, Aces and Sevens)
Venegaviao: shows [6d Ah] (a full house, Aces full of Sixes)
Venegaviao collected $3.69 from pot
*** SUMMARY ***
Total pot $3.82 | Rake $0.13 
Board [9c 7s As 6c Ac]
Seat 1: Venegaviao (big blind) showed [6d Ah] and won ($3.69) with a full house, Aces full of Sixes
Seat 3: alidromos folded before Flop (didn't bet)
Seat 4: Sotiris000 folded before Flop (didn't bet)
Seat 5: Lorpugo (button) folded before Flop (didn't bet)
Seat 6: timfrancis60 (small blind) showed [7h 6s] and lost with two pair, Aces and Sevens



PokerStars Hand #240778980716:  Hold'em No Limit ($0.01/$0.02 USD) - 2022/12/29 14:18:07 ET
Table 'Kolga II' 6-max Seat #6 is the button
Seat 1: Venegaviao ($3.69 in chips) 
Seat 3: alidromos ($2.29 in chips) 
Seat 4: Sotiris000 ($4.41 in chips) 
Seat 5: Lorpugo ($1.53 in chips) 
Seat 6: timfrancis60 ($0.14 in chips) 
Venegaviao: posts small blind $0.01
alidromos: posts big blind $0.02
*** HOLE CARDS ***
Dealt to Lorpugo [7s 7c]
Sotiris000: folds 
Lorpugo: raises $0.04 to $0.06
timfrancis60: calls $0.06
Venegaviao: folds 
alidromos: folds 
*** FLOP *** [Jh 2h Kc]
Lorpugo: checks 
timfrancis60: bets $0.08 and is all-in
Lorpugo: calls $0.08
*** TURN *** [Jh 2h Kc] [4c]
*** RIVER *** [Jh 2h Kc 4c] [Ad]
*** SHOW DOWN ***
Lorpugo: shows [7s 7c] (a pair of Sevens)
timfrancis60: shows [9s Jc] (a pair of Jacks)
timfrancis60 collected $0.30 from pot
*** SUMMARY ***
Total pot $0.31 | Rake $0.01 
Board [Jh 2h Kc 4c Ad]
Seat 1: Venegaviao (small blind) folded before Flop
Seat 3: alidromos (big blind) folded before Flop
Seat 4: Sotiris000 folded before Flop (didn't bet)
Seat 5: Lorpugo showed [7s 7c] and lost with a pair of Sevens
Seat 6: timfrancis60 (button) showed [9s Jc] and won ($0.30) with a pair of Jacks



PokerStars Hand #240778996443:  Hold'em No Limit ($0.01/$0.02 USD) - 2022/12/29 14:18:46 ET
Table 'Kolga II' 6-max Seat #1 is the button
Seat 1: Venegaviao ($3.68 in chips) 
Seat 3: alidromos ($2.27 in chips) 
Seat 4: Sotiris000 ($4.41 in chips) 
Seat 5: Lorpugo ($1.39 in chips) 
Seat 6: timfrancis60 ($0.30 in chips) 
alidromos: posts small blind $0.01
Sotiris000: posts big blind $0.02
*** HOLE CARDS ***
Dealt to Lorpugo [9h Js]
Lorpugo: folds 
timfrancis60: calls $0.02
Venegaviao: folds 
alidromos: folds 
Sotiris000: checks 
*** FLOP *** [Kc Jd Th]
Sotiris000: checks 
timfrancis60: bets $0.28 and is all-in
Sotiris000: folds 
Uncalled bet ($0.28) returned to timfrancis60
timfrancis60 collected $0.05 from pot
*** SUMMARY ***
Total pot $0.05 | Rake $0 
Board [Kc Jd Th]
Seat 1: Venegaviao (button) folded before Flop (didn't bet)
Seat 3: alidromos (small blind) folded before Flop
Seat 4: Sotiris000 (big blind) folded on the Flop
Seat 5: Lorpugo folded before Flop (didn't bet)
Seat 6: timfrancis60 collected ($0.05)



PokerStars Hand #240779008933:  Hold'em No Limit ($0.01/$0.02 USD) - 2022/12/29 14:19:17 ET
Table 'Kolga II' 6-max Seat #3 is the button
Seat 1: Venegaviao ($3.68 in chips) 
Seat 3: alidromos ($2.26 in chips) 
Seat 4: Sotiris000 ($4.39 in chips) 
Seat 5: Lorpugo ($1.39 in chips) 
Seat 6: timfrancis60 ($0.33 in chips) 
Sotiris000: posts small blind $0.01
Lorpugo: posts big blind $0.02
*** HOLE CARDS ***
Dealt to Lorpugo [Ac Ts]
sertaz04 leaves the table
timfrancis60: calls $0.02
Venegaviao: raises $0.04 to $0.06
alidromos: folds 
Sotiris000: folds 
DredUA joins the table at seat #2 
Lorpugo: calls $0.04
timfrancis60: raises $0.27 to $0.33 and is all-in
Venegaviao: folds 
Lorpugo: calls $0.27
*** FLOP *** [8c 2d 7s]
*** TURN *** [8c 2d 7s] [4h]
*** RIVER *** [8c 2d 7s 4h] [Jd]
*** SHOW DOWN ***
Lorpugo: shows [Ac Ts] (high card Ace)
timfrancis60: shows [Kd As] (high card Ace - King kicker)
timfrancis60 collected $0.70 from pot
*** SUMMARY ***
Total pot $0.73 | Rake $0.03 
Board [8c 2d 7s 4h Jd]
Seat 1: Venegaviao folded before Flop
Seat 3: alidromos (button) folded before Flop (didn't bet)
Seat 4: Sotiris000 (small blind) folded before Flop
Seat 5: Lorpugo (big blind) showed [Ac Ts] and lost with high card Ace
Seat 6: timfrancis60 showed [Kd As] and won ($0.70) with high card Ace



PokerStars Hand #240779027489:  Hold'em No Limit ($0.01/$0.02 USD) - 2022/12/29 14:20:03 ET
Table 'Kolga II' 6-max Seat #4 is the button
Seat 1: Venegaviao ($3.62 in chips) 
Seat 3: alidromos ($2.26 in chips) 
Seat 4: Sotiris000 ($4.38 in chips) 
Seat 5: Lorpugo ($1.06 in chips) 
Seat 6: timfrancis60 ($0.70 in chips) 
Lorpugo: posts small blind $0.01
timfrancis60: posts big blind $0.02
*** HOLE CARDS ***
Dealt to Lorpugo [6c Kh]
Venegaviao: folds 
alidromos: raises $0.04 to $0.06
Sotiris000: folds 
Lorpugo: folds 
timfrancis60: calls $0.04
*** FLOP *** [Kd 4c 7c]
timfrancis60: bets $0.64 and is all-in
alidromos: folds 
Uncalled bet ($0.64) returned to timfrancis60
timfrancis60 collected $0.13 from pot
*** SUMMARY ***
Total pot $0.13 | Rake $0 
Board [Kd 4c 7c]
Seat 1: Venegaviao folded before Flop (didn't bet)
Seat 3: alidromos folded on the Flop
Seat 4: Sotiris000 (button) folded before Flop (didn't bet)
Seat 5: Lorpugo (small blind) folded before Flop
Seat 6: timfrancis60 (big blind) collected ($0.13)



PokerStars Hand #240779041165:  Hold'em No Limit ($0.01/$0.02 USD) - 2022/12/29 14:20:36 ET
Table 'Kolga II' 6-max Seat #5 is the button
Seat 1: Venegaviao ($3.62 in chips) 
Seat 2: DredUA ($2.54 in chips) 
Seat 3: alidromos ($2.20 in chips) 
Seat 4: Sotiris000 ($4.38 in chips) 
Seat 5: Lorpugo ($1.85 in chips) 
Seat 6: timfrancis60 ($0.77 in chips) 
timfrancis60: posts small blind $0.01
Venegaviao: posts big blind $0.02
DredUA: posts big blind $0.02
*** HOLE CARDS ***
Dealt to Lorpugo [6s 9s]
DredUA: raises $0.06 to $0.08
alidromos: folds 
Sotiris000: folds 
Lorpugo: folds 
timfrancis60: calls $0.07
Venegaviao: folds 
*** FLOP *** [Qc 3s 3d]
timfrancis60: bets $0.69 and is all-in
DredUA: calls $0.69
*** TURN *** [Qc 3s 3d] [8s]
*** RIVER *** [Qc 3s 3d 8s] [6c]
*** SHOW DOWN ***
timfrancis60: shows [Ad 5d] (a pair of Threes)
DredUA: shows [Qd Ah] (two pair, Queens and Threes)
DredUA collected $1.51 from pot
*** SUMMARY ***
Total pot $1.56 | Rake $0.05 
Board [Qc 3s 3d 8s 6c]
Seat 1: Venegaviao (big blind) folded before Flop
Seat 2: DredUA showed [Qd Ah] and won ($1.51) with two pair, Queens and Threes
Seat 3: alidromos folded before Flop (didn't bet)
Seat 4: Sotiris000 folded before Flop (didn't bet)
Seat 5: Lorpugo (button) folded before Flop (didn't bet)
Seat 6: timfrancis60 (small blind) showed [Ad 5d] and lost with a pair of Threes



PokerStars Hand #240779059589:  Hold'em No Limit ($0.01/$0.02 USD) - 2022/12/29 14:21:22 ET
Table 'Kolga II' 6-max Seat #1 is the button
Seat 1: Venegaviao ($3.60 in chips) 
Seat 2: DredUA ($3.28 in chips) 
Seat 3: alidromos ($2.20 in chips) 
Seat 4: Sotiris000 ($4.38 in chips) 
Seat 5: Lorpugo ($1.85 in chips) 
DredUA: posts small blind $0.01
alidromos: posts big blind $0.02
*** HOLE CARDS ***
Dealt to Lorpugo [9c Js]
timfrancis60 leaves the table
Sotiris000: folds 
Lorpugo: raises $0.04 to $0.06
Venegaviao: folds 
DredUA: calls $0.05
alidromos: folds 
*** FLOP *** [Td 3d 8s]
DredUA: bets $0.07
Lorpugo: calls $0.07
*** TURN *** [Td 3d 8s] [2s]
DredUA: bets $0.14
Lorpugo: calls $0.14
*** RIVER *** [Td 3d 8s 2s] [Jd]
valterffjr2307 joins the table at seat #6 
DredUA: checks 
Lorpugo: checks 
*** SHOW DOWN ***
DredUA: shows [Tc Qd] (a pair of Tens)
Lorpugo: shows [9c Js] (a pair of Jacks)
Lorpugo collected $0.54 from pot
*** SUMMARY ***
Total pot $0.56 | Rake $0.02 
Board [Td 3d 8s 2s Jd]
Seat 1: Venegaviao (button) folded before Flop (didn't bet)
Seat 2: DredUA (small blind) showed [Tc Qd] and lost with a pair of Tens
Seat 3: alidromos (big blind) folded before Flop
Seat 4: Sotiris000 folded before Flop (didn't bet)
Seat 5: Lorpugo showed [9c Js] and won ($0.54) with a pair of Jacks



PokerStars Hand #240779075765:  Hold'em No Limit ($0.01/$0.02 USD) - 2022/12/29 14:22:03 ET
Table 'Kolga II' 6-max Seat #2 is the button
Seat 1: Venegaviao ($3.60 in chips) 
Seat 2: DredUA ($3.01 in chips) 
Seat 3: alidromos ($2.18 in chips) 
Seat 4: Sotiris000 ($4.38 in chips) 
Seat 5: Lorpugo ($2.12 in chips) 
alidromos: posts small blind $0.01
Sotiris000: posts big blind $0.02
*** HOLE CARDS ***
Dealt to Lorpugo [Ac 6s]
Lorpugo: raises $0.04 to $0.06
Venegaviao: folds 
DredUA: folds 
alidromos: folds 
Sotiris000: folds 
Uncalled bet ($0.04) returned to Lorpugo
Lorpugo collected $0.05 from pot
Lorpugo: doesn't show hand 
*** SUMMARY ***
Total pot $0.05 | Rake $0 
Seat 1: Venegaviao folded before Flop (didn't bet)
Seat 2: DredUA (button) folded before Flop (didn't bet)
Seat 3: alidromos (small blind) folded before Flop
Seat 4: Sotiris000 (big blind) folded before Flop
Seat 5: Lorpugo collected ($0.05)



PokerStars Hand #240779083811:  Hold'em No Limit ($0.01/$0.02 USD) - 2022/12/29 14:22:23 ET
Table 'Kolga II' 6-max Seat #3 is the button
Seat 1: Venegaviao ($3.60 in chips) 
Seat 2: DredUA ($3.01 in chips) 
Seat 3: alidromos ($2.17 in chips) 
Seat 4: Sotiris000 ($4.36 in chips) 
Seat 5: Lorpugo ($2.15 in chips) 
Seat 6: valterffjr2307 ($2 in chips) 
Sotiris000: posts small blind $0.01
Lorpugo: posts big blind $0.02
valterffjr2307: posts big blind $0.02
*** HOLE CARDS ***
Dealt to Lorpugo [Qs 2h]
valterffjr2307: checks 
Venegaviao: folds 
DredUA: folds 
alidromos: folds 
Sotiris000: calls $0.01
Lorpugo: checks 
*** FLOP *** [Qh Ah Kd]
Sotiris000: bets $0.02
Lorpugo: calls $0.02
valterffjr2307: calls $0.02
*** TURN *** [Qh Ah Kd] [2s]
Sotiris000: bets $0.04
Lorpugo: raises $0.13 to $0.17
valterffjr2307: folds 
Sotiris000: folds 
Uncalled bet ($0.13) returned to Lorpugo
Lorpugo collected $0.19 from pot
Lorpugo: doesn't show hand 
*** SUMMARY ***
Total pot $0.20 | Rake $0.01 
Board [Qh Ah Kd 2s]
Seat 1: Venegaviao folded before Flop (didn't bet)
Seat 2: DredUA folded before Flop (didn't bet)
Seat 3: alidromos (button) folded before Flop (didn't bet)
Seat 4: Sotiris000 (small blind) folded on the Turn
Seat 5: Lorpugo (big blind) collected ($0.19)
Seat 6: valterffjr2307 folded on the Turn



PokerStars Hand #240779111527:  Hold'em No Limit ($0.01/$0.02 USD) - 2022/12/29 14:23:31 ET
Table 'Kolga II' 6-max Seat #4 is the button
Seat 1: Venegaviao ($3.60 in chips) 
Seat 2: DredUA ($3.01 in chips) 
Seat 3: alidromos ($2.17 in chips) 
Seat 4: Sotiris000 ($4.28 in chips) 
Seat 5: Lorpugo ($2.26 in chips) 
Seat 6: valterffjr2307 ($1.96 in chips) 
Lorpugo: posts small blind $0.01
valterffjr2307: posts big blind $0.02
*** HOLE CARDS ***
Dealt to Lorpugo [6s Jd]
Venegaviao: raises $0.02 to $0.04
DredUA: folds 
alidromos: folds 
Sotiris000: folds 
Lorpugo: folds 
valterffjr2307: folds 
Uncalled bet ($0.02) returned to Venegaviao
Venegaviao collected $0.05 from pot
*** SUMMARY ***
Total pot $0.05 | Rake $0 
Seat 1: Venegaviao collected ($0.05)
Seat 2: DredUA folded before Flop (didn't bet)
Seat 3: alidromos folded before Flop (didn't bet)
Seat 4: Sotiris000 (button) folded before Flop (didn't bet)
Seat 5: Lorpugo (small blind) folded before Flop
Seat 6: valterffjr2307 (big blind) folded before Flop



PokerStars Hand #240779121583:  Hold'em No Limit ($0.01/$0.02 USD) - 2022/12/29 14:23:57 ET
Table 'Kolga II' 6-max Seat #5 is the button
Seat 1: Venegaviao ($3.63 in chips) 
Seat 2: DredUA ($3.01 in chips) 
Seat 3: alidromos ($2.17 in chips) 
Seat 4: Sotiris000 ($4.28 in chips) 
Seat 5: Lorpugo ($2.25 in chips) 
Seat 6: valterffjr2307 ($1.94 in chips) 
valterffjr2307: posts small blind $0.01
Venegaviao: posts big blind $0.02
*** HOLE CARDS ***
Dealt to Lorpugo [3c 8d]
DredUA: folds 
alidromos: folds 
Sotiris000: folds 
Lorpugo: folds 
valterffjr2307: folds 
Uncalled bet ($0.01) returned to Venegaviao
Venegaviao collected $0.02 from pot
*** SUMMARY ***
Total pot $0.02 | Rake $0 
Seat 1: Venegaviao (big blind) collected ($0.02)
Seat 2: DredUA folded before Flop (didn't bet)
Seat 3: alidromos folded before Flop (didn't bet)
Seat 4: Sotiris000 folded before Flop (didn't bet)
Seat 5: Lorpugo (button) folded before Flop (didn't bet)
Seat 6: valterffjr2307 (small blind) folded before Flop



PokerStars Hand #240779128675:  Hold'em No Limit ($0.01/$0.02 USD) - 2022/12/29 14:24:15 ET
Table 'Kolga II' 6-max Seat #6 is the button
Seat 1: Venegaviao ($3.64 in chips) 
Seat 2: DredUA ($3.01 in chips) 
Seat 3: alidromos ($2.17 in chips) 
Seat 4: Sotiris000 ($4.28 in chips) 
Seat 5: Lorpugo ($2.25 in chips) 
Seat 6: valterffjr2307 ($1.93 in chips) 
Venegaviao: posts small blind $0.01
DredUA: posts big blind $0.02
*** HOLE CARDS ***
Dealt to Lorpugo [9h 6h]
alidromos: folds 
Sotiris000: folds 
Lorpugo: raises $0.04 to $0.06
valterffjr2307 has timed out
valterffjr2307: folds 
Venegaviao: folds 
DredUA: calls $0.04
*** FLOP *** [9d 6d 6c]
DredUA: checks 
Lorpugo: bets $0.07
DredUA: folds 
Uncalled bet ($0.07) returned to Lorpugo
Lorpugo collected $0.13 from pot
Lorpugo: doesn't show hand 
*** SUMMARY ***
Total pot $0.13 | Rake $0 
Board [9d 6d 6c]
Seat 1: Venegaviao (small blind) folded before Flop
Seat 2: DredUA (big blind) folded on the Flop
Seat 3: alidromos folded before Flop (didn't bet)
Seat 4: Sotiris000 folded before Flop (didn't bet)
Seat 5: Lorpugo collected ($0.13)
Seat 6: valterffjr2307 (button) folded before Flop (didn't bet)



PokerStars Hand #240779155555:  Hold'em No Limit ($0.01/$0.02 USD) - 2022/12/29 14:25:22 ET
Table 'Kolga II' 6-max Seat #1 is the button
Seat 1: Venegaviao ($3.63 in chips) 
Seat 2: DredUA ($2.95 in chips) 
Seat 3: alidromos ($2.17 in chips) 
Seat 4: Sotiris000 ($4.28 in chips) 
Seat 5: Lorpugo ($2.32 in chips) 
Seat 6: valterffjr2307 ($1.93 in chips) 
DredUA: posts small blind $0.01
alidromos: posts big blind $0.02
*** HOLE CARDS ***
Dealt to Lorpugo [3s 4d]
Sotiris000: folds 
Lorpugo: folds 
valterffjr2307: folds 
Venegaviao: raises $0.04 to $0.06
DredUA: folds 
alidromos: calls $0.04
*** FLOP *** [8c 7c 6h]
alidromos: checks 
Venegaviao: checks 
*** TURN *** [8c 7c 6h] [Ac]
alidromos: bets $0.05
Venegaviao: calls $0.05
*** RIVER *** [8c 7c 6h Ac] [Td]
alidromos: checks 
Venegaviao: checks 
*** SHOW DOWN ***
alidromos: shows [8d 8h] (three of a kind, Eights)
Venegaviao: mucks hand 
alidromos collected $0.22 from pot
*** SUMMARY ***
Total pot $0.23 | Rake $0.01 
Board [8c 7c 6h Ac Td]
Seat 1: Venegaviao (button) mucked [Js As]
Seat 2: DredUA (small blind) folded before Flop
Seat 3: alidromos (big blind) showed [8d 8h] and won ($0.22) with three of a kind, Eights
Seat 4: Sotiris000 folded before Flop (didn't bet)
Seat 5: Lorpugo folded before Flop (didn't bet)
Seat 6: valterffjr2307 folded before Flop (didn't bet)



PokerStars Hand #240779178775:  Hold'em No Limit ($0.01/$0.02 USD) - 2022/12/29 14:26:20 ET
Table 'Kolga II' 6-max Seat #2 is the button
Seat 1: Venegaviao ($3.52 in chips) 
Seat 2: DredUA ($2.94 in chips) 
Seat 3: alidromos ($2.28 in chips) 
Seat 4: Sotiris000 ($4.28 in chips) 
Seat 5: Lorpugo ($2.32 in chips) 
Seat 6: valterffjr2307 ($1.93 in chips) 
alidromos: posts small blind $0.01
Sotiris000: posts big blind $0.02
*** HOLE CARDS ***
Dealt to Lorpugo [2h 7c]
Lorpugo: folds 
valterffjr2307: folds 
Venegaviao: raises $0.04 to $0.06
DredUA: folds 
alidromos: folds 
Sotiris000: calls $0.04
*** FLOP *** [As Ks 2d]
Sotiris000: bets $0.04
Venegaviao: folds 
Uncalled bet ($0.04) returned to Sotiris000
Sotiris000 collected $0.13 from pot
Sotiris000: doesn't show hand 
*** SUMMARY ***
Total pot $0.13 | Rake $0 
Board [As Ks 2d]
Seat 1: Venegaviao folded on the Flop
Seat 2: DredUA (button) folded before Flop (didn't bet)
Seat 3: alidromos (small blind) folded before Flop
Seat 4: Sotiris000 (big blind) collected ($0.13)
Seat 5: Lorpugo folded before Flop (didn't bet)
Seat 6: valterffjr2307 folded before Flop (didn't bet)



PokerStars Hand #240779188476:  Hold'em No Limit ($0.01/$0.02 USD) - 2022/12/29 14:26:45 ET
Table 'Kolga II' 6-max Seat #3 is the button
Seat 1: Venegaviao ($3.46 in chips) 
Seat 2: DredUA ($2.94 in chips) 
Seat 3: alidromos ($2.27 in chips) 
Seat 4: Sotiris000 ($4.35 in chips) 
Seat 5: Lorpugo ($2.32 in chips) 
Seat 6: valterffjr2307 ($1.93 in chips) 
Sotiris000: posts small blind $0.01
Lorpugo: posts big blind $0.02
*** HOLE CARDS ***
Dealt to Lorpugo [3h 8s]
valterffjr2307: folds 
Venegaviao: calls $0.02
DredUA: folds 
alidromos: folds 
Sotiris000: calls $0.01
Lorpugo: checks 
*** FLOP *** [6c 2s 5c]
Sotiris000: checks 
Lorpugo: checks 
Venegaviao: checks 
*** TURN *** [6c 2s 5c] [9d]
Sotiris000: checks 
Lorpugo: bets $0.08
Venegaviao: folds 
Sotiris000: folds 
Uncalled bet ($0.08) returned to Lorpugo
Lorpugo collected $0.06 from pot
Lorpugo: doesn't show hand 
*** SUMMARY ***
Total pot $0.06 | Rake $0 
Board [6c 2s 5c 9d]
Seat 1: Venegaviao folded on the Turn
Seat 2: DredUA folded before Flop (didn't bet)
Seat 3: alidromos (button) folded before Flop (didn't bet)
Seat 4: Sotiris000 (small blind) folded on the Turn
Seat 5: Lorpugo (big blind) collected ($0.06)
Seat 6: valterffjr2307 folded before Flop (didn't bet)



PokerStars Hand #240779214456:  Hold'em No Limit ($0.01/$0.02 USD) - 2022/12/29 14:27:51 ET
Table 'Kolga II' 6-max Seat #4 is the button
Seat 1: Venegaviao ($3.44 in chips) 
Seat 2: DredUA ($2.94 in chips) 
Seat 3: alidromos ($2.27 in chips) 
Seat 4: Sotiris000 ($4.33 in chips) 
Seat 5: Lorpugo ($2.36 in chips) 
Seat 6: valterffjr2307 ($1.93 in chips) 
Lorpugo: posts small blind $0.01
valterffjr2307: posts big blind $0.02
*** HOLE CARDS ***
Dealt to Lorpugo [5c 9c]
Venegaviao: calls $0.02
DredUA: raises $0.06 to $0.08
alidromos: calls $0.08
Sotiris000: folds 
Lorpugo: folds 
valterffjr2307: folds 
Venegaviao: calls $0.06
*** FLOP *** [Qc 6d 6h]
Venegaviao: checks 
DredUA: bets $0.13
alidromos: folds 
Venegaviao: folds 
Uncalled bet ($0.13) returned to DredUA
DredUA collected $0.26 from pot
DredUA: doesn't show hand 
*** SUMMARY ***
Total pot $0.27 | Rake $0.01 
Board [Qc 6d 6h]
Seat 1: Venegaviao folded on the Flop
Seat 2: DredUA collected ($0.26)
Seat 3: alidromos folded on the Flop
Seat 4: Sotiris000 (button) folded before Flop (didn't bet)
Seat 5: Lorpugo (small blind) folded before Flop
Seat 6: valterffjr2307 (big blind) folded before Flop



PokerStars Hand #240779230126:  Hold'em No Limit ($0.01/$0.02 USD) - 2022/12/29 14:28:30 ET
Table 'Kolga II' 6-max Seat #5 is the button
Seat 1: Venegaviao ($3.36 in chips) 
Seat 3: alidromos ($2.19 in chips) 
Seat 4: Sotiris000 ($4.33 in chips) 
Seat 5: Lorpugo ($2.35 in chips) 
Seat 6: valterffjr2307 ($1.91 in chips) 
valterffjr2307: posts small blind $0.01
Venegaviao: posts big blind $0.02
*** HOLE CARDS ***
Dealt to Lorpugo [4d 3s]
alidromos: folds 
flippinghand joins the table at seat #2 
Sotiris000: folds 
Lorpugo: folds 
valterffjr2307: calls $0.01
Venegaviao: checks 
*** FLOP *** [9c Js 8d]
valterffjr2307: checks 
Venegaviao: checks 
*** TURN *** [9c Js 8d] [Kh]
valterffjr2307: checks 
Venegaviao: checks 
*** RIVER *** [9c Js 8d Kh] [6s]
valterffjr2307: bets $0.10
Venegaviao: folds 
Uncalled bet ($0.10) returned to valterffjr2307
valterffjr2307 collected $0.04 from pot
*** SUMMARY ***
Total pot $0.04 | Rake $0 
Board [9c Js 8d Kh 6s]
Seat 1: Venegaviao (big blind) folded on the River
Seat 3: alidromos folded before Flop (didn't bet)
Seat 4: Sotiris000 folded before Flop (didn't bet)
Seat 5: Lorpugo (button) folded before Flop (didn't bet)
Seat 6: valterffjr2307 (small blind) collected ($0.04)



PokerStars Hand #240779243825:  Hold'em No Limit ($0.01/$0.02 USD) - 2022/12/29 14:29:06 ET
Table 'Kolga II' 6-max Seat #6 is the button
Seat 1: Venegaviao ($3.34 in chips) 
Seat 2: flippinghand ($2 in chips) 
Seat 3: alidromos ($2.19 in chips) 
Seat 4: Sotiris000 ($4.33 in chips) 
Seat 5: Lorpugo ($2.35 in chips) 
Seat 6: valterffjr2307 ($1.93 in chips) 
Venegaviao: posts small blind $0.01
flippinghand: posts big blind $0.02
*** HOLE CARDS ***
Dealt to Lorpugo [3c Tc]
alidromos: folds 
Sotiris000: raises $0.04 to $0.06
Lorpugo: folds 
valterffjr2307: folds 
Venegaviao: raises $0.06 to $0.12
flippinghand: folds 
Sotiris000: calls $0.06
*** FLOP *** [Kh Kc Ac]
Venegaviao: checks 
Sotiris000: bets $0.08
Venegaviao: calls $0.08
*** TURN *** [Kh Kc Ac] [Td]
Venegaviao: checks 
Sotiris000: bets $0.12
Venegaviao: calls $0.12
*** RIVER *** [Kh Kc Ac Td] [7d]
Venegaviao: checks 
Sotiris000: bets $0.45
Venegaviao: folds 
Uncalled bet ($0.45) returned to Sotiris000
Sotiris000 collected $0.64 from pot
Sotiris000: doesn't show hand 
*** SUMMARY ***
Total pot $0.66 | Rake $0.02 
Board [Kh Kc Ac Td 7d]
Seat 1: Venegaviao (small blind) folded on the River
Seat 2: flippinghand (big blind) folded before Flop
Seat 3: alidromos folded before Flop (didn't bet)
Seat 4: Sotiris000 collected ($0.64)
Seat 5: Lorpugo folded before Flop (didn't bet)
Seat 6: valterffjr2307 (button) folded before Flop (didn't bet)



PokerStars Hand #240779290571:  Hold'em No Limit ($0.01/$0.02 USD) - 2022/12/29 14:31:01 ET
Table 'Kolga II' 6-max Seat #1 is the button
Seat 1: Venegaviao ($3.02 in chips) 
Seat 2: flippinghand ($1.98 in chips) 
Seat 3: alidromos ($2.19 in chips) 
Seat 4: Sotiris000 ($4.65 in chips) 
Seat 5: Lorpugo ($2.35 in chips) 
Seat 6: valterffjr2307 ($1.93 in chips) 
flippinghand: posts small blind $0.01
alidromos: posts big blind $0.02
*** HOLE CARDS ***
Dealt to Lorpugo [7s 3c]
Sotiris000: folds 
Lorpugo: folds 
valterffjr2307 has timed out
valterffjr2307: folds 
Venegaviao: folds 
flippinghand: folds 
Uncalled bet ($0.01) returned to alidromos
alidromos collected $0.02 from pot
alidromos: doesn't show hand 
*** SUMMARY ***
Total pot $0.02 | Rake $0 
Seat 1: Venegaviao (button) folded before Flop (didn't bet)
Seat 2: flippinghand (small blind) folded before Flop
Seat 3: alidromos (big blind) collected ($0.02)
Seat 4: Sotiris000 folded before Flop (didn't bet)
Seat 5: Lorpugo folded before Flop (didn't bet)
Seat 6: valterffjr2307 folded before Flop (didn't bet)



PokerStars Hand #240779300869:  Hold'em No Limit ($0.01/$0.02 USD) - 2022/12/29 14:31:26 ET
Table 'Kolga II' 6-max Seat #2 is the button
Seat 1: Venegaviao ($3.02 in chips) 
Seat 2: flippinghand ($2 in chips) 
Seat 3: alidromos ($2.20 in chips) 
Seat 4: Sotiris000 ($4.65 in chips) 
Seat 5: Lorpugo ($2.35 in chips) 
alidromos: posts small blind $0.01
Sotiris000: posts big blind $0.02
*** HOLE CARDS ***
Dealt to Lorpugo [3d Kh]
Lorpugo: folds 
Venegaviao: folds 
flippinghand: folds 
alidromos: folds 
Uncalled bet ($0.01) returned to Sotiris000
Sotiris000 collected $0.02 from pot
Sotiris000: doesn't show hand 
*** SUMMARY ***
Total pot $0.02 | Rake $0 
Seat 1: Venegaviao folded before Flop (didn't bet)
Seat 2: flippinghand (button) folded before Flop (didn't bet)
Seat 3: alidromos (small blind) folded before Flop
Seat 4: Sotiris000 (big blind) collected ($0.02)
Seat 5: Lorpugo folded before Flop (didn't bet)



PokerStars Hand #240779304628:  Hold'em No Limit ($0.01/$0.02 USD) - 2022/12/29 14:31:35 ET
Table 'Kolga II' 6-max Seat #3 is the button
Seat 1: Venegaviao ($3.02 in chips) 
Seat 2: flippinghand ($2 in chips) 
Seat 3: alidromos ($2.19 in chips) 
Seat 4: Sotiris000 ($4.66 in chips) 
Seat 5: Lorpugo ($2.35 in chips) 
Seat 6: valterffjr2307 ($1.93 in chips) 
Sotiris000: posts small blind $0.01
Lorpugo: posts big blind $0.02
*** HOLE CARDS ***
Dealt to Lorpugo [5d Ah]
valterffjr2307: folds 
Venegaviao: calls $0.02
flippinghand: folds 
alidromos: raises $0.04 to $0.06
Sotiris000: folds 
Lorpugo: calls $0.04
Venegaviao: calls $0.04
*** FLOP *** [3c 2c Ac]
Lorpugo: checks 
Venegaviao: checks 
alidromos: checks 
*** TURN *** [3c 2c Ac] [2h]
Lorpugo: bets $0.06
Venegaviao: calls $0.06
alidromos: folds 
*** RIVER *** [3c 2c Ac 2h] [Ks]
Lorpugo: checks 
Venegaviao: checks 
*** SHOW DOWN ***
Lorpugo: shows [5d Ah] (two pair, Aces and Deuces)
Venegaviao: shows [Ad 5c] (two pair, Aces and Deuces)
Lorpugo collected $0.15 from pot
Venegaviao collected $0.15 from pot
*** SUMMARY ***
Total pot $0.31 | Rake $0.01 
Board [3c 2c Ac 2h Ks]
Seat 1: Venegaviao showed [Ad 5c] and won ($0.15) with two pair, Aces and Deuces
Seat 2: flippinghand folded before Flop (didn't bet)
Seat 3: alidromos (button) folded on the Turn
Seat 4: Sotiris000 (small blind) folded before Flop
Seat 5: Lorpugo (big blind) showed [5d Ah] and won ($0.15) with two pair, Aces and Deuces
Seat 6: valterffjr2307 folded before Flop (didn't bet)



PokerStars Hand #240779332523:  Hold'em No Limit ($0.01/$0.02 USD) - 2022/12/29 14:32:42 ET
Table 'Kolga II' 6-max Seat #4 is the button
Seat 1: Venegaviao ($3.05 in chips) 
Seat 2: flippinghand ($2 in chips) 
Seat 3: alidromos ($2.13 in chips) 
Seat 4: Sotiris000 ($4.65 in chips) 
Seat 5: Lorpugo ($2.38 in chips) 
Seat 6: valterffjr2307 ($1.93 in chips) 
Lorpugo: posts small blind $0.01
valterffjr2307: posts big blind $0.02
*** HOLE CARDS ***
Dealt to Lorpugo [4h 2h]
Venegaviao: calls $0.02
flippinghand: folds 
alidromos: folds 
Sotiris000: folds 
Lorpugo: calls $0.01
valterffjr2307: checks 
*** FLOP *** [Qd 9s 5s]
Lorpugo: checks 
valterffjr2307: bets $0.06
Venegaviao: folds 
Lorpugo: folds 
Uncalled bet ($0.06) returned to valterffjr2307
valterffjr2307 collected $0.06 from pot
*** SUMMARY ***
Total pot $0.06 | Rake $0 
Board [Qd 9s 5s]
Seat 1: Venegaviao folded on the Flop
Seat 2: flippinghand folded before Flop (didn't bet)
Seat 3: alidromos folded before Flop (didn't bet)
Seat 4: Sotiris000 (button) folded before Flop (didn't bet)
Seat 5: Lorpugo (small blind) folded on the Flop
Seat 6: valterffjr2307 (big blind) collected ($0.06)



PokerStars Hand #240779346148:  Hold'em No Limit ($0.01/$0.02 USD) - 2022/12/29 14:33:15 ET
Table 'Kolga II' 6-max Seat #5 is the button
Seat 1: Venegaviao ($3.03 in chips) 
Seat 2: flippinghand ($2 in chips) 
Seat 3: alidromos ($2.13 in chips) 
Seat 4: Sotiris000 ($4.65 in chips) 
Seat 5: Lorpugo ($2.36 in chips) 
Seat 6: valterffjr2307 ($1.97 in chips) 
valterffjr2307: posts small blind $0.01
Venegaviao: posts big blind $0.02
*** HOLE CARDS ***
Dealt to Lorpugo [5d 9d]
flippinghand: folds 
alidromos: folds 
Sotiris000: folds 
Lorpugo: raises $0.04 to $0.06
valterffjr2307: calls $0.05
Venegaviao: raises $0.18 to $0.24
Lorpugo: folds 
valterffjr2307: folds 
Uncalled bet ($0.18) returned to Venegaviao
Venegaviao collected $0.18 from pot
*** SUMMARY ***
Total pot $0.18 | Rake $0 
Seat 1: Venegaviao (big blind) collected ($0.18)
Seat 2: flippinghand folded before Flop (didn't bet)
Seat 3: alidromos folded before Flop (didn't bet)
Seat 4: Sotiris000 folded before Flop (didn't bet)
Seat 5: Lorpugo (button) folded before Flop
Seat 6: valterffjr2307 (small blind) folded before Flop



PokerStars Hand #240779359578:  Hold'em No Limit ($0.01/$0.02 USD) - 2022/12/29 14:33:47 ET
Table 'Kolga II' 6-max Seat #6 is the button
Seat 1: Venegaviao ($3.15 in chips) 
Seat 3: alidromos ($2.13 in chips) 
Seat 4: Sotiris000 ($4.65 in chips) 
Seat 5: Lorpugo ($2.30 in chips) 
Seat 6: valterffjr2307 ($1.91 in chips) 
Venegaviao: posts small blind $0.01
alidromos: posts big blind $0.02
*** HOLE CARDS ***
Dealt to Lorpugo [Ad 9d]
Sotiris000: folds 
flippinghand leaves the table
Lorpugo: raises $0.04 to $0.06
valterffjr2307: folds 
Venegaviao: folds 
alidromos: folds 
Uncalled bet ($0.04) returned to Lorpugo
Lorpugo collected $0.05 from pot
Lorpugo: doesn't show hand 
*** SUMMARY ***
Total pot $0.05 | Rake $0 
Seat 1: Venegaviao (small blind) folded before Flop
Seat 3: alidromos (big blind) folded before Flop
Seat 4: Sotiris000 folded before Flop (didn't bet)
Seat 5: Lorpugo collected ($0.05)
Seat 6: valterffjr2307 (button) folded before Flop (didn't bet)



PokerStars Hand #240779368570:  Hold'em No Limit ($0.01/$0.02 USD) - 2022/12/29 14:34:09 ET
Table 'Kolga II' 6-max Seat #1 is the button
Seat 1: Venegaviao ($3.14 in chips) 
Seat 3: alidromos ($2.11 in chips) 
Seat 4: Sotiris000 ($4.65 in chips) 
Seat 5: Lorpugo ($2.33 in chips) 
Seat 6: valterffjr2307 ($1.91 in chips) 
alidromos: posts small blind $0.01
Sotiris000: posts big blind $0.02
*** HOLE CARDS ***
Dealt to Lorpugo [As 2s]
Rubenhm14 joins the table at seat #2 
Lorpugo: raises $0.04 to $0.06
valterffjr2307 has timed out
valterffjr2307: folds 
Venegaviao: folds 
alidromos: folds 
Sotiris000: folds 
Uncalled bet ($0.04) returned to Lorpugo
Lorpugo collected $0.05 from pot
Lorpugo: doesn't show hand 
*** SUMMARY ***
Total pot $0.05 | Rake $0 
Seat 1: Venegaviao (button) folded before Flop (didn't bet)
Seat 3: alidromos (small blind) folded before Flop
Seat 4: Sotiris000 (big blind) folded before Flop
Seat 5: Lorpugo collected ($0.05)
Seat 6: valterffjr2307 folded before Flop (didn't bet)



PokerStars Hand #240779380610:  Hold'em No Limit ($0.01/$0.02 USD) - 2022/12/29 14:34:38 ET
Table 'Kolga II' 6-max Seat #3 is the button
Seat 1: Venegaviao ($3.14 in chips) 
Seat 3: alidromos ($2.10 in chips) 
Seat 4: Sotiris000 ($4.63 in chips) 
Seat 5: Lorpugo ($2.36 in chips) 
Seat 6: valterffjr2307 ($1.91 in chips) 
Sotiris000: posts small blind $0.01
Lorpugo: posts big blind $0.02
*** HOLE CARDS ***
Dealt to Lorpugo [Jh Qd]
valterffjr2307: folds 
Venegaviao: calls $0.02
alidromos: folds 
Sotiris000: folds 
Lorpugo: checks 
*** FLOP *** [Kh 3s Ad]
Lorpugo: checks 
Venegaviao: bets $0.02
Lorpugo: calls $0.02
*** TURN *** [Kh 3s Ad] [8d]
Lorpugo: checks 
Venegaviao: checks 
*** RIVER *** [Kh 3s Ad 8d] [2h]
Lorpugo: bets $0.08
Venegaviao: folds 
Uncalled bet ($0.08) returned to Lorpugo
Lorpugo collected $0.09 from pot
Lorpugo: doesn't show hand 
*** SUMMARY ***
Total pot $0.09 | Rake $0 
Board [Kh 3s Ad 8d 2h]
Seat 1: Venegaviao folded on the River
Seat 3: alidromos (button) folded before Flop (didn't bet)
Seat 4: Sotiris000 (small blind) folded before Flop
Seat 5: Lorpugo (big blind) collected ($0.09)
Seat 6: valterffjr2307 folded before Flop (didn't bet)



PokerStars Hand #240779396285:  Hold'em No Limit ($0.01/$0.02 USD) - 2022/12/29 14:35:15 ET
Table 'Kolga II' 6-max Seat #4 is the button
Seat 1: Venegaviao ($3.10 in chips) 
Seat 3: alidromos ($2.10 in chips) 
Seat 4: Sotiris000 ($4.62 in chips) 
Seat 5: Lorpugo ($2.41 in chips) 
Seat 6: valterffjr2307 ($1.91 in chips) 
Lorpugo: posts small blind $0.01
valterffjr2307: posts big blind $0.02
*** HOLE CARDS ***
Dealt to Lorpugo [8h Ah]
Venegaviao: folds 
alidromos: folds 
Sotiris000: folds 
Lorpugo: raises $0.04 to $0.06
valterffjr2307 has timed out
valterffjr2307: folds 
Uncalled bet ($0.04) returned to Lorpugo
Lorpugo collected $0.04 from pot
Lorpugo: doesn't show hand 
*** SUMMARY ***
Total pot $0.04 | Rake $0 
Seat 1: Venegaviao folded before Flop (didn't bet)
Seat 3: alidromos folded before Flop (didn't bet)
Seat 4: Sotiris000 (button) folded before Flop (didn't bet)
Seat 5: Lorpugo (small blind) collected ($0.04)
Seat 6: valterffjr2307 (big blind) folded before Flop



PokerStars Hand #240779417113:  Hold'em No Limit ($0.01/$0.02 USD) - 2022/12/29 14:36:05 ET
Table 'Kolga II' 6-max Seat #5 is the button
Seat 1: Venegaviao ($3.10 in chips) 
Seat 2: Rubenhm14 ($2 in chips) 
Seat 3: alidromos ($2.10 in chips) 
Seat 4: Sotiris000 ($4.62 in chips) 
Seat 5: Lorpugo ($2.43 in chips) 
Venegaviao: posts small blind $0.01
Rubenhm14: posts big blind $0.02
*** HOLE CARDS ***
Dealt to Lorpugo [9c 6c]
alidromos: folds 
Sotiris000: raises $0.02 to $0.04
Lorpugo: calls $0.04
Venegaviao: calls $0.03
Rubenhm14: calls $0.02
*** FLOP *** [Jh Qd Ad]
Venegaviao: checks 
Rubenhm14: checks 
Sotiris000: bets $0.08
Lorpugo: folds 
Venegaviao: calls $0.08
Rubenhm14: folds 
*** TURN *** [Jh Qd Ad] [4d]
Venegaviao: checks 
Sotiris000: bets $0.09
Venegaviao: raises $0.11 to $0.20
Sotiris000: calls $0.11
*** RIVER *** [Jh Qd Ad 4d] [Td]
Venegaviao: checks 
Sotiris000: checks 
*** SHOW DOWN ***
Venegaviao: shows [Th Kh] (a straight, Ten to Ace)
Sotiris000: mucks hand 
Venegaviao collected $0.69 from pot
*** SUMMARY ***
Total pot $0.72 | Rake $0.03 
Board [Jh Qd Ad 4d Td]
Seat 1: Venegaviao (small blind) showed [Th Kh] and won ($0.69) with a straight, Ten to Ace
Seat 2: Rubenhm14 (big blind) folded on the Flop
Seat 3: alidromos folded before Flop (didn't bet)
Seat 4: Sotiris000 mucked [Qh Ah]
Seat 5: Lorpugo (button) folded on the Flop



PokerStars Hand #240779444571:  Hold'em No Limit ($0.01/$0.02 USD) - 2022/12/29 14:37:10 ET
Table 'Kolga II' 6-max Seat #1 is the button
Seat 1: Venegaviao ($3.47 in chips) 
Seat 2: Rubenhm14 ($1.96 in chips) 
Seat 3: alidromos ($2.10 in chips) 
Seat 4: Sotiris000 ($4.30 in chips) 
Seat 5: Lorpugo ($2.39 in chips) 
Seat 6: valterffjr2307 ($1.89 in chips) 
Rubenhm14: posts small blind $0.01
alidromos: posts big blind $0.02
valterffjr2307: posts small blind $0.01
*** HOLE CARDS ***
Dealt to Lorpugo [6d 5d]
Sotiris000: folds 
Lorpugo: raises $0.04 to $0.06
valterffjr2307: calls $0.06
Venegaviao: folds 
Rubenhm14: folds 
alidromos: folds 
*** FLOP *** [2h 2s 2c]
Lorpugo: checks 
valterffjr2307: checks 
*** TURN *** [2h 2s 2c] [Kh]
Lorpugo: checks 
valterffjr2307: checks 
*** RIVER *** [2h 2s 2c Kh] [7d]
Lorpugo: checks 
valterffjr2307: checks 
*** SHOW DOWN ***
Lorpugo: shows [6d 5d] (three of a kind, Deuces)
valterffjr2307: shows [Ad Jh] (three of a kind, Deuces - Ace kicker)
valterffjr2307 collected $0.15 from pot
*** SUMMARY ***
Total pot $0.16 | Rake $0.01 
Board [2h 2s 2c Kh 7d]
Seat 1: Venegaviao (button) folded before Flop (didn't bet)
Seat 2: Rubenhm14 (small blind) folded before Flop
Seat 3: alidromos (big blind) folded before Flop
Seat 4: Sotiris000 folded before Flop (didn't bet)
Seat 5: Lorpugo showed [6d 5d] and lost with three of a kind, Deuces
Seat 6: valterffjr2307 showed [Ad Jh] and won ($0.15) with three of a kind, Deuces



PokerStars Hand #240779467552:  Hold'em No Limit ($0.01/$0.02 USD) - 2022/12/29 14:38:04 ET
Table 'Kolga II' 6-max Seat #2 is the button
Seat 1: Venegaviao ($3.47 in chips) 
Seat 2: Rubenhm14 ($1.95 in chips) 
Seat 3: alidromos ($2.08 in chips) 
Seat 4: Sotiris000 ($4.30 in chips) 
Seat 5: Lorpugo ($2.33 in chips) 
Seat 6: valterffjr2307 ($1.97 in chips) 
alidromos: posts small blind $0.01
Sotiris000: posts big blind $0.02
*** HOLE CARDS ***
Dealt to Lorpugo [7s 8c]
Lorpugo: folds 
valterffjr2307: folds 
Venegaviao: folds 
Rubenhm14: folds 
alidromos: folds 
Uncalled bet ($0.01) returned to Sotiris000
Sotiris000 collected $0.02 from pot
Sotiris000: doesn't show hand 
*** SUMMARY ***
Total pot $0.02 | Rake $0 
Seat 1: Venegaviao folded before Flop (didn't bet)
Seat 2: Rubenhm14 (button) folded before Flop (didn't bet)
Seat 3: alidromos (small blind) folded before Flop
Seat 4: Sotiris000 (big blind) collected ($0.02)
Seat 5: Lorpugo folded before Flop (didn't bet)
Seat 6: valterffjr2307 folded before Flop (didn't bet)



PokerStars Hand #240779473709:  Hold'em No Limit ($0.01/$0.02 USD) - 2022/12/29 14:38:19 ET
Table 'Kolga II' 6-max Seat #3 is the button
Seat 1: Venegaviao ($3.47 in chips) 
Seat 2: Rubenhm14 ($1.95 in chips) 
Seat 3: alidromos ($2.07 in chips) 
Seat 4: Sotiris000 ($4.31 in chips) 
Seat 5: Lorpugo ($2.33 in chips) 
Seat 6: valterffjr2307 ($1.97 in chips) 
Sotiris000: posts small blind $0.01
Lorpugo: posts big blind $0.02
*** HOLE CARDS ***
Dealt to Lorpugo [8c Ks]
valterffjr2307: folds 
Venegaviao: folds 
Rubenhm14: folds 
alidromos: raises $0.03 to $0.05
Sotiris000: folds 
Lorpugo: calls $0.03
*** FLOP *** [Kc Ad 5d]
Lorpugo: checks 
alidromos: checks 
*** TURN *** [Kc Ad 5d] [5c]
Lorpugo: checks 
alidromos: checks 
*** RIVER *** [Kc Ad 5d 5c] [Ts]
Lorpugo: checks 
alidromos: checks 
*** SHOW DOWN ***
Lorpugo: shows [8c Ks] (two pair, Kings and Fives)
alidromos: mucks hand 
Lorpugo collected $0.11 from pot
*** SUMMARY ***
Total pot $0.11 | Rake $0 
Board [Kc Ad 5d 5c Ts]
Seat 1: Venegaviao folded before Flop (didn't bet)
Seat 2: Rubenhm14 folded before Flop (didn't bet)
Seat 3: alidromos (button) mucked [7c 7d]
Seat 4: Sotiris000 (small blind) folded before Flop
Seat 5: Lorpugo (big blind) showed [8c Ks] and won ($0.11) with two pair, Kings and Fives
Seat 6: valterffjr2307 folded before Flop (didn't bet)



PokerStars Hand #240779497679:  Hold'em No Limit ($0.01/$0.02 USD) - 2022/12/29 14:39:15 ET
Table 'Kolga II' 6-max Seat #4 is the button
Seat 1: Venegaviao ($3.47 in chips) 
Seat 2: Rubenhm14 ($1.95 in chips) 
Seat 3: alidromos ($2.02 in chips) 
Seat 4: Sotiris000 ($4.30 in chips) 
Seat 5: Lorpugo ($2.39 in chips) 
Seat 6: valterffjr2307 ($1.97 in chips) 
Lorpugo: posts small blind $0.01
valterffjr2307: posts big blind $0.02
*** HOLE CARDS ***
Dealt to Lorpugo [8s Ah]
Venegaviao: folds 
Rubenhm14: raises $0.03 to $0.05
alidromos: folds 
Sotiris000: folds 
Lorpugo: calls $0.04
valterffjr2307: calls $0.03
*** FLOP *** [Kc 3c 8c]
Lorpugo: bets $0.02
valterffjr2307: calls $0.02
Rubenhm14: folds 
*** TURN *** [Kc 3c 8c] [Tc]
Lorpugo: checks 
valterffjr2307: checks 
*** RIVER *** [Kc 3c 8c Tc] [Qh]
Lorpugo: checks 
valterffjr2307: checks 
*** SHOW DOWN ***
Lorpugo: shows [8s Ah] (a pair of Eights)
valterffjr2307: shows [9s Ks] (a pair of Kings)
valterffjr2307 collected $0.18 from pot
*** SUMMARY ***
Total pot $0.19 | Rake $0.01 
Board [Kc 3c 8c Tc Qh]
Seat 1: Venegaviao folded before Flop (didn't bet)
Seat 2: Rubenhm14 folded on the Flop
Seat 3: alidromos folded before Flop (didn't bet)
Seat 4: Sotiris000 (button) folded before Flop (didn't bet)
Seat 5: Lorpugo (small blind) showed [8s Ah] and lost with a pair of Eights
Seat 6: valterffjr2307 (big blind) showed [9s Ks] and won ($0.18) with a pair of Kings



PokerStars Hand #240779518790:  Hold'em No Limit ($0.01/$0.02 USD) - 2022/12/29 14:40:04 ET
Table 'Kolga II' 6-max Seat #5 is the button
Seat 1: Venegaviao ($3.47 in chips) 
Seat 2: Rubenhm14 ($1.90 in chips) 
Seat 3: alidromos ($2.02 in chips) 
Seat 4: Sotiris000 ($4.30 in chips) 
Seat 5: Lorpugo ($2.32 in chips) 
Seat 6: valterffjr2307 ($2.08 in chips) 
valterffjr2307: posts small blind $0.01
Venegaviao: posts big blind $0.02
*** HOLE CARDS ***
Dealt to Lorpugo [Qd 2h]
Rubenhm14: raises $0.03 to $0.05
alidromos: folds 
Sotiris000: folds 
Lorpugo: folds 
valterffjr2307: folds 
Venegaviao: calls $0.03
*** FLOP *** [Qc 6s 8d]
Venegaviao: checks 
Rubenhm14: checks 
*** TURN *** [Qc 6s 8d] [5h]
Venegaviao: checks 
Rubenhm14: bets $0.06
Venegaviao: folds 
Uncalled bet ($0.06) returned to Rubenhm14
Rubenhm14 collected $0.11 from pot
Rubenhm14: doesn't show hand 
*** SUMMARY ***
Total pot $0.11 | Rake $0 
Board [Qc 6s 8d 5h]
Seat 1: Venegaviao (big blind) folded on the Turn
Seat 2: Rubenhm14 collected ($0.11)
Seat 3: alidromos folded before Flop (didn't bet)
Seat 4: Sotiris000 folded before Flop (didn't bet)
Seat 5: Lorpugo (button) folded before Flop (didn't bet)
Seat 6: valterffjr2307 (small blind) folded before Flop



PokerStars Hand #240779546046:  Hold'em No Limit ($0.01/$0.02 USD) - 2022/12/29 14:41:08 ET
Table 'Kolga II' 6-max Seat #6 is the button
Seat 1: Venegaviao ($3.42 in chips) 
Seat 2: Rubenhm14 ($1.96 in chips) 
Seat 3: alidromos ($2.02 in chips) 
Seat 4: Sotiris000 ($4.30 in chips) 
Seat 5: Lorpugo ($2.32 in chips) 
Seat 6: valterffjr2307 ($2.07 in chips) 
Venegaviao: posts small blind $0.01
Rubenhm14: posts big blind $0.02
*** HOLE CARDS ***
Dealt to Lorpugo [3h 8h]
alidromos: folds 
Sotiris000: folds 
Lorpugo: folds 
valterffjr2307: calls $0.02
Venegaviao: raises $0.04 to $0.06
Rubenhm14: calls $0.04
valterffjr2307: calls $0.04
*** FLOP *** [4s 6h 5s]
Venegaviao: checks 
Rubenhm14: checks 
valterffjr2307: checks 
*** TURN *** [4s 6h 5s] [Ah]
Venegaviao: bets $0.08
Rubenhm14: folds 
valterffjr2307: calls $0.08
*** RIVER *** [4s 6h 5s Ah] [7d]
Venegaviao: checks 
valterffjr2307: bets $0.41
Venegaviao: folds 
Uncalled bet ($0.41) returned to valterffjr2307
valterffjr2307 collected $0.33 from pot
*** SUMMARY ***
Total pot $0.34 | Rake $0.01 
Board [4s 6h 5s Ah 7d]
Seat 1: Venegaviao (small blind) folded on the River
Seat 2: Rubenhm14 (big blind) folded on the Turn
Seat 3: alidromos folded before Flop (didn't bet)
Seat 4: Sotiris000 folded before Flop (didn't bet)
Seat 5: Lorpugo folded before Flop (didn't bet)
Seat 6: valterffjr2307 (button) collected ($0.33)



PokerStars Hand #240779589248:  Hold'em No Limit ($0.01/$0.02 USD) - 2022/12/29 14:42:49 ET
Table 'Kolga II' 6-max Seat #1 is the button
Seat 1: Venegaviao ($3.28 in chips) 
Seat 2: Rubenhm14 ($1.90 in chips) 
Seat 3: alidromos ($2.02 in chips) 
Seat 4: Sotiris000 ($4.30 in chips) 
Seat 5: Lorpugo ($2.32 in chips) 
Seat 6: valterffjr2307 ($2.26 in chips) 
Rubenhm14: posts small blind $0.01
alidromos: posts big blind $0.02
*** HOLE CARDS ***
Dealt to Lorpugo [Qd 7d]
Sotiris000: folds 
Lorpugo: raises $0.04 to $0.06
valterffjr2307: folds 
Venegaviao: raises $0.08 to $0.14
Rubenhm14: folds 
alidromos: folds 
Lorpugo: calls $0.08
*** FLOP *** [6d Ah 4c]
Lorpugo: checks 
Venegaviao: bets $0.11
Lorpugo: raises $0.13 to $0.24
Rubenhm14 leaves the table
Venegaviao: calls $0.13
*** TURN *** [6d Ah 4c] [Qh]
Lorpugo: checks 
Venegaviao: checks 
*** RIVER *** [6d Ah 4c Qh] [8c]
Lorpugo: checks 
Venegaviao: checks 
*** SHOW DOWN ***
Lorpugo: shows [Qd 7d] (a pair of Queens)
Venegaviao: mucks hand 
Lorpugo collected $0.76 from pot
*** SUMMARY ***
Total pot $0.79 | Rake $0.03 
Board [6d Ah 4c Qh 8c]
Seat 1: Venegaviao (button) mucked [9s 9d]
Seat 2: Rubenhm14 (small blind) folded before Flop
Seat 3: alidromos (big blind) folded before Flop
Seat 4: Sotiris000 folded before Flop (didn't bet)
Seat 5: Lorpugo showed [Qd 7d] and won ($0.76) with a pair of Queens
Seat 6: valterffjr2307 folded before Flop (didn't bet)



PokerStars Hand #240779624803:  Hold'em No Limit ($0.01/$0.02 USD) - 2022/12/29 14:44:13 ET
Table 'Kolga II' 6-max Seat #3 is the button
Seat 1: Venegaviao ($2.90 in chips) 
Seat 3: alidromos ($2 in chips) 
Seat 4: Sotiris000 ($4.30 in chips) 
Seat 5: Lorpugo ($2.70 in chips) 
Seat 6: valterffjr2307 ($2.26 in chips) 
Sotiris000: posts small blind $0.01
Lorpugo: posts big blind $0.02
*** HOLE CARDS ***
Dealt to Lorpugo [8d 6c]
valterffjr2307 has timed out
valterffjr2307: folds 
Venegaviao: calls $0.02
alidromos: folds 
DOORMANGORE joins the table at seat #2 
Sotiris000: folds 
Lorpugo: checks 
*** FLOP *** [Qd 3d Kc]
Lorpugo: checks 
Venegaviao: checks 
*** TURN *** [Qd 3d Kc] [2d]
Lorpugo: checks 
Venegaviao: bets $0.02
Lorpugo: calls $0.02
*** RIVER *** [Qd 3d Kc 2d] [6h]
Lorpugo: checks 
Venegaviao: checks 
*** SHOW DOWN ***
Lorpugo: shows [8d 6c] (a pair of Sixes)
Venegaviao: mucks hand 
Lorpugo collected $0.09 from pot
*** SUMMARY ***
Total pot $0.09 | Rake $0 
Board [Qd 3d Kc 2d 6h]
Seat 1: Venegaviao mucked [3s Ac]
Seat 3: alidromos (button) folded before Flop (didn't bet)
Seat 4: Sotiris000 (small blind) folded before Flop
Seat 5: Lorpugo (big blind) showed [8d 6c] and won ($0.09) with a pair of Sixes
Seat 6: valterffjr2307 folded before Flop (didn't bet)



PokerStars Hand #240779653525:  Hold'em No Limit ($0.01/$0.02 USD) - 2022/12/29 14:45:20 ET
Table 'Kolga II' 6-max Seat #4 is the button
Seat 1: Venegaviao ($2.86 in chips) 
Seat 3: alidromos ($2 in chips) 
Seat 4: Sotiris000 ($4.29 in chips) 
Seat 5: Lorpugo ($2.75 in chips) 
Seat 6: valterffjr2307 ($2.26 in chips) 
Lorpugo: posts small blind $0.01
valterffjr2307: posts big blind $0.02
*** HOLE CARDS ***
Dealt to Lorpugo [9c Kd]
Venegaviao: calls $0.02
alidromos: folds 
Sotiris000: folds 
Lorpugo: calls $0.01
valterffjr2307: checks 
*** FLOP *** [8c 6c 4c]
Lorpugo: checks 
valterffjr2307: checks 
Venegaviao: checks 
*** TURN *** [8c 6c 4c] [Th]
Lorpugo: checks 
valterffjr2307: checks 
Venegaviao: checks 
*** RIVER *** [8c 6c 4c Th] [5c]
Lorpugo: checks 
valterffjr2307: bets $0.22
Venegaviao: folds 
Lorpugo: folds 
Uncalled bet ($0.22) returned to valterffjr2307
valterffjr2307 collected $0.06 from pot
*** SUMMARY ***
Total pot $0.06 | Rake $0 
Board [8c 6c 4c Th 5c]
Seat 1: Venegaviao folded on the River
Seat 3: alidromos folded before Flop (didn't bet)
Seat 4: Sotiris000 (button) folded before Flop (didn't bet)
Seat 5: Lorpugo (small blind) folded on the River
Seat 6: valterffjr2307 (big blind) collected ($0.06)



PokerStars Hand #240779677098:  Hold'em No Limit ($0.01/$0.02 USD) - 2022/12/29 14:46:15 ET
Table 'Kolga II' 6-max Seat #5 is the button
Seat 1: Venegaviao ($2.84 in chips) 
Seat 3: alidromos ($2 in chips) 
Seat 4: Sotiris000 ($4.29 in chips) 
Seat 5: Lorpugo ($2.73 in chips) 
Seat 6: valterffjr2307 ($2.30 in chips) 
valterffjr2307: posts small blind $0.01
Venegaviao: posts big blind $0.02
*** HOLE CARDS ***
Dealt to Lorpugo [2c 2d]
alidromos: folds 
Sotiris000: folds 
Lorpugo: raises $0.04 to $0.06
valterffjr2307: calls $0.05
Venegaviao: calls $0.04
*** FLOP *** [Js 5c Ks]
valterffjr2307: checks 
Venegaviao: checks 
Lorpugo: checks 
*** TURN *** [Js 5c Ks] [2s]
valterffjr2307: checks 
Venegaviao: checks 
Lorpugo: bets $0.09
valterffjr2307: calls $0.09
Venegaviao: calls $0.09
*** RIVER *** [Js 5c Ks 2s] [6c]
valterffjr2307: checks 
Venegaviao: checks 
Lorpugo: bets $0.22
valterffjr2307: folds 
Venegaviao: calls $0.22
*** SHOW DOWN ***
Lorpugo: shows [2c 2d] (three of a kind, Deuces)
Venegaviao: mucks hand 
Lorpugo collected $0.86 from pot
*** SUMMARY ***
Total pot $0.89 | Rake $0.03 
Board [Js 5c Ks 2s 6c]
Seat 1: Venegaviao (big blind) mucked [Kc 9d]
Seat 3: alidromos folded before Flop (didn't bet)
Seat 4: Sotiris000 folded before Flop (didn't bet)
Seat 5: Lorpugo (button) showed [2c 2d] and won ($0.86) with three of a kind, Deuces
Seat 6: valterffjr2307 (small blind) folded on the River



PokerStars Hand #240779707963:  Hold'em No Limit ($0.01/$0.02 USD) - 2022/12/29 14:47:27 ET
Table 'Kolga II' 6-max Seat #6 is the button
Seat 1: Venegaviao ($2.47 in chips) 
Seat 2: DOORMANGORE ($2.08 in chips) 
Seat 3: alidromos ($2 in chips) 
Seat 4: Sotiris000 ($4.29 in chips) 
Seat 5: Lorpugo ($3.22 in chips) 
Seat 6: valterffjr2307 ($2.15 in chips) 
Venegaviao: posts small blind $0.01
DOORMANGORE: posts big blind $0.02
*** HOLE CARDS ***
Dealt to Lorpugo [5d Ks]
alidromos: raises $0.04 to $0.06
Sotiris000: folds 
Lorpugo: folds 
valterffjr2307: folds 
Venegaviao: calls $0.05
DOORMANGORE: folds 
*** FLOP *** [Kd 9c 9h]
Venegaviao: checks 
alidromos: checks 
*** TURN *** [Kd 9c 9h] [4d]
Venegaviao: checks 
alidromos: checks 
*** RIVER *** [Kd 9c 9h 4d] [4h]
Venegaviao: checks 
alidromos: checks 
*** SHOW DOWN ***
Venegaviao: shows [2d 7d] (two pair, Nines and Fours)
alidromos: shows [Qh Ad] (two pair, Nines and Fours - Ace kicker)
alidromos collected $0.14 from pot
*** SUMMARY ***
Total pot $0.14 | Rake $0 
Board [Kd 9c 9h 4d 4h]
Seat 1: Venegaviao (small blind) showed [2d 7d] and lost with two pair, Nines and Fours
Seat 2: DOORMANGORE (big blind) folded before Flop
Seat 3: alidromos showed [Qh Ad] and won ($0.14) with two pair, Nines and Fours
Seat 4: Sotiris000 folded before Flop (didn't bet)
Seat 5: Lorpugo folded before Flop (didn't bet)
Seat 6: valterffjr2307 (button) folded before Flop (didn't bet)



PokerStars Hand #240779727778:  Hold'em No Limit ($0.01/$0.02 USD) - 2022/12/29 14:48:13 ET
Table 'Kolga II' 6-max Seat #1 is the button
Seat 1: Venegaviao ($2.41 in chips) 
Seat 2: DOORMANGORE ($2.06 in chips) 
Seat 3: alidromos ($2.08 in chips) 
Seat 4: Sotiris000 ($4.29 in chips) 
Seat 5: Lorpugo ($3.22 in chips) 
Seat 6: valterffjr2307 ($2.15 in chips) 
DOORMANGORE: posts small blind $0.01
alidromos: posts big blind $0.02
*** HOLE CARDS ***
Dealt to Lorpugo [Js Jh]
Sotiris000: folds 
Lorpugo: raises $0.04 to $0.06
valterffjr2307: folds 
Venegaviao: folds 
DOORMANGORE: folds 
alidromos: folds 
Uncalled bet ($0.04) returned to Lorpugo
Lorpugo collected $0.05 from pot
Lorpugo: doesn't show hand 
*** SUMMARY ***
Total pot $0.05 | Rake $0 
Seat 1: Venegaviao (button) folded before Flop (didn't bet)
Seat 2: DOORMANGORE (small blind) folded before Flop
Seat 3: alidromos (big blind) folded before Flop
Seat 4: Sotiris000 folded before Flop (didn't bet)
Seat 5: Lorpugo collected ($0.05)
Seat 6: valterffjr2307 folded before Flop (didn't bet)



PokerStars Hand #240779736363:  Hold'em No Limit ($0.01/$0.02 USD) - 2022/12/29 14:48:33 ET
Table 'Kolga II' 6-max Seat #2 is the button
Seat 1: Venegaviao ($2.41 in chips) 
Seat 2: DOORMANGORE ($2.05 in chips) 
Seat 3: alidromos ($2.06 in chips) 
Seat 4: Sotiris000 ($4.29 in chips) 
Seat 5: Lorpugo ($3.25 in chips) 
Seat 6: valterffjr2307 ($2.15 in chips) 
alidromos: posts small blind $0.01
Sotiris000: posts big blind $0.02
*** HOLE CARDS ***
Dealt to Lorpugo [Ac 4d]
Lorpugo: folds 
valterffjr2307: folds 
Venegaviao: folds 
DOORMANGORE has timed out
DOORMANGORE: folds 
alidromos: folds 
Uncalled bet ($0.01) returned to Sotiris000
Sotiris000 collected $0.02 from pot
Sotiris000: doesn't show hand 
*** SUMMARY ***
Total pot $0.02 | Rake $0 
Seat 1: Venegaviao folded before Flop (didn't bet)
Seat 2: DOORMANGORE (button) folded before Flop (didn't bet)
Seat 3: alidromos (small blind) folded before Flop
Seat 4: Sotiris000 (big blind) collected ($0.02)
Seat 5: Lorpugo folded before Flop (didn't bet)
Seat 6: valterffjr2307 folded before Flop (didn't bet)



PokerStars Hand #240779747828:  Hold'em No Limit ($0.01/$0.02 USD) - 2022/12/29 14:48:59 ET
Table 'Kolga II' 6-max Seat #3 is the button
Seat 1: Venegaviao ($2.41 in chips) 
Seat 2: DOORMANGORE ($2.05 in chips) 
Seat 3: alidromos ($2.05 in chips) 
Seat 4: Sotiris000 ($4.30 in chips) 
Seat 5: Lorpugo ($3.25 in chips) 
Seat 6: valterffjr2307 ($2.15 in chips) 
Sotiris000: posts small blind $0.01
Lorpugo: posts big blind $0.02
*** HOLE CARDS ***
Dealt to Lorpugo [9h Jh]
valterffjr2307: calls $0.02
Venegaviao: calls $0.02
DOORMANGORE: folds 
alidromos: folds 
Sotiris000: calls $0.01
Lorpugo: checks 
*** FLOP *** [3d 6s Jd]
Sotiris000: checks 
Lorpugo: bets $0.05
valterffjr2307: calls $0.05
Venegaviao: folds 
Sotiris000: folds 
*** TURN *** [3d 6s Jd] [Ts]
Lorpugo: bets $0.11
valterffjr2307: calls $0.11
*** RIVER *** [3d 6s Jd Ts] [Js]
Lorpugo: bets $0.26
valterffjr2307: folds 
Uncalled bet ($0.26) returned to Lorpugo
Lorpugo collected $0.39 from pot
Lorpugo: doesn't show hand 
*** SUMMARY ***
Total pot $0.40 | Rake $0.01 
Board [3d 6s Jd Ts Js]
Seat 1: Venegaviao folded on the Flop
Seat 2: DOORMANGORE folded before Flop (didn't bet)
Seat 3: alidromos (button) folded before Flop (didn't bet)
Seat 4: Sotiris000 (small blind) folded on the Flop
Seat 5: Lorpugo (big blind) collected ($0.39)
Seat 6: valterffjr2307 folded on the River



PokerStars Hand #240779773785:  Hold'em No Limit ($0.01/$0.02 USD) - 2022/12/29 14:49:59 ET
Table 'Kolga II' 6-max Seat #4 is the button
Seat 1: Venegaviao ($2.39 in chips) 
Seat 2: DOORMANGORE ($2.05 in chips) 
Seat 3: alidromos ($2.05 in chips) 
Seat 4: Sotiris000 ($4.28 in chips) 
Seat 5: Lorpugo ($3.46 in chips) 
Seat 6: valterffjr2307 ($1.97 in chips) 
Lorpugo: posts small blind $0.01
valterffjr2307: posts big blind $0.02
*** HOLE CARDS ***
Dealt to Lorpugo [8s 8c]
Venegaviao: raises $0.02 to $0.04
DOORMANGORE: folds 
alidromos: folds 
Sotiris000: folds 
Lorpugo: calls $0.03
valterffjr2307: calls $0.02
*** FLOP *** [4c 9s Ah]
Lorpugo: bets $0.02
valterffjr2307: calls $0.02
Venegaviao: folds 
*** TURN *** [4c 9s Ah] [3c]
Lorpugo: bets $0.05
valterffjr2307: folds 
Uncalled bet ($0.05) returned to Lorpugo
Lorpugo collected $0.15 from pot
Lorpugo: doesn't show hand 
*** SUMMARY ***
Total pot $0.16 | Rake $0.01 
Board [4c 9s Ah 3c]
Seat 1: Venegaviao folded on the Flop
Seat 2: DOORMANGORE folded before Flop (didn't bet)
Seat 3: alidromos folded before Flop (didn't bet)
Seat 4: Sotiris000 (button) folded before Flop (didn't bet)
Seat 5: Lorpugo (small blind) collected ($0.15)
Seat 6: valterffjr2307 (big blind) folded on the Turn



PokerStars Hand #240779796429:  Hold'em No Limit ($0.01/$0.02 USD) - 2022/12/29 14:50:53 ET
Table 'Kolga II' 6-max Seat #5 is the button
Seat 1: Venegaviao ($2.35 in chips) 
Seat 2: DOORMANGORE ($2.05 in chips) 
Seat 3: alidromos ($2.05 in chips) 
Seat 4: Sotiris000 ($4.28 in chips) 
Seat 5: Lorpugo ($3.55 in chips) 
Seat 6: valterffjr2307 ($1.91 in chips) 
valterffjr2307: posts small blind $0.01
Venegaviao: posts big blind $0.02
*** HOLE CARDS ***
Dealt to Lorpugo [9h Kd]
DOORMANGORE: folds 
alidromos: folds 
Sotiris000: raises $0.02 to $0.04
Lorpugo: folds 
valterffjr2307: folds 
Venegaviao: calls $0.02
*** FLOP *** [Th 6s Ks]
Venegaviao: checks 
Sotiris000: bets $0.05
Venegaviao: raises $0.05 to $0.10
Sotiris000: calls $0.05
*** TURN *** [Th 6s Ks] [9s]
Venegaviao: checks 
Sotiris000: checks 
*** RIVER *** [Th 6s Ks 9s] [Ad]
Venegaviao: bets $0.20
Sotiris000: calls $0.20
*** SHOW DOWN ***
Venegaviao: shows [4s 2s] (a flush, King high)
Sotiris000: mucks hand 
Venegaviao collected $0.67 from pot
*** SUMMARY ***
Total pot $0.69 | Rake $0.02 
Board [Th 6s Ks 9s Ad]
Seat 1: Venegaviao (big blind) showed [4s 2s] and won ($0.67) with a flush, King high
Seat 2: DOORMANGORE folded before Flop (didn't bet)
Seat 3: alidromos folded before Flop (didn't bet)
Seat 4: Sotiris000 mucked [Ac As]
Seat 5: Lorpugo (button) folded before Flop (didn't bet)
Seat 6: valterffjr2307 (small blind) folded before Flop



PokerStars Hand #240779825508:  Hold'em No Limit ($0.01/$0.02 USD) - 2022/12/29 14:52:01 ET
Table 'Kolga II' 6-max Seat #6 is the button
Seat 1: Venegaviao ($2.68 in chips) 
Seat 2: DOORMANGORE ($2.05 in chips) 
Seat 3: alidromos ($2.05 in chips) 
Seat 4: Sotiris000 ($3.94 in chips) 
Seat 5: Lorpugo ($3.55 in chips) 
Seat 6: valterffjr2307 ($1.90 in chips) 
Venegaviao: posts small blind $0.01
DOORMANGORE: posts big blind $0.02
*** HOLE CARDS ***
Dealt to Lorpugo [5s 7d]
alidromos: folds 
Sotiris000: folds 
Lorpugo: folds 
valterffjr2307: calls $0.02
Venegaviao: folds 
DOORMANGORE: checks 
*** FLOP *** [6d Qs Td]
DOORMANGORE: checks 
valterffjr2307: checks 
*** TURN *** [6d Qs Td] [6h]
DOORMANGORE: bets $0.03
valterffjr2307: calls $0.03
*** RIVER *** [6d Qs Td 6h] [5c]
DOORMANGORE: bets $0.14
valterffjr2307: folds 
Uncalled bet ($0.14) returned to DOORMANGORE
DOORMANGORE collected $0.11 from pot
DOORMANGORE: doesn't show hand 
*** SUMMARY ***
Total pot $0.11 | Rake $0 
Board [6d Qs Td 6h 5c]
Seat 1: Venegaviao (small blind) folded before Flop
Seat 2: DOORMANGORE (big blind) collected ($0.11)
Seat 3: alidromos folded before Flop (didn't bet)
Seat 4: Sotiris000 folded before Flop (didn't bet)
Seat 5: Lorpugo folded before Flop (didn't bet)
Seat 6: valterffjr2307 (button) folded on the River



PokerStars Hand #240779844548:  Hold'em No Limit ($0.01/$0.02 USD) - 2022/12/29 14:52:45 ET
Table 'Kolga II' 6-max Seat #1 is the button
Seat 1: Venegaviao ($2.67 in chips) 
Seat 2: DOORMANGORE ($2.11 in chips) 
Seat 3: alidromos ($2.05 in chips) 
Seat 4: Sotiris000 ($3.94 in chips) 
Seat 5: Lorpugo ($3.55 in chips) 
Seat 6: valterffjr2307 ($1.85 in chips) 
DOORMANGORE: posts small blind $0.01
alidromos: posts big blind $0.02
*** HOLE CARDS ***
Dealt to Lorpugo [8c 4c]
Sotiris000: folds 
Lorpugo: folds 
valterffjr2307: calls $0.02
Venegaviao: folds 
DOORMANGORE: folds 
alidromos: checks 
*** FLOP *** [8h 2d 2c]
alidromos: checks 
valterffjr2307: checks 
*** TURN *** [8h 2d 2c] [7c]
alidromos: checks 
valterffjr2307: checks 
*** RIVER *** [8h 2d 2c 7c] [4h]
alidromos: checks 
valterffjr2307: checks 
*** SHOW DOWN ***
alidromos: shows [Th Qh] (a pair of Deuces)
valterffjr2307: mucks hand 
alidromos collected $0.05 from pot
*** SUMMARY ***
Total pot $0.05 | Rake $0 
Board [8h 2d 2c 7c 4h]
Seat 1: Venegaviao (button) folded before Flop (didn't bet)
Seat 2: DOORMANGORE (small blind) folded before Flop
Seat 3: alidromos (big blind) showed [Th Qh] and won ($0.05) with a pair of Deuces
Seat 4: Sotiris000 folded before Flop (didn't bet)
Seat 5: Lorpugo folded before Flop (didn't bet)
Seat 6: valterffjr2307 mucked [5c Jh]



PokerStars Hand #240779870086:  Hold'em No Limit ($0.01/$0.02 USD) - 2022/12/29 14:53:45 ET
Table 'Kolga II' 6-max Seat #2 is the button
Seat 1: Venegaviao ($2.67 in chips) 
Seat 2: DOORMANGORE ($2.10 in chips) 
Seat 3: alidromos ($2.08 in chips) 
Seat 4: Sotiris000 ($3.94 in chips) 
Seat 5: Lorpugo ($3.55 in chips) 
Seat 6: valterffjr2307 ($1.83 in chips) 
alidromos: posts small blind $0.01
Sotiris000: posts big blind $0.02
*** HOLE CARDS ***
Dealt to Lorpugo [6d 2s]
Lorpugo: folds 
valterffjr2307: folds 
Venegaviao: raises $0.04 to $0.06
DOORMANGORE: folds 
alidromos: calls $0.05
Sotiris000: folds 
*** FLOP *** [Jd 2c 4c]
alidromos: checks 
Venegaviao: checks 
*** TURN *** [Jd 2c 4c] [6s]
alidromos: checks 
Venegaviao: checks 
*** RIVER *** [Jd 2c 4c 6s] [Th]
alidromos: checks 
Venegaviao: checks 
*** SHOW DOWN ***
alidromos: shows [Kd Qd] (high card King)
Venegaviao: shows [8c Ah] (high card Ace)
Venegaviao collected $0.14 from pot
*** SUMMARY ***
Total pot $0.14 | Rake $0 
Board [Jd 2c 4c 6s Th]
Seat 1: Venegaviao showed [8c Ah] and won ($0.14) with high card Ace
Seat 2: DOORMANGORE (button) folded before Flop (didn't bet)
Seat 3: alidromos (small blind) showed [Kd Qd] and lost with high card King
Seat 4: Sotiris000 (big blind) folded before Flop
Seat 5: Lorpugo folded before Flop (didn't bet)
Seat 6: valterffjr2307 folded before Flop (didn't bet)



PokerStars Hand #240779894530:  Hold'em No Limit ($0.01/$0.02 USD) - 2022/12/29 14:54:42 ET
Table 'Kolga II' 6-max Seat #3 is the button
Seat 1: Venegaviao ($2.75 in chips) 
Seat 2: DOORMANGORE ($2.10 in chips) 
Seat 3: alidromos ($2.02 in chips) 
Seat 4: Sotiris000 ($3.92 in chips) 
Seat 5: Lorpugo ($3.55 in chips) 
Seat 6: valterffjr2307 ($1.83 in chips) 
Sotiris000: posts small blind $0.01
Lorpugo: posts big blind $0.02
*** HOLE CARDS ***
Dealt to Lorpugo [5h Ts]
valterffjr2307: folds 
Venegaviao: folds 
DOORMANGORE: folds 
alidromos: raises $0.03 to $0.05
Sotiris000: calls $0.04
Lorpugo: folds 
*** FLOP *** [7h As Jd]
Sotiris000: checks 
alidromos: bets $0.07
Sotiris000: folds 
Uncalled bet ($0.07) returned to alidromos
alidromos collected $0.12 from pot
alidromos: doesn't show hand 
*** SUMMARY ***
Total pot $0.12 | Rake $0 
Board [7h As Jd]
Seat 1: Venegaviao folded before Flop (didn't bet)
Seat 2: DOORMANGORE folded before Flop (didn't bet)
Seat 3: alidromos (button) collected ($0.12)
Seat 4: Sotiris000 (small blind) folded on the Flop
Seat 5: Lorpugo (big blind) folded before Flop
Seat 6: valterffjr2307 folded before Flop (didn't bet)



PokerStars Hand #240779907418:  Hold'em No Limit ($0.01/$0.02 USD) - 2022/12/29 14:55:15 ET
Table 'Kolga II' 6-max Seat #4 is the button
Seat 1: Venegaviao ($2.75 in chips) 
Seat 2: DOORMANGORE ($2.10 in chips) 
Seat 3: alidromos ($2.09 in chips) 
Seat 4: Sotiris000 ($3.87 in chips) 
Seat 5: Lorpugo ($3.53 in chips) 
Seat 6: valterffjr2307 ($1.83 in chips) 
Lorpugo: posts small blind $0.01
valterffjr2307: posts big blind $0.02
*** HOLE CARDS ***
Dealt to Lorpugo [Tc 2s]
Venegaviao: folds 
DOORMANGORE: folds 
alidromos: folds 
Sotiris000: folds 
Lorpugo: folds 
Uncalled bet ($0.01) returned to valterffjr2307
valterffjr2307 collected $0.02 from pot
*** SUMMARY ***
Total pot $0.02 | Rake $0 
Seat 1: Venegaviao folded before Flop (didn't bet)
Seat 2: DOORMANGORE folded before Flop (didn't bet)
Seat 3: alidromos folded before Flop (didn't bet)
Seat 4: Sotiris000 (button) folded before Flop (didn't bet)
Seat 5: Lorpugo (small blind) folded before Flop
Seat 6: valterffjr2307 (big blind) collected ($0.02)



PokerStars Hand #240779913056:  Hold'em No Limit ($0.01/$0.02 USD) - 2022/12/29 14:55:35 ET
Table 'Kolga II' 6-max Seat #5 is the button
Seat 1: Venegaviao ($2.75 in chips) 
Seat 2: DOORMANGORE ($2.10 in chips) 
Seat 3: alidromos ($2.09 in chips) 
Seat 4: Sotiris000 ($3.87 in chips) 
Seat 5: Lorpugo ($3.52 in chips) 
Seat 6: valterffjr2307 ($1.84 in chips) 
valterffjr2307: posts small blind $0.01
Venegaviao: posts big blind $0.02
*** HOLE CARDS ***
Dealt to Lorpugo [4h Qd]
DOORMANGORE: folds 
alidromos: folds 
Sotiris000: raises $0.02 to $0.04
Lorpugo: folds 
valterffjr2307: calls $0.03
Venegaviao: raises $0.08 to $0.12
Sotiris000: folds 
valterffjr2307: calls $0.08
*** FLOP *** [4s 7h 5h]
valterffjr2307: checks 
Venegaviao: checks 
*** TURN *** [4s 7h 5h] [3s]
valterffjr2307: checks 
Venegaviao: bets $0.14
valterffjr2307: folds 
Uncalled bet ($0.14) returned to Venegaviao
Venegaviao collected $0.27 from pot
*** SUMMARY ***
Total pot $0.28 | Rake $0.01 
Board [4s 7h 5h 3s]
Seat 1: Venegaviao (big blind) collected ($0.27)
Seat 2: DOORMANGORE folded before Flop (didn't bet)
Seat 3: alidromos folded before Flop (didn't bet)
Seat 4: Sotiris000 folded before Flop
Seat 5: Lorpugo (button) folded before Flop (didn't bet)
Seat 6: valterffjr2307 (small blind) folded on the Turn



PokerStars Hand #240779927762:  Hold'em No Limit ($0.01/$0.02 USD) - 2022/12/29 14:56:27 ET
Table 'Kolga II' 6-max Seat #6 is the button
Seat 1: Venegaviao ($2.90 in chips) 
Seat 2: DOORMANGORE ($2.10 in chips) 
Seat 3: alidromos ($2.09 in chips) 
Seat 4: Sotiris000 ($3.83 in chips) 
Seat 5: Lorpugo ($3.52 in chips) 
Seat 6: valterffjr2307 ($1.72 in chips) 
Venegaviao: posts small blind $0.01
DOORMANGORE: posts big blind $0.02
*** HOLE CARDS ***
Dealt to Lorpugo [8d Kh]
alidromos: raises $0.04 to $0.06
Sotiris000: folds 
Lorpugo: folds 
valterffjr2307: folds 
Venegaviao: calls $0.05
DOORMANGORE: folds 
*** FLOP *** [Jd 3c 9s]
Venegaviao: checks 
alidromos: bets $0.08
Venegaviao: folds 
Uncalled bet ($0.08) returned to alidromos
alidromos collected $0.14 from pot
alidromos: doesn't show hand 
*** SUMMARY ***
Total pot $0.14 | Rake $0 
Board [Jd 3c 9s]
Seat 1: Venegaviao (small blind) folded on the Flop
Seat 2: DOORMANGORE (big blind) folded before Flop
Seat 3: alidromos collected ($0.14)
Seat 4: Sotiris000 folded before Flop (didn't bet)
Seat 5: Lorpugo folded before Flop (didn't bet)
Seat 6: valterffjr2307 (button) folded before Flop (didn't bet)



PokerStars Hand #240779935469:  Hold'em No Limit ($0.01/$0.02 USD) - 2022/12/29 14:56:54 ET
Table 'Kolga II' 6-max Seat #1 is the button
Seat 1: Venegaviao ($2.84 in chips) 
Seat 2: DOORMANGORE ($2.08 in chips) 
Seat 3: alidromos ($2.17 in chips) 
Seat 4: Sotiris000 ($3.83 in chips) 
Seat 5: Lorpugo ($3.52 in chips) 
Seat 6: valterffjr2307 ($1.72 in chips) 
DOORMANGORE: posts small blind $0.01
alidromos: posts big blind $0.02
*** HOLE CARDS ***
Dealt to Lorpugo [9c 6h]
Sotiris000: folds 
Lorpugo: folds 
valterffjr2307: folds 
Venegaviao: raises $0.04 to $0.06
DOORMANGORE: folds 
alidromos: calls $0.04
*** FLOP *** [4c Jc Kh]
alidromos: checks 
Venegaviao: checks 
*** TURN *** [4c Jc Kh] [9s]
alidromos: checks 
Venegaviao: bets $0.07
alidromos: folds 
Uncalled bet ($0.07) returned to Venegaviao
Venegaviao collected $0.13 from pot
*** SUMMARY ***
Total pot $0.13 | Rake $0 
Board [4c Jc Kh 9s]
Seat 1: Venegaviao (button) collected ($0.13)
Seat 2: DOORMANGORE (small blind) folded before Flop
Seat 3: alidromos (big blind) folded on the Turn
Seat 4: Sotiris000 folded before Flop (didn't bet)
Seat 5: Lorpugo folded before Flop (didn't bet)
Seat 6: valterffjr2307 folded before Flop (didn't bet)



PokerStars Hand #240779948548:  Hold'em No Limit ($0.01/$0.02 USD) - 2022/12/29 14:57:41 ET
Table 'Kolga II' 6-max Seat #2 is the button
Seat 1: Venegaviao ($2.91 in chips) 
Seat 2: DOORMANGORE ($2.07 in chips) 
Seat 3: alidromos ($2.11 in chips) 
Seat 4: Sotiris000 ($3.83 in chips) 
Seat 5: Lorpugo ($3.52 in chips) 
Seat 6: valterffjr2307 ($1.72 in chips) 
alidromos: posts small blind $0.01
Sotiris000: posts big blind $0.02
*** HOLE CARDS ***
Dealt to Lorpugo [2h 6h]
Lorpugo: folds 
valterffjr2307: folds 
Venegaviao: raises $0.02 to $0.04
DOORMANGORE: raises $0.11 to $0.15
alidromos: folds 
Sotiris000: folds 
Venegaviao: calls $0.11
*** FLOP *** [6s As 3c]
Venegaviao: checks 
DOORMANGORE: bets $0.11
Venegaviao: calls $0.11
*** TURN *** [6s As 3c] [4s]
Venegaviao: checks 
DOORMANGORE: bets $0.35
Venegaviao: calls $0.35
*** RIVER *** [6s As 3c 4s] [7h]
Venegaviao: bets $2.30 and is all-in
DOORMANGORE: calls $1.46 and is all-in
Uncalled bet ($0.84) returned to Venegaviao
*** SHOW DOWN ***
Venegaviao: shows [8s 9s] (a flush, Ace high)
DOORMANGORE: shows [3h Ac] (two pair, Aces and Threes)
Venegaviao collected $4.02 from pot
*** SUMMARY ***
Total pot $4.17 | Rake $0.15 
Board [6s As 3c 4s 7h]
Seat 1: Venegaviao showed [8s 9s] and won ($4.02) with a flush, Ace high
Seat 2: DOORMANGORE (button) showed [3h Ac] and lost with two pair, Aces and Threes
Seat 3: alidromos (small blind) folded before Flop
Seat 4: Sotiris000 (big blind) folded before Flop
Seat 5: Lorpugo folded before Flop (didn't bet)
Seat 6: valterffjr2307 folded before Flop (didn't bet)



PokerStars Hand #240779969857:  Hold'em No Limit ($0.01/$0.02 USD) - 2022/12/29 14:58:56 ET
Table 'Kolga II' 6-max Seat #3 is the button
Seat 1: Venegaviao ($4.86 in chips) 
Seat 2: DOORMANGORE ($2 in chips) 
Seat 3: alidromos ($2.10 in chips) 
Seat 4: Sotiris000 ($3.81 in chips) 
Seat 5: Lorpugo ($3.52 in chips) 
Seat 6: valterffjr2307 ($1.72 in chips) 
Sotiris000: posts small blind $0.01
Lorpugo: posts big blind $0.02
*** HOLE CARDS ***
Dealt to Lorpugo [6s 5c]
valterffjr2307: folds 
Venegaviao: folds 
DOORMANGORE: folds 
alidromos: folds 
Sotiris000: folds 
Uncalled bet ($0.01) returned to Lorpugo
Lorpugo collected $0.02 from pot
Lorpugo: doesn't show hand 
*** SUMMARY ***
Total pot $0.02 | Rake $0 
Seat 1: Venegaviao folded before Flop (didn't bet)
Seat 2: DOORMANGORE folded before Flop (didn't bet)
Seat 3: alidromos (button) folded before Flop (didn't bet)
Seat 4: Sotiris000 (small blind) folded before Flop
Seat 5: Lorpugo (big blind) collected ($0.02)
Seat 6: valterffjr2307 folded before Flop (didn't bet)



PokerStars Hand #240779975649:  Hold'em No Limit ($0.01/$0.02 USD) - 2022/12/29 14:59:16 ET
Table 'Kolga II' 6-max Seat #4 is the button
Seat 1: Venegaviao ($4.86 in chips) 
Seat 2: DOORMANGORE ($2 in chips) 
Seat 3: alidromos ($2.10 in chips) 
Seat 4: Sotiris000 ($3.80 in chips) 
Seat 5: Lorpugo ($3.53 in chips) 
Seat 6: valterffjr2307 ($1.72 in chips) 
Lorpugo: posts small blind $0.01
valterffjr2307: posts big blind $0.02
*** HOLE CARDS ***
Dealt to Lorpugo [2h 2s]
Venegaviao has timed out
Venegaviao: folds 
DOORMANGORE: folds 
alidromos: folds 
Sotiris000: folds 
Lorpugo: raises $0.04 to $0.06
valterffjr2307: folds 
Uncalled bet ($0.04) returned to Lorpugo
Lorpugo collected $0.04 from pot
Lorpugo: doesn't show hand 
*** SUMMARY ***
Total pot $0.04 | Rake $0 
Seat 1: Venegaviao folded before Flop (didn't bet)
Seat 2: DOORMANGORE folded before Flop (didn't bet)
Seat 3: alidromos folded before Flop (didn't bet)
Seat 4: Sotiris000 (button) folded before Flop (didn't bet)
Seat 5: Lorpugo (small blind) collected ($0.04)
Seat 6: valterffjr2307 (big blind) folded before Flop



PokerStars Hand #240779982401:  Hold'em No Limit ($0.01/$0.02 USD) - 2022/12/29 14:59:39 ET
Table 'Kolga II' 6-max Seat #5 is the button
Seat 1: Venegaviao ($4.86 in chips) 
Seat 2: DOORMANGORE ($2 in chips) 
Seat 3: alidromos ($2.10 in chips) 
Seat 4: Sotiris000 ($3.80 in chips) 
Seat 5: Lorpugo ($3.55 in chips) 
Seat 6: valterffjr2307 ($1.70 in chips) 
valterffjr2307: posts small blind $0.01
Venegaviao: posts big blind $0.02
*** HOLE CARDS ***
Dealt to Lorpugo [Th 3c]
DOORMANGORE: folds 
alidromos: folds 
Sotiris000: raises $0.02 to $0.04
Lorpugo: folds 
valterffjr2307: folds 
Venegaviao: calls $0.02
*** FLOP *** [Tc 5d 6h]
Venegaviao: checks 
Sotiris000: checks 
*** TURN *** [Tc 5d 6h] [Td]
Venegaviao: checks 
Sotiris000: checks 
*** RIVER *** [Tc 5d 6h Td] [9d]
Venegaviao: checks 
Sotiris000: checks 
*** SHOW DOWN ***
Venegaviao: shows [3d Ac] (a pair of Tens)
Sotiris000: mucks hand 
Venegaviao collected $0.09 from pot
*** SUMMARY ***
Total pot $0.09 | Rake $0 
Board [Tc 5d 6h Td 9d]
Seat 1: Venegaviao (big blind) showed [3d Ac] and won ($0.09) with a pair of Tens
Seat 2: DOORMANGORE folded before Flop (didn't bet)
Seat 3: alidromos folded before Flop (didn't bet)
Seat 4: Sotiris000 mucked [Qh Kc]
Seat 5: Lorpugo (button) folded before Flop (didn't bet)
Seat 6: valterffjr2307 (small blind) folded before Flop



PokerStars Hand #240779995111:  Hold'em No Limit ($0.01/$0.02 USD) - 2022/12/29 15:00:22 ET
Table 'Kolga II' 6-max Seat #6 is the button
Seat 1: Venegaviao ($4.91 in chips) 
Seat 3: alidromos ($2.10 in chips) 
Seat 4: Sotiris000 ($3.76 in chips) 
Seat 5: Lorpugo ($3.55 in chips) 
Seat 6: valterffjr2307 ($1.69 in chips) 
Venegaviao: posts small blind $0.01
alidromos: posts big blind $0.02
*** HOLE CARDS ***
Dealt to Lorpugo [2c Qs]
Sotiris000: raises $0.04 to $0.06
Lorpugo: folds 
valterffjr2307: calls $0.06
Venegaviao: calls $0.05
alidromos: folds 
*** FLOP *** [6h Jc Tc]
Venegaviao: checks 
Sotiris000: bets $0.06
valterffjr2307: raises $0.31 to $0.37
Venegaviao: folds 
Sotiris000: calls $0.31
*** TURN *** [6h Jc Tc] [9h]
Sotiris000: checks 
valterffjr2307: bets $0.91
Sotiris000: folds 
Uncalled bet ($0.91) returned to valterffjr2307
valterffjr2307 collected $0.91 from pot
*** SUMMARY ***
Total pot $0.94 | Rake $0.03 
Board [6h Jc Tc 9h]
Seat 1: Venegaviao (small blind) folded on the Flop
Seat 3: alidromos (big blind) folded before Flop
Seat 4: Sotiris000 folded on the Turn
Seat 5: Lorpugo folded before Flop (didn't bet)
Seat 6: valterffjr2307 (button) collected ($0.91)



PokerStars Hand #240780016830:  Hold'em No Limit ($0.01/$0.02 USD) - 2022/12/29 15:01:28 ET
Table 'Kolga II' 6-max Seat #1 is the button
Seat 1: Venegaviao ($4.85 in chips) 
Seat 3: alidromos ($2.08 in chips) 
Seat 4: Sotiris000 ($3.33 in chips) 
Seat 5: Lorpugo ($3.55 in chips) 
Seat 6: valterffjr2307 ($2.17 in chips) 
alidromos: posts small blind $0.01
Sotiris000: posts big blind $0.02
*** HOLE CARDS ***
Dealt to Lorpugo [7c 6d]
Lorpugo: folds 
valterffjr2307: folds 
Venegaviao: calls $0.02
alidromos: folds 
Sotiris000: checks 
*** FLOP *** [Kh 9d 4h]
Sotiris000: checks 
Venegaviao: bets $0.04
Sotiris000: folds 
Uncalled bet ($0.04) returned to Venegaviao
Venegaviao collected $0.05 from pot
*** SUMMARY ***
Total pot $0.05 | Rake $0 
Board [Kh 9d 4h]
Seat 1: Venegaviao (button) collected ($0.05)
Seat 3: alidromos (small blind) folded before Flop
Seat 4: Sotiris000 (big blind) folded on the Flop
Seat 5: Lorpugo folded before Flop (didn't bet)
Seat 6: valterffjr2307 folded before Flop (didn't bet)



PokerStars Hand #240780026835:  Hold'em No Limit ($0.01/$0.02 USD) - 2022/12/29 15:01:53 ET
Table 'Kolga II' 6-max Seat #3 is the button
Seat 1: Venegaviao ($4.88 in chips) 
Seat 2: DOORMANGORE ($2 in chips) 
Seat 3: alidromos ($2.07 in chips) 
Seat 4: Sotiris000 ($3.31 in chips) 
Seat 5: Lorpugo ($3.55 in chips) 
Seat 6: valterffjr2307 ($2.17 in chips) 
Sotiris000: posts small blind $0.01
Lorpugo: posts big blind $0.02
DOORMANGORE: posts small & big blinds $0.03
*** HOLE CARDS ***
Dealt to Lorpugo [8c Td]
valterffjr2307: folds 
Venegaviao: folds 
DOORMANGORE: checks 
alidromos: folds 
Sotiris000: folds 
Lorpugo: checks 
*** FLOP *** [3s Ac 9s]
Lorpugo: checks 
DOORMANGORE: checks 
*** TURN *** [3s Ac 9s] [9h]
Lorpugo: bets $0.03
DOORMANGORE: folds 
Uncalled bet ($0.03) returned to Lorpugo
Lorpugo collected $0.06 from pot
Lorpugo: doesn't show hand 
*** SUMMARY ***
Total pot $0.06 | Rake $0 
Board [3s Ac 9s 9h]
Seat 1: Venegaviao folded before Flop (didn't bet)
Seat 2: DOORMANGORE folded on the Turn (didn't bet)
Seat 3: alidromos (button) folded before Flop (didn't bet)
Seat 4: Sotiris000 (small blind) folded before Flop
Seat 5: Lorpugo (big blind) collected ($0.06)
Seat 6: valterffjr2307 folded before Flop (didn't bet)



PokerStars Hand #240780041717:  Hold'em No Limit ($0.01/$0.02 USD) - 2022/12/29 15:02:30 ET
Table 'Kolga II' 6-max Seat #4 is the button
Seat 1: Venegaviao ($4.88 in chips) 
Seat 2: DOORMANGORE ($1.97 in chips) 
Seat 3: alidromos ($2.07 in chips) 
Seat 4: Sotiris000 ($3.30 in chips) 
Seat 5: Lorpugo ($3.59 in chips) 
Seat 6: valterffjr2307 ($2.17 in chips) 
Lorpugo: posts small blind $0.01
valterffjr2307: posts big blind $0.02
*** HOLE CARDS ***
Dealt to Lorpugo [8h 4c]
Venegaviao: folds 
DOORMANGORE: folds 
alidromos: folds 
Sotiris000: folds 
Lorpugo: folds 
Uncalled bet ($0.01) returned to valterffjr2307
valterffjr2307 collected $0.02 from pot
*** SUMMARY ***
Total pot $0.02 | Rake $0 
Seat 1: Venegaviao folded before Flop (didn't bet)
Seat 2: DOORMANGORE folded before Flop (didn't bet)
Seat 3: alidromos folded before Flop (didn't bet)
Seat 4: Sotiris000 (button) folded before Flop (didn't bet)
Seat 5: Lorpugo (small blind) folded before Flop
Seat 6: valterffjr2307 (big blind) collected ($0.02)



PokerStars Hand #240780049599:  Hold'em No Limit ($0.01/$0.02 USD) - 2022/12/29 15:02:49 ET
Table 'Kolga II' 6-max Seat #5 is the button
Seat 1: Venegaviao ($4.88 in chips) 
Seat 2: DOORMANGORE ($1.97 in chips) 
Seat 3: alidromos ($2.07 in chips) 
Seat 4: Sotiris000 ($3.30 in chips) 
Seat 5: Lorpugo ($3.58 in chips) 
Seat 6: valterffjr2307 ($2.18 in chips) 
valterffjr2307: posts small blind $0.01
Venegaviao: posts big blind $0.02
*** HOLE CARDS ***
Dealt to Lorpugo [Ac Ks]
DOORMANGORE: folds 
alidromos: folds 
Sotiris000: folds 
Lorpugo: raises $0.04 to $0.06
valterffjr2307: folds 
Venegaviao: folds 
Uncalled bet ($0.04) returned to Lorpugo
Lorpugo collected $0.05 from pot
Lorpugo: doesn't show hand 
*** SUMMARY ***
Total pot $0.05 | Rake $0 
Seat 1: Venegaviao (big blind) folded before Flop
Seat 2: DOORMANGORE folded before Flop (didn't bet)
Seat 3: alidromos folded before Flop (didn't bet)
Seat 4: Sotiris000 folded before Flop (didn't bet)
Seat 5: Lorpugo (button) collected ($0.05)
Seat 6: valterffjr2307 (small blind) folded before Flop



PokerStars Hand #240780056389:  Hold'em No Limit ($0.01/$0.02 USD) - 2022/12/29 15:03:06 ET
Table 'Kolga II' 6-max Seat #6 is the button
Seat 1: Venegaviao ($4.86 in chips) 
Seat 3: alidromos ($2.07 in chips) 
Seat 4: Sotiris000 ($3.30 in chips) 
Seat 5: Lorpugo ($3.61 in chips) 
Seat 6: valterffjr2307 ($2.17 in chips) 
Venegaviao: posts small blind $0.01
alidromos: posts big blind $0.02
*** HOLE CARDS ***
Dealt to Lorpugo [7s Ac]
Sotiris000: folds 
DOORMANGORE leaves the table
Lorpugo: raises $0.04 to $0.06
valterffjr2307: folds 
Venegaviao: folds 
alidromos: folds 
Uncalled bet ($0.04) returned to Lorpugo
Lorpugo collected $0.05 from pot
Lorpugo: doesn't show hand 
*** SUMMARY ***
Total pot $0.05 | Rake $0 
Seat 1: Venegaviao (small blind) folded before Flop
Seat 3: alidromos (big blind) folded before Flop
Seat 4: Sotiris000 folded before Flop (didn't bet)
Seat 5: Lorpugo collected ($0.05)
Seat 6: valterffjr2307 (button) folded before Flop (didn't bet)



PokerStars Hand #240780066907:  Hold'em No Limit ($0.01/$0.02 USD) - 2022/12/29 15:03:31 ET
Table 'Kolga II' 6-max Seat #1 is the button
Seat 1: Venegaviao ($4.85 in chips) 
Seat 3: alidromos ($2.05 in chips) 
Seat 4: Sotiris000 ($3.30 in chips) 
Seat 5: Lorpugo ($3.64 in chips) 
Seat 6: valterffjr2307 ($2.17 in chips) 
alidromos: posts small blind $0.01
Sotiris000: posts big blind $0.02
*** HOLE CARDS ***
Dealt to Lorpugo [Td Kc]
Lorpugo: raises $0.04 to $0.06
valterffjr2307: folds 
OldNeverWin joins the table at seat #2 
Venegaviao: folds 
alidromos: folds 
Sotiris000: folds 
Uncalled bet ($0.04) returned to Lorpugo
Lorpugo collected $0.05 from pot
Lorpugo: doesn't show hand 
*** SUMMARY ***
Total pot $0.05 | Rake $0 
Seat 1: Venegaviao (button) folded before Flop (didn't bet)
Seat 3: alidromos (small blind) folded before Flop
Seat 4: Sotiris000 (big blind) folded before Flop
Seat 5: Lorpugo collected ($0.05)
Seat 6: valterffjr2307 folded before Flop (didn't bet)



PokerStars Hand #240780072602:  Hold'em No Limit ($0.01/$0.02 USD) - 2022/12/29 15:03:44 ET
Table 'Kolga II' 6-max Seat #3 is the button
Seat 1: Venegaviao ($4.85 in chips) 
Seat 3: alidromos ($2.04 in chips) 
Seat 4: Sotiris000 ($3.28 in chips) 
Seat 5: Lorpugo ($3.67 in chips) 
Seat 6: valterffjr2307 ($2.17 in chips) 
Sotiris000: posts small blind $0.01
Lorpugo: posts big blind $0.02
*** HOLE CARDS ***
Dealt to Lorpugo [2s Kh]
valterffjr2307: folds 
Venegaviao: folds 
alidromos: folds 
Sotiris000: folds 
Uncalled bet ($0.01) returned to Lorpugo
Lorpugo collected $0.02 from pot
Lorpugo: doesn't show hand 
*** SUMMARY ***
Total pot $0.02 | Rake $0 
Seat 1: Venegaviao folded before Flop (didn't bet)
Seat 3: alidromos (button) folded before Flop (didn't bet)
Seat 4: Sotiris000 (small blind) folded before Flop
Seat 5: Lorpugo (big blind) collected ($0.02)
Seat 6: valterffjr2307 folded before Flop (didn't bet)



PokerStars Hand #240780078829:  Hold'em No Limit ($0.01/$0.02 USD) - 2022/12/29 15:03:58 ET
Table 'Kolga II' 6-max Seat #4 is the button
Seat 1: Venegaviao ($4.85 in chips) 
Seat 3: alidromos ($2.04 in chips) 
Seat 4: Sotiris000 ($3.27 in chips) 
Seat 5: Lorpugo ($3.68 in chips) 
Seat 6: valterffjr2307 ($2.17 in chips) 
Lorpugo: posts small blind $0.01
valterffjr2307: posts big blind $0.02
*** HOLE CARDS ***
Dealt to Lorpugo [Tc Th]
Venegaviao: folds 
alidromos: folds 
Sotiris000: folds 
Lorpugo: raises $0.04 to $0.06
valterffjr2307: folds 
Uncalled bet ($0.04) returned to Lorpugo
Lorpugo collected $0.04 from pot
Lorpugo: doesn't show hand 
*** SUMMARY ***
Total pot $0.04 | Rake $0 
Seat 1: Venegaviao folded before Flop (didn't bet)
Seat 3: alidromos folded before Flop (didn't bet)
Seat 4: Sotiris000 (button) folded before Flop (didn't bet)
Seat 5: Lorpugo (small blind) collected ($0.04)
Seat 6: valterffjr2307 (big blind) folded before Flop



PokerStars Hand #240780089854:  Hold'em No Limit ($0.01/$0.02 USD) - 2022/12/29 15:04:25 ET
Table 'Kolga II' 6-max Seat #5 is the button
Seat 1: Venegaviao ($4.85 in chips) 
Seat 3: alidromos ($2.04 in chips) 
Seat 4: Sotiris000 ($3.27 in chips) 
Seat 5: Lorpugo ($3.70 in chips) 
Seat 6: valterffjr2307 ($2.15 in chips) 
valterffjr2307: posts small blind $0.01
Venegaviao: posts big blind $0.02
*** HOLE CARDS ***
Dealt to Lorpugo [5s 8c]
alidromos: folds 
Sotiris000: raises $0.02 to $0.04
Lorpugo: folds 
valterffjr2307: folds 
Venegaviao: calls $0.02
*** FLOP *** [7d 2h Qd]
Venegaviao: checks 
Sotiris000: checks 
*** TURN *** [7d 2h Qd] [6s]
Venegaviao: checks 
Sotiris000: checks 
*** RIVER *** [7d 2h Qd 6s] [8d]
Venegaviao: checks 
Sotiris000: checks 
*** SHOW DOWN ***
Venegaviao: shows [2c Kd] (a pair of Deuces)
Sotiris000: shows [3s 3c] (a pair of Threes)
Sotiris000 collected $0.09 from pot
*** SUMMARY ***
Total pot $0.09 | Rake $0 
Board [7d 2h Qd 6s 8d]
Seat 1: Venegaviao (big blind) showed [2c Kd] and lost with a pair of Deuces
Seat 3: alidromos folded before Flop (didn't bet)
Seat 4: Sotiris000 showed [3s 3c] and won ($0.09) with a pair of Threes
Seat 5: Lorpugo (button) folded before Flop (didn't bet)
Seat 6: valterffjr2307 (small blind) folded before Flop



PokerStars Hand #240780105002:  Hold'em No Limit ($0.01/$0.02 USD) - 2022/12/29 15:04:59 ET
Table 'Kolga II' 6-max Seat #6 is the button
Seat 1: Venegaviao ($4.81 in chips) 
Seat 2: OldNeverWin ($2 in chips) 
Seat 3: alidromos ($2.04 in chips) 
Seat 4: Sotiris000 ($3.32 in chips) 
Seat 5: Lorpugo ($3.70 in chips) 
Seat 6: valterffjr2307 ($2.14 in chips) 
Venegaviao: posts small blind $0.01
OldNeverWin: posts big blind $0.02
*** HOLE CARDS ***
Dealt to Lorpugo [Ad 7h]
alidromos: folds 
Sotiris000: folds 
Lorpugo: raises $0.04 to $0.06
valterffjr2307: calls $0.06
Venegaviao: folds 
OldNeverWin: calls $0.04
*** FLOP *** [6d 3c 5h]
OldNeverWin: bets $0.04
Lorpugo: calls $0.04
valterffjr2307: calls $0.04
*** TURN *** [6d 3c 5h] [7s]
OldNeverWin: bets $0.04
Lorpugo: calls $0.04
valterffjr2307: calls $0.04
*** RIVER *** [6d 3c 5h 7s] [Jd]
OldNeverWin: bets $0.04
Lorpugo: calls $0.04
valterffjr2307: raises $0.53 to $0.57
OldNeverWin: folds 
Lorpugo: folds 
Uncalled bet ($0.53) returned to valterffjr2307
valterffjr2307 collected $0.53 from pot
*** SUMMARY ***
Total pot $0.55 | Rake $0.02 
Board [6d 3c 5h 7s Jd]
Seat 1: Venegaviao (small blind) folded before Flop
Seat 2: OldNeverWin (big blind) folded on the River
Seat 3: alidromos folded before Flop (didn't bet)
Seat 4: Sotiris000 folded before Flop (didn't bet)
Seat 5: Lorpugo folded on the River
Seat 6: valterffjr2307 (button) collected ($0.53)



PokerStars Hand #240780130216:  Hold'em No Limit ($0.01/$0.02 USD) - 2022/12/29 15:05:55 ET
Table 'Kolga II' 6-max Seat #1 is the button
Seat 1: Venegaviao ($4.80 in chips) 
Seat 2: OldNeverWin ($2 in chips) 
Seat 3: alidromos ($2.04 in chips) 
Seat 4: Sotiris000 ($3.32 in chips) 
Seat 5: Lorpugo ($3.52 in chips) 
Seat 6: valterffjr2307 ($2.49 in chips) 
OldNeverWin: posts small blind $0.01
alidromos: posts big blind $0.02
*** HOLE CARDS ***
Dealt to Lorpugo [Jh Kd]
Sotiris000: folds 
Lorpugo: raises $0.04 to $0.06
valterffjr2307: folds 
Venegaviao: calls $0.06
OldNeverWin: folds 
alidromos: raises $0.20 to $0.26
Lorpugo: folds 
Venegaviao: calls $0.20
*** FLOP *** [7h 7d Th]
alidromos: bets $0.34
Venegaviao: folds 
Uncalled bet ($0.34) returned to alidromos
alidromos collected $0.57 from pot
alidromos: doesn't show hand 
*** SUMMARY ***
Total pot $0.59 | Rake $0.02 
Board [7h 7d Th]
Seat 1: Venegaviao (button) folded on the Flop
Seat 2: OldNeverWin (small blind) folded before Flop
Seat 3: alidromos (big blind) collected ($0.57)
Seat 4: Sotiris000 folded before Flop (didn't bet)
Seat 5: Lorpugo folded before Flop
Seat 6: valterffjr2307 folded before Flop (didn't bet)



PokerStars Hand #240780153658:  Hold'em No Limit ($0.01/$0.02 USD) - 2022/12/29 15:06:47 ET
Table 'Kolga II' 6-max Seat #2 is the button
Seat 1: Venegaviao ($4.54 in chips) 
Seat 2: OldNeverWin ($2 in chips) 
Seat 3: alidromos ($2.35 in chips) 
Seat 4: Sotiris000 ($3.32 in chips) 
Seat 5: Lorpugo ($3.46 in chips) 
Seat 6: valterffjr2307 ($2.49 in chips) 
alidromos: posts small blind $0.01
Sotiris000: posts big blind $0.02
*** HOLE CARDS ***
Dealt to Lorpugo [7d Kd]
Lorpugo: folds 
valterffjr2307: calls $0.02
Venegaviao: calls $0.02
OldNeverWin: folds 
alidromos: folds 
Sotiris000: checks 
*** FLOP *** [9s Kc Ac]
Sotiris000: checks 
valterffjr2307: checks 
Venegaviao: checks 
*** TURN *** [9s Kc Ac] [Ts]
Sotiris000: checks 
valterffjr2307: checks 
Venegaviao: checks 
*** RIVER *** [9s Kc Ac Ts] [7h]
Sotiris000: checks 
valterffjr2307: checks 
Venegaviao: checks 
*** SHOW DOWN ***
Sotiris000: shows [5s 7c] (a pair of Sevens)
valterffjr2307: mucks hand 
Venegaviao: mucks hand 
Sotiris000 collected $0.07 from pot
*** SUMMARY ***
Total pot $0.07 | Rake $0 
Board [9s Kc Ac Ts 7h]
Seat 1: Venegaviao mucked [6h 4h]
Seat 2: OldNeverWin (button) folded before Flop (didn't bet)
Seat 3: alidromos (small blind) folded before Flop
Seat 4: Sotiris000 (big blind) showed [5s 7c] and won ($0.07) with a pair of Sevens
Seat 5: Lorpugo folded before Flop (didn't bet)
Seat 6: valterffjr2307 mucked [5h 5c]



PokerStars Hand #240780171879:  Hold'em No Limit ($0.01/$0.02 USD) - 2022/12/29 15:07:27 ET
Table 'Kolga II' 6-max Seat #3 is the button
Seat 1: Venegaviao ($4.52 in chips) 
Seat 2: OldNeverWin ($2 in chips) 
Seat 3: alidromos ($2.34 in chips) 
Seat 4: Sotiris000 ($3.37 in chips) 
Seat 5: Lorpugo ($3.46 in chips) 
Seat 6: valterffjr2307 ($2.47 in chips) 
Sotiris000: posts small blind $0.01
Lorpugo: posts big blind $0.02
*** HOLE CARDS ***
Dealt to Lorpugo [Js 4h]
valterffjr2307: folds 
Venegaviao: raises $0.04 to $0.06
OldNeverWin: folds 
alidromos: folds 
Sotiris000: folds 
Lorpugo: folds 
Uncalled bet ($0.04) returned to Venegaviao
Venegaviao collected $0.05 from pot
*** SUMMARY ***
Total pot $0.05 | Rake $0 
Seat 1: Venegaviao collected ($0.05)
Seat 2: OldNeverWin folded before Flop (didn't bet)
Seat 3: alidromos (button) folded before Flop (didn't bet)
Seat 4: Sotiris000 (small blind) folded before Flop
Seat 5: Lorpugo (big blind) folded before Flop
Seat 6: valterffjr2307 folded before Flop (didn't bet)



PokerStars Hand #240780182002:  Hold'em No Limit ($0.01/$0.02 USD) - 2022/12/29 15:07:50 ET
Table 'Kolga II' 6-max Seat #4 is the button
Seat 1: Venegaviao ($4.55 in chips) 
Seat 2: OldNeverWin ($2 in chips) 
Seat 3: alidromos ($2.34 in chips) 
Seat 4: Sotiris000 ($3.36 in chips) 
Seat 5: Lorpugo ($3.44 in chips) 
Seat 6: valterffjr2307 ($2.47 in chips) 
Lorpugo: posts small blind $0.01
valterffjr2307: posts big blind $0.02
*** HOLE CARDS ***
Dealt to Lorpugo [Td 2d]
Venegaviao: folds 
OldNeverWin: raises $0.04 to $0.06
alidromos: folds 
Sotiris000: folds 
Lorpugo: folds 
valterffjr2307: folds 
Uncalled bet ($0.04) returned to OldNeverWin
OldNeverWin collected $0.05 from pot
*** SUMMARY ***
Total pot $0.05 | Rake $0 
Seat 1: Venegaviao folded before Flop (didn't bet)
Seat 2: OldNeverWin collected ($0.05)
Seat 3: alidromos folded before Flop (didn't bet)
Seat 4: Sotiris000 (button) folded before Flop (didn't bet)
Seat 5: Lorpugo (small blind) folded before Flop
Seat 6: valterffjr2307 (big blind) folded before Flop



PokerStars Hand #240780189554:  Hold'em No Limit ($0.01/$0.02 USD) - 2022/12/29 15:08:06 ET
Table 'Kolga II' 6-max Seat #5 is the button
Seat 1: Venegaviao ($4.55 in chips) 
Seat 2: OldNeverWin ($2.03 in chips) 
Seat 3: alidromos ($2.34 in chips) 
Seat 4: Sotiris000 ($3.36 in chips) 
Seat 5: Lorpugo ($3.43 in chips) 
Seat 6: valterffjr2307 ($2.45 in chips) 
valterffjr2307: posts small blind $0.01
Venegaviao: posts big blind $0.02
*** HOLE CARDS ***
Dealt to Lorpugo [9s 2h]
OldNeverWin: folds 
alidromos: raises $0.04 to $0.06
Sotiris000: folds 
Lorpugo: folds 
valterffjr2307: folds 
Venegaviao: calls $0.04
*** FLOP *** [4c Ks Qh]
Venegaviao: checks 
alidromos: checks 
*** TURN *** [4c Ks Qh] [5d]
Venegaviao: checks 
alidromos: checks 
*** RIVER *** [4c Ks Qh 5d] [Kd]
Venegaviao: checks 
alidromos: checks 
*** SHOW DOWN ***
Venegaviao: shows [3s As] (a pair of Kings)
alidromos: shows [Ah 8h] (a pair of Kings - Ace+Queen+Eight kicker)
alidromos collected $0.13 from pot
*** SUMMARY ***
Total pot $0.13 | Rake $0 
Board [4c Ks Qh 5d Kd]
Seat 1: Venegaviao (big blind) showed [3s As] and lost with a pair of Kings
Seat 2: OldNeverWin folded before Flop (didn't bet)
Seat 3: alidromos showed [Ah 8h] and won ($0.13) with a pair of Kings
Seat 4: Sotiris000 folded before Flop (didn't bet)
Seat 5: Lorpugo (button) folded before Flop (didn't bet)
Seat 6: valterffjr2307 (small blind) folded before Flop



PokerStars Hand #240780211553:  Hold'em No Limit ($0.01/$0.02 USD) - 2022/12/29 15:08:55 ET
Table 'Kolga II' 6-max Seat #6 is the button
Seat 1: Venegaviao ($4.49 in chips) 
Seat 2: OldNeverWin ($2.03 in chips) 
Seat 3: alidromos ($2.41 in chips) 
Seat 4: Sotiris000 ($3.36 in chips) 
Seat 5: Lorpugo ($3.43 in chips) 
Seat 6: valterffjr2307 ($2.44 in chips) 
Venegaviao: posts small blind $0.01
OldNeverWin: posts big blind $0.02
*** HOLE CARDS ***
Dealt to Lorpugo [8s 9d]
alidromos: folds 
Sotiris000: raises $0.04 to $0.06
Lorpugo: folds 
valterffjr2307: folds 
Venegaviao: folds 
OldNeverWin: calls $0.04
*** FLOP *** [7d Td 5s]
OldNeverWin: checks 
Sotiris000: bets $0.04
OldNeverWin: calls $0.04
*** TURN *** [7d Td 5s] [5c]
OldNeverWin: checks 
Sotiris000: checks 
*** RIVER *** [7d Td 5s 5c] [Kd]
OldNeverWin: checks 
Sotiris000: bets $0.10
OldNeverWin: folds 
Uncalled bet ($0.10) returned to Sotiris000
Sotiris000 collected $0.20 from pot
Sotiris000: doesn't show hand 
*** SUMMARY ***
Total pot $0.21 | Rake $0.01 
Board [7d Td 5s 5c Kd]
Seat 1: Venegaviao (small blind) folded before Flop
Seat 2: OldNeverWin (big blind) folded on the River
Seat 3: alidromos folded before Flop (didn't bet)
Seat 4: Sotiris000 collected ($0.20)
Seat 5: Lorpugo folded before Flop (didn't bet)
Seat 6: valterffjr2307 (button) folded before Flop (didn't bet)



PokerStars Hand #240780236448:  Hold'em No Limit ($0.01/$0.02 USD) - 2022/12/29 15:09:50 ET
Table 'Kolga II' 6-max Seat #1 is the button
Seat 1: Venegaviao ($4.48 in chips) 
Seat 2: OldNeverWin ($2 in chips) 
Seat 3: alidromos ($2.41 in chips) 
Seat 4: Sotiris000 ($3.46 in chips) 
Seat 5: Lorpugo ($3.43 in chips) 
Seat 6: valterffjr2307 ($2.44 in chips) 
OldNeverWin: posts small blind $0.01
alidromos: posts big blind $0.02
*** HOLE CARDS ***
Dealt to Lorpugo [4d 4c]
Sotiris000: raises $0.04 to $0.06
Lorpugo: calls $0.06
valterffjr2307: folds 
Venegaviao: folds 
OldNeverWin: raises $0.20 to $0.26
alidromos: folds 
Sotiris000: folds 
Lorpugo: folds 
Uncalled bet ($0.20) returned to OldNeverWin
OldNeverWin collected $0.20 from pot
*** SUMMARY ***
Total pot $0.20 | Rake $0 
Seat 1: Venegaviao (button) folded before Flop (didn't bet)
Seat 2: OldNeverWin (small blind) collected ($0.20)
Seat 3: alidromos (big blind) folded before Flop
Seat 4: Sotiris000 folded before Flop
Seat 5: Lorpugo folded before Flop
Seat 6: valterffjr2307 folded before Flop (didn't bet)



