PokerStars Hand #240917786096: Tournament #3526321157, $0.23+$0.02 USD Hold'em No Limit - Level I (10/20) - 2023/01/04 18:53:41 ET
Table '3526321157 1' 3-max Seat #1 is the button
Seat 1: Toni197534 (500 in chips) 
Seat 2: Lorpugo (500 in chips) 
Seat 3: GG Lane (500 in chips) 
Lorpugo: posts small blind 10
GG Lane: posts big blind 20
*** HOLE CARDS ***
Dealt to Lorpugo [3d 5d]
Toni197534: raises 480 to 500 and is all-in
Lorpugo: folds 
GG Lane: calls 480 and is all-in
*** FLOP *** [6s 7s 5c]
*** TURN *** [6s 7s 5c] [Ts]
*** RIVER *** [6s 7s 5c Ts] [Ad]
*** SHOW DOWN ***
GG Lane: shows [4h 4s] (a pair of Fours)
Toni197534: shows [7d 7c] (three of a kind, Sevens)
Toni197534 collected 1010 from pot
GG Lane finished the tournament in 3rd place
*** SUMMARY ***
Total pot 1010 | Rake 0 
Board [6s 7s 5c Ts Ad]
Seat 1: Toni197534 (button) showed [7d 7c] and won (1010) with three of a kind, Sevens
Seat 2: Lorpugo (small blind) folded before Flop
Seat 3: GG Lane (big blind) showed [4h 4s] and lost with a pair of Fours



PokerStars Hand #240917792813: Tournament #3526321157, $0.23+$0.02 USD Hold'em No Limit - Level I (10/20) - 2023/01/04 18:54:01 ET
Table '3526321157 1' 3-max Seat #2 is the button
Seat 1: Toni197534 (1010 in chips) 
Seat 2: Lorpugo (490 in chips) 
Lorpugo: posts small blind 10
Toni197534: posts big blind 20
*** HOLE CARDS ***
Dealt to Lorpugo [Jh 7h]
Lorpugo: raises 40 to 60
Toni197534: folds 
Uncalled bet (40) returned to Lorpugo
Lorpugo collected 40 from pot
Lorpugo: doesn't show hand 
*** SUMMARY ***
Total pot 40 | Rake 0 
Seat 1: Toni197534 (big blind) folded before Flop
Seat 2: Lorpugo (button) (small blind) collected (40)



PokerStars Hand #240917796614: Tournament #3526321157, $0.23+$0.02 USD Hold'em No Limit - Level I (10/20) - 2023/01/04 18:54:13 ET
Table '3526321157 1' 3-max Seat #1 is the button
Seat 1: Toni197534 (990 in chips) 
Seat 2: Lorpugo (510 in chips) 
Toni197534: posts small blind 10
Lorpugo: posts big blind 20
*** HOLE CARDS ***
Dealt to Lorpugo [Qc Jh]
Toni197534: calls 10
Lorpugo: raises 80 to 100
Toni197534: calls 80
*** FLOP *** [Jd 9s 7h]
Lorpugo: bets 100
Toni197534: folds 
Uncalled bet (100) returned to Lorpugo
Lorpugo collected 200 from pot
Lorpugo: doesn't show hand 
*** SUMMARY ***
Total pot 200 | Rake 0 
Board [Jd 9s 7h]
Seat 1: Toni197534 (button) (small blind) folded on the Flop
Seat 2: Lorpugo (big blind) collected (200)



PokerStars Hand #240917805068: Tournament #3526321157, $0.23+$0.02 USD Hold'em No Limit - Level I (10/20) - 2023/01/04 18:54:37 ET
Table '3526321157 1' 3-max Seat #2 is the button
Seat 1: Toni197534 (890 in chips) 
Seat 2: Lorpugo (610 in chips) 
Lorpugo: posts small blind 10
Toni197534: posts big blind 20
*** HOLE CARDS ***
Dealt to Lorpugo [9c Kc]
Lorpugo: raises 40 to 60
Toni197534: calls 40
*** FLOP *** [9s Ad 5c]
Toni197534: bets 830 and is all-in
Lorpugo: calls 550 and is all-in
Uncalled bet (280) returned to Toni197534
*** TURN *** [9s Ad 5c] [Ks]
*** RIVER *** [9s Ad 5c Ks] [8s]
*** SHOW DOWN ***
Toni197534: shows [As 2d] (a pair of Aces)
Lorpugo: shows [9c Kc] (two pair, Kings and Nines)
Lorpugo collected 1220 from pot
*** SUMMARY ***
Total pot 1220 | Rake 0 
Board [9s Ad 5c Ks 8s]
Seat 1: Toni197534 (big blind) showed [As 2d] and lost with a pair of Aces
Seat 2: Lorpugo (button) (small blind) showed [9c Kc] and won (1220) with two pair, Kings and Nines



PokerStars Hand #240917814865: Tournament #3526321157, $0.23+$0.02 USD Hold'em No Limit - Level I (10/20) - 2023/01/04 18:55:07 ET
Table '3526321157 1' 3-max Seat #1 is the button
Seat 1: Toni197534 (280 in chips) 
Seat 2: Lorpugo (1220 in chips) 
Toni197534: posts small blind 10
Lorpugo: posts big blind 20
*** HOLE CARDS ***
Dealt to Lorpugo [6h Qh]
Toni197534: raises 260 to 280 and is all-in
Lorpugo: calls 260
*** FLOP *** [Th 3c 5c]
*** TURN *** [Th 3c 5c] [Jd]
*** RIVER *** [Th 3c 5c Jd] [Ts]
*** SHOW DOWN ***
Lorpugo: shows [6h Qh] (a pair of Tens)
Toni197534: shows [7c 9c] (a pair of Tens - lower kicker)
Lorpugo collected 560 from pot
Toni197534 finished the tournament in 2nd place
Lorpugo wins the tournament and receives $0.50 - congratulations!
*** SUMMARY ***
Total pot 560 | Rake 0 
Board [Th 3c 5c Jd Ts]
Seat 1: Toni197534 (button) (small blind) showed [7c 9c] and lost with a pair of Tens
Seat 2: Lorpugo (big blind) showed [6h Qh] and won (560) with a pair of Tens



