PokerStars Hand #240965256427: Tournament #3527435535, $0.92+$0.08 USD Hold'em No Limit - Level I (10/20) - 2023/01/06 20:12:00 ET
Table '3527435535 1' 3-max Seat #1 is the button
Seat 1: kropek1010 (500 in chips) 
Seat 2: Lorpugo (500 in chips) 
Seat 3: reddgragon (500 in chips) 
Lorpugo: posts small blind 10
reddgragon: posts big blind 20
*** HOLE CARDS ***
Dealt to Lorpugo [8s Qc]
kropek1010: folds 
Lorpugo: raises 20 to 40
reddgragon: raises 200 to 240
Lorpugo: folds 
Uncalled bet (200) returned to reddgragon
reddgragon collected 80 from pot
*** SUMMARY ***
Total pot 80 | Rake 0 
Seat 1: kropek1010 (button) folded before Flop (didn't bet)
Seat 2: Lorpugo (small blind) folded before Flop
Seat 3: reddgragon (big blind) collected (80)



PokerStars Hand #240965259860: Tournament #3527435535, $0.92+$0.08 USD Hold'em No Limit - Level I (10/20) - 2023/01/06 20:12:12 ET
Table '3527435535 1' 3-max Seat #2 is the button
Seat 1: kropek1010 (500 in chips) 
Seat 2: Lorpugo (460 in chips) 
Seat 3: reddgragon (540 in chips) 
reddgragon: posts small blind 10
kropek1010: posts big blind 20
*** HOLE CARDS ***
Dealt to Lorpugo [5d Kd]
Lorpugo: raises 20 to 40
reddgragon: folds 
kropek1010: calls 20
*** FLOP *** [4h 6h 9d]
kropek1010: bets 20
Lorpugo: folds 
Uncalled bet (20) returned to kropek1010
kropek1010 collected 90 from pot
kropek1010: doesn't show hand 
*** SUMMARY ***
Total pot 90 | Rake 0 
Board [4h 6h 9d]
Seat 1: kropek1010 (big blind) collected (90)
Seat 2: Lorpugo (button) folded on the Flop
Seat 3: reddgragon (small blind) folded before Flop



PokerStars Hand #240965263341: Tournament #3527435535, $0.92+$0.08 USD Hold'em No Limit - Level I (10/20) - 2023/01/06 20:12:25 ET
Table '3527435535 1' 3-max Seat #3 is the button
Seat 1: kropek1010 (550 in chips) 
Seat 2: Lorpugo (420 in chips) 
Seat 3: reddgragon (530 in chips) 
kropek1010: posts small blind 10
Lorpugo: posts big blind 20
*** HOLE CARDS ***
Dealt to Lorpugo [7d Js]
reddgragon: raises 120 to 140
kropek1010: folds 
Lorpugo: folds 
Uncalled bet (120) returned to reddgragon
reddgragon collected 50 from pot
*** SUMMARY ***
Total pot 50 | Rake 0 
Seat 1: kropek1010 (small blind) folded before Flop
Seat 2: Lorpugo (big blind) folded before Flop
Seat 3: reddgragon (button) collected (50)



PokerStars Hand #240965265285: Tournament #3527435535, $0.92+$0.08 USD Hold'em No Limit - Level I (10/20) - 2023/01/06 20:12:32 ET
Table '3527435535 1' 3-max Seat #1 is the button
Seat 1: kropek1010 (540 in chips) 
Seat 2: Lorpugo (400 in chips) 
Seat 3: reddgragon (560 in chips) 
Lorpugo: posts small blind 10
reddgragon: posts big blind 20
*** HOLE CARDS ***
Dealt to Lorpugo [Kh 8d]
kropek1010: calls 20
Lorpugo: calls 10
reddgragon: checks 
*** FLOP *** [4c Ah Qh]
Lorpugo: checks 
reddgragon: checks 
kropek1010: checks 
*** TURN *** [4c Ah Qh] [Qs]
Lorpugo: bets 40
reddgragon: folds 
kropek1010: folds 
Uncalled bet (40) returned to Lorpugo
Lorpugo collected 60 from pot
Lorpugo: doesn't show hand 
*** SUMMARY ***
Total pot 60 | Rake 0 
Board [4c Ah Qh Qs]
Seat 1: kropek1010 (button) folded on the Turn
Seat 2: Lorpugo (small blind) collected (60)
Seat 3: reddgragon (big blind) folded on the Turn



PokerStars Hand #240965269828: Tournament #3527435535, $0.92+$0.08 USD Hold'em No Limit - Level I (10/20) - 2023/01/06 20:12:49 ET
Table '3527435535 1' 3-max Seat #2 is the button
Seat 1: kropek1010 (520 in chips) 
Seat 2: Lorpugo (440 in chips) 
Seat 3: reddgragon (540 in chips) 
reddgragon: posts small blind 10
kropek1010: posts big blind 20
*** HOLE CARDS ***
Dealt to Lorpugo [4c 5s]
Lorpugo: folds 
reddgragon: calls 10
kropek1010: checks 
*** FLOP *** [Ad Kd 8c]
reddgragon: checks 
kropek1010: checks 
*** TURN *** [Ad Kd 8c] [Ah]
reddgragon: bets 60
kropek1010: folds 
Uncalled bet (60) returned to reddgragon
reddgragon collected 40 from pot
*** SUMMARY ***
Total pot 40 | Rake 0 
Board [Ad Kd 8c Ah]
Seat 1: kropek1010 (big blind) folded on the Turn
Seat 2: Lorpugo (button) folded before Flop (didn't bet)
Seat 3: reddgragon (small blind) collected (40)



PokerStars Hand #240965274502: Tournament #3527435535, $0.92+$0.08 USD Hold'em No Limit - Level I (10/20) - 2023/01/06 20:13:06 ET
Table '3527435535 1' 3-max Seat #3 is the button
Seat 1: kropek1010 (500 in chips) 
Seat 2: Lorpugo (440 in chips) 
Seat 3: reddgragon (560 in chips) 
kropek1010: posts small blind 10
Lorpugo: posts big blind 20
*** HOLE CARDS ***
Dealt to Lorpugo [Js 3c]
reddgragon: raises 20 to 40
kropek1010: calls 30
Lorpugo: folds 
*** FLOP *** [Jd 2c 7c]
kropek1010: checks 
reddgragon: bets 260
kropek1010: folds 
Uncalled bet (260) returned to reddgragon
reddgragon collected 100 from pot
*** SUMMARY ***
Total pot 100 | Rake 0 
Board [Jd 2c 7c]
Seat 1: kropek1010 (small blind) folded on the Flop
Seat 2: Lorpugo (big blind) folded before Flop
Seat 3: reddgragon (button) collected (100)



PokerStars Hand #240965278700: Tournament #3527435535, $0.92+$0.08 USD Hold'em No Limit - Level I (10/20) - 2023/01/06 20:13:21 ET
Table '3527435535 1' 3-max Seat #1 is the button
Seat 1: kropek1010 (460 in chips) 
Seat 2: Lorpugo (420 in chips) 
Seat 3: reddgragon (620 in chips) 
Lorpugo: posts small blind 10
reddgragon: posts big blind 20
*** HOLE CARDS ***
Dealt to Lorpugo [Jd Kh]
kropek1010: folds 
Lorpugo: raises 20 to 40
reddgragon: folds 
Uncalled bet (20) returned to Lorpugo
Lorpugo collected 40 from pot
Lorpugo: doesn't show hand 
*** SUMMARY ***
Total pot 40 | Rake 0 
Seat 1: kropek1010 (button) folded before Flop (didn't bet)
Seat 2: Lorpugo (small blind) collected (40)
Seat 3: reddgragon (big blind) folded before Flop



PokerStars Hand #240965282178: Tournament #3527435535, $0.92+$0.08 USD Hold'em No Limit - Level I (10/20) - 2023/01/06 20:13:33 ET
Table '3527435535 1' 3-max Seat #2 is the button
Seat 1: kropek1010 (460 in chips) 
Seat 2: Lorpugo (440 in chips) 
Seat 3: reddgragon (600 in chips) 
reddgragon: posts small blind 10
kropek1010: posts big blind 20
*** HOLE CARDS ***
Dealt to Lorpugo [4h Tc]
Lorpugo: folds 
reddgragon: calls 10
kropek1010: checks 
*** FLOP *** [6h 2d Qh]
reddgragon: checks 
kropek1010: checks 
*** TURN *** [6h 2d Qh] [8c]
reddgragon: checks 
kropek1010: checks 
*** RIVER *** [6h 2d Qh 8c] [Ac]
reddgragon: checks 
kropek1010: checks 
*** SHOW DOWN ***
reddgragon: shows [3h Ts] (high card Ace)
kropek1010: mucks hand 
reddgragon collected 40 from pot
*** SUMMARY ***
Total pot 40 | Rake 0 
Board [6h 2d Qh 8c Ac]
Seat 1: kropek1010 (big blind) mucked [5h 7d]
Seat 2: Lorpugo (button) folded before Flop (didn't bet)
Seat 3: reddgragon (small blind) showed [3h Ts] and won (40) with high card Ace



PokerStars Hand #240965286947: Tournament #3527435535, $0.92+$0.08 USD Hold'em No Limit - Level I (10/20) - 2023/01/06 20:13:51 ET
Table '3527435535 1' 3-max Seat #3 is the button
Seat 1: kropek1010 (440 in chips) 
Seat 2: Lorpugo (440 in chips) 
Seat 3: reddgragon (620 in chips) 
kropek1010: posts small blind 10
Lorpugo: posts big blind 20
*** HOLE CARDS ***
Dealt to Lorpugo [Ks 8d]
reddgragon: calls 20
kropek1010: folds 
Lorpugo: checks 
*** FLOP *** [3h Td 4h]
Lorpugo: checks 
reddgragon: bets 120
Lorpugo: folds 
Uncalled bet (120) returned to reddgragon
reddgragon collected 50 from pot
*** SUMMARY ***
Total pot 50 | Rake 0 
Board [3h Td 4h]
Seat 1: kropek1010 (small blind) folded before Flop
Seat 2: Lorpugo (big blind) folded on the Flop
Seat 3: reddgragon (button) collected (50)



PokerStars Hand #240965292360: Tournament #3527435535, $0.92+$0.08 USD Hold'em No Limit - Level II (15/30) - 2023/01/06 20:14:10 ET
Table '3527435535 1' 3-max Seat #1 is the button
Seat 1: kropek1010 (430 in chips) 
Seat 2: Lorpugo (420 in chips) 
Seat 3: reddgragon (650 in chips) 
Lorpugo: posts small blind 15
reddgragon: posts big blind 30
*** HOLE CARDS ***
Dealt to Lorpugo [4d 2h]
kropek1010: folds 
Lorpugo: folds 
Uncalled bet (15) returned to reddgragon
reddgragon collected 30 from pot
*** SUMMARY ***
Total pot 30 | Rake 0 
Seat 1: kropek1010 (button) folded before Flop (didn't bet)
Seat 2: Lorpugo (small blind) folded before Flop
Seat 3: reddgragon (big blind) collected (30)



PokerStars Hand #240965294176: Tournament #3527435535, $0.92+$0.08 USD Hold'em No Limit - Level II (15/30) - 2023/01/06 20:14:17 ET
Table '3527435535 1' 3-max Seat #2 is the button
Seat 1: kropek1010 (430 in chips) 
Seat 2: Lorpugo (405 in chips) 
Seat 3: reddgragon (665 in chips) 
reddgragon: posts small blind 15
kropek1010: posts big blind 30
*** HOLE CARDS ***
Dealt to Lorpugo [9h 5c]
Lorpugo: folds 
reddgragon: calls 15
kropek1010: checks 
*** FLOP *** [Qs 4h Js]
reddgragon: bets 120
kropek1010: folds 
Uncalled bet (120) returned to reddgragon
reddgragon collected 60 from pot
*** SUMMARY ***
Total pot 60 | Rake 0 
Board [Qs 4h Js]
Seat 1: kropek1010 (big blind) folded on the Flop
Seat 2: Lorpugo (button) folded before Flop (didn't bet)
Seat 3: reddgragon (small blind) collected (60)



PokerStars Hand #240965297826: Tournament #3527435535, $0.92+$0.08 USD Hold'em No Limit - Level II (15/30) - 2023/01/06 20:14:30 ET
Table '3527435535 1' 3-max Seat #3 is the button
Seat 1: kropek1010 (400 in chips) 
Seat 2: Lorpugo (405 in chips) 
Seat 3: reddgragon (695 in chips) 
kropek1010: posts small blind 15
Lorpugo: posts big blind 30
*** HOLE CARDS ***
Dealt to Lorpugo [Js 4h]
reddgragon: calls 30
kropek1010: raises 30 to 60
Lorpugo: folds 
reddgragon: calls 30
*** FLOP *** [2h 2s Ac]
kropek1010: bets 30
reddgragon: folds 
Uncalled bet (30) returned to kropek1010
kropek1010 collected 150 from pot
kropek1010: doesn't show hand 
*** SUMMARY ***
Total pot 150 | Rake 0 
Board [2h 2s Ac]
Seat 1: kropek1010 (small blind) collected (150)
Seat 2: Lorpugo (big blind) folded before Flop
Seat 3: reddgragon (button) folded on the Flop



PokerStars Hand #240965301887: Tournament #3527435535, $0.92+$0.08 USD Hold'em No Limit - Level II (15/30) - 2023/01/06 20:14:45 ET
Table '3527435535 1' 3-max Seat #1 is the button
Seat 1: kropek1010 (490 in chips) 
Seat 2: Lorpugo (375 in chips) 
Seat 3: reddgragon (635 in chips) 
Lorpugo: posts small blind 15
reddgragon: posts big blind 30
*** HOLE CARDS ***
Dealt to Lorpugo [6c 4h]
kropek1010: calls 30
Lorpugo: folds 
reddgragon: checks 
*** FLOP *** [8c Td 2s]
reddgragon: bets 30
kropek1010: calls 30
*** TURN *** [8c Td 2s] [8s]
reddgragon: bets 180
kropek1010: calls 180
*** RIVER *** [8c Td 2s 8s] [Ac]
reddgragon: checks 
kropek1010: bets 250 and is all-in
reddgragon: calls 250
*** SHOW DOWN ***
kropek1010: shows [Jh 9s] (a pair of Eights)
reddgragon: shows [Qd Th] (two pair, Tens and Eights)
reddgragon collected 995 from pot
kropek1010 finished the tournament in 3rd place
*** SUMMARY ***
Total pot 995 | Rake 0 
Board [8c Td 2s 8s Ac]
Seat 1: kropek1010 (button) showed [Jh 9s] and lost with a pair of Eights
Seat 2: Lorpugo (small blind) folded before Flop
Seat 3: reddgragon (big blind) showed [Qd Th] and won (995) with two pair, Tens and Eights



