PokerStars Hand #240823312293:  Hold'em No Limit ($0.01/$0.02 USD) - 2022/12/31 14:22:08 ET
Table 'Nonie' 6-max Seat #2 is the button
Seat 1: Nico379 ($1.66 in chips) 
Seat 2: 2kiborgen1 ($1.63 in chips) 
Seat 3: TheBirtleyShark ($2.53 in chips) 
Seat 4: Lorpugo ($1.60 in chips) 
Seat 5: Deluwilo ($1.23 in chips) 
Seat 6: kossu100 ($2.11 in chips) 
TheBirtleyShark: posts small blind $0.01
Lorpugo: posts big blind $0.02
*** HOLE CARDS ***
Dealt to Lorpugo [6h 3c]
Deluwilo: calls $0.02
kossu100: folds 
Nico379: folds 
2kiborgen1: folds 
TheBirtleyShark: folds 
Lorpugo: checks 
*** FLOP *** [5d 5s 4c]
Lorpugo: bets $0.03
Deluwilo: calls $0.03
*** TURN *** [5d 5s 4c] [7d]
Lorpugo: bets $0.07
Deluwilo: calls $0.07
*** RIVER *** [5d 5s 4c 7d] [9c]
Lorpugo: bets $1.48 and is all-in
Deluwilo: folds 
Uncalled bet ($1.48) returned to Lorpugo
Lorpugo collected $0.24 from pot
Lorpugo: doesn't show hand 
*** SUMMARY ***
Total pot $0.25 | Rake $0.01 
Board [5d 5s 4c 7d 9c]
Seat 1: Nico379 folded before Flop (didn't bet)
Seat 2: 2kiborgen1 (button) folded before Flop (didn't bet)
Seat 3: TheBirtleyShark (small blind) folded before Flop
Seat 4: Lorpugo (big blind) collected ($0.24)
Seat 5: Deluwilo folded on the River
Seat 6: kossu100 folded before Flop (didn't bet)



PokerStars Hand #240823326043:  Hold'em No Limit ($0.01/$0.02 USD) - 2022/12/31 14:22:58 ET
Table 'Nonie' 6-max Seat #3 is the button
Seat 1: Nico379 ($1.66 in chips) 
Seat 2: 2kiborgen1 ($1.63 in chips) 
Seat 3: TheBirtleyShark ($2.52 in chips) 
Seat 4: Lorpugo ($1.72 in chips) 
Seat 5: Deluwilo ($1.11 in chips) 
Seat 6: kossu100 ($2.11 in chips) 
Lorpugo: posts small blind $0.01
Deluwilo: posts big blind $0.02
*** HOLE CARDS ***
Dealt to Lorpugo [Ad Th]
kossu100: folds 
Nico379: calls $0.02
2kiborgen1: folds 
TheBirtleyShark: raises $0.06 to $0.08
Lorpugo: calls $0.07
Deluwilo: folds 
Nico379: raises $0.26 to $0.34
TheBirtleyShark: folds 
Lorpugo: folds 
Uncalled bet ($0.26) returned to Nico379
Nico379 collected $0.26 from pot
*** SUMMARY ***
Total pot $0.26 | Rake $0 
Seat 1: Nico379 collected ($0.26)
Seat 2: 2kiborgen1 folded before Flop (didn't bet)
Seat 3: TheBirtleyShark (button) folded before Flop
Seat 4: Lorpugo (small blind) folded before Flop
Seat 5: Deluwilo (big blind) folded before Flop
Seat 6: kossu100 folded before Flop (didn't bet)



PokerStars Hand #240823336966:  Hold'em No Limit ($0.01/$0.02 USD) - 2022/12/31 14:23:38 ET
Table 'Nonie' 6-max Seat #4 is the button
Seat 1: Nico379 ($1.84 in chips) 
Seat 2: 2kiborgen1 ($1.63 in chips) 
Seat 3: TheBirtleyShark ($2.44 in chips) 
Seat 4: Lorpugo ($1.64 in chips) 
Seat 5: Deluwilo ($1.09 in chips) 
Seat 6: kossu100 ($2.11 in chips) 
Deluwilo: posts small blind $0.01
kossu100: posts big blind $0.02
*** HOLE CARDS ***
Dealt to Lorpugo [Qc 2h]
Nico379: raises $0.05 to $0.07
2kiborgen1: calls $0.07
TheBirtleyShark: folds 
Lorpugo: folds 
Deluwilo: folds 
kossu100: folds 
*** FLOP *** [Qs 8s 3h]
Nico379: bets $1.77 and is all-in
2kiborgen1: folds 
Uncalled bet ($1.77) returned to Nico379
Nico379 collected $0.16 from pot
*** SUMMARY ***
Total pot $0.17 | Rake $0.01 
Board [Qs 8s 3h]
Seat 1: Nico379 collected ($0.16)
Seat 2: 2kiborgen1 folded on the Flop
Seat 3: TheBirtleyShark folded before Flop (didn't bet)
Seat 4: Lorpugo (button) folded before Flop (didn't bet)
Seat 5: Deluwilo (small blind) folded before Flop
Seat 6: kossu100 (big blind) folded before Flop



PokerStars Hand #240823343498:  Hold'em No Limit ($0.01/$0.02 USD) - 2022/12/31 14:24:02 ET
Table 'Nonie' 6-max Seat #5 is the button
Seat 1: Nico379 ($1.93 in chips) 
Seat 2: 2kiborgen1 ($1.56 in chips) 
Seat 3: TheBirtleyShark ($2.44 in chips) 
Seat 4: Lorpugo ($1.64 in chips) 
Seat 5: Deluwilo ($1.08 in chips) 
Seat 6: kossu100 ($2.09 in chips) 
kossu100: posts small blind $0.01
Nico379: posts big blind $0.02
*** HOLE CARDS ***
Dealt to Lorpugo [6s 6d]
2kiborgen1 has timed out
2kiborgen1: folds 
TheBirtleyShark: raises $0.03 to $0.05
Lorpugo: calls $0.05
Deluwilo: calls $0.05
kossu100: folds 
Nico379: folds 
*** FLOP *** [6h 2s Kh]
TheBirtleyShark: checks 
Lorpugo: bets $0.08
Deluwilo: folds 
TheBirtleyShark: calls $0.08
*** TURN *** [6h 2s Kh] [2d]
TheBirtleyShark: checks 
Lorpugo: bets $0.12
TheBirtleyShark: raises $0.12 to $0.24
Lorpugo: calls $0.12
*** RIVER *** [6h 2s Kh 2d] [3c]
TheBirtleyShark: bets $0.32
Lorpugo: raises $0.95 to $1.27 and is all-in
TheBirtleyShark: calls $0.95
*** SHOW DOWN ***
Lorpugo: shows [6s 6d] (a full house, Sixes full of Deuces)
TheBirtleyShark: shows [Jd Ks] (two pair, Kings and Deuces)
Lorpugo collected $3.24 from pot
*** SUMMARY ***
Total pot $3.36 | Rake $0.12 
Board [6h 2s Kh 2d 3c]
Seat 1: Nico379 (big blind) folded before Flop
Seat 2: 2kiborgen1 folded before Flop (didn't bet)
Seat 3: TheBirtleyShark showed [Jd Ks] and lost with two pair, Kings and Deuces
Seat 4: Lorpugo showed [6s 6d] and won ($3.24) with a full house, Sixes full of Deuces
Seat 5: Deluwilo (button) folded on the Flop
Seat 6: kossu100 (small blind) folded before Flop



PokerStars Hand #240823368385:  Hold'em No Limit ($0.01/$0.02 USD) - 2022/12/31 14:25:32 ET
Table 'Nonie' 6-max Seat #6 is the button
Seat 1: Nico379 ($1.91 in chips) 
Seat 2: 2kiborgen1 ($1.56 in chips) 
Seat 3: TheBirtleyShark ($2 in chips) 
Seat 4: Lorpugo ($3.24 in chips) 
Seat 5: Deluwilo ($1.03 in chips) 
Seat 6: kossu100 ($2.08 in chips) 
Nico379: posts small blind $0.01
2kiborgen1: posts big blind $0.02
*** HOLE CARDS ***
Dealt to Lorpugo [6c 6h]
TheBirtleyShark: folds 
Lorpugo: raises $0.04 to $0.06
Deluwilo: folds 
kossu100: folds 
Nico379: folds 
2kiborgen1: calls $0.04
*** FLOP *** [Ac 3d 8c]
2kiborgen1: checks 
Lorpugo: checks 
*** TURN *** [Ac 3d 8c] [Kd]
2kiborgen1: checks 
Lorpugo: bets $0.02
2kiborgen1: calls $0.02
*** RIVER *** [Ac 3d 8c Kd] [Qd]
2kiborgen1: checks 
Lorpugo: checks 
*** SHOW DOWN ***
2kiborgen1: shows [Jh Qs] (a pair of Queens)
Lorpugo: mucks hand 
2kiborgen1 collected $0.16 from pot
*** SUMMARY ***
Total pot $0.17 | Rake $0.01 
Board [Ac 3d 8c Kd Qd]
Seat 1: Nico379 (small blind) folded before Flop
Seat 2: 2kiborgen1 (big blind) showed [Jh Qs] and won ($0.16) with a pair of Queens
Seat 3: TheBirtleyShark folded before Flop (didn't bet)
Seat 4: Lorpugo mucked [6c 6h]
Seat 5: Deluwilo folded before Flop (didn't bet)
Seat 6: kossu100 (button) folded before Flop (didn't bet)



PokerStars Hand #240823379637:  Hold'em No Limit ($0.01/$0.02 USD) - 2022/12/31 14:26:14 ET
Table 'Nonie' 6-max Seat #1 is the button
Seat 1: Nico379 ($1.90 in chips) 
Seat 2: 2kiborgen1 ($1.64 in chips) 
Seat 3: TheBirtleyShark ($2 in chips) 
Seat 4: Lorpugo ($3.16 in chips) 
Seat 5: Deluwilo ($1.03 in chips) 
Seat 6: kossu100 ($2.08 in chips) 
2kiborgen1: posts small blind $0.01
TheBirtleyShark: posts big blind $0.02
*** HOLE CARDS ***
Dealt to Lorpugo [3c 9s]
Lorpugo: folds 
Deluwilo: calls $0.02
kossu100: folds 
Nico379: folds 
2kiborgen1: folds 
TheBirtleyShark: checks 
*** FLOP *** [3d 6d 3s]
TheBirtleyShark: checks 
Deluwilo: bets $0.04
TheBirtleyShark: folds 
Uncalled bet ($0.04) returned to Deluwilo
Deluwilo collected $0.05 from pot
Deluwilo: doesn't show hand 
*** SUMMARY ***
Total pot $0.05 | Rake $0 
Board [3d 6d 3s]
Seat 1: Nico379 (button) folded before Flop (didn't bet)
Seat 2: 2kiborgen1 (small blind) folded before Flop
Seat 3: TheBirtleyShark (big blind) folded on the Flop
Seat 4: Lorpugo folded before Flop (didn't bet)
Seat 5: Deluwilo collected ($0.05)
Seat 6: kossu100 folded before Flop (didn't bet)



PokerStars Hand #240823393711:  Hold'em No Limit ($0.01/$0.02 USD) - 2022/12/31 14:27:06 ET
Table 'Nonie' 6-max Seat #2 is the button
Seat 1: Nico379 ($1.90 in chips) 
Seat 2: 2kiborgen1 ($1.63 in chips) 
Seat 3: TheBirtleyShark ($2 in chips) 
Seat 4: Lorpugo ($3.16 in chips) 
Seat 5: Deluwilo ($1.06 in chips) 
Seat 6: kossu100 ($2.08 in chips) 
TheBirtleyShark: posts small blind $0.01
Lorpugo: posts big blind $0.02
*** HOLE CARDS ***
Dealt to Lorpugo [6s 6h]
Deluwilo: folds 
kossu100: raises $0.04 to $0.06
Nico379: folds 
2kiborgen1: folds 
TheBirtleyShark: folds 
Lorpugo: calls $0.04
*** FLOP *** [2s 5h Qc]
Lorpugo: checks 
kossu100: checks 
*** TURN *** [2s 5h Qc] [6d]
Lorpugo: bets $0.04
kossu100: calls $0.04
*** RIVER *** [2s 5h Qc 6d] [8h]
Lorpugo: bets $0.26
kossu100: raises $0.40 to $0.66
Lorpugo: raises $2.40 to $3.06 and is all-in
kossu100: calls $1.32 and is all-in
Uncalled bet ($1.08) returned to Lorpugo
*** SHOW DOWN ***
Lorpugo: shows [6s 6h] (three of a kind, Sixes)
kossu100: shows [Qd Qh] (three of a kind, Queens)
kossu100 collected $4.02 from pot
*** SUMMARY ***
Total pot $4.17 | Rake $0.15 
Board [2s 5h Qc 6d 8h]
Seat 1: Nico379 folded before Flop (didn't bet)
Seat 2: 2kiborgen1 (button) folded before Flop (didn't bet)
Seat 3: TheBirtleyShark (small blind) folded before Flop
Seat 4: Lorpugo (big blind) showed [6s 6h] and lost with three of a kind, Sixes
Seat 5: Deluwilo folded before Flop (didn't bet)
Seat 6: kossu100 showed [Qd Qh] and won ($4.02) with three of a kind, Queens



PokerStars Hand #240823414413:  Hold'em No Limit ($0.01/$0.02 USD) - 2022/12/31 14:28:24 ET
Table 'Nonie' 6-max Seat #3 is the button
Seat 1: Nico379 ($1.90 in chips) 
Seat 2: 2kiborgen1 ($1.63 in chips) 
Seat 3: TheBirtleyShark ($2 in chips) 
Seat 4: Lorpugo ($1.08 in chips) 
Seat 5: Deluwilo ($1.06 in chips) 
Seat 6: kossu100 ($4.02 in chips) 
Lorpugo: posts small blind $0.01
Deluwilo: posts big blind $0.02
*** HOLE CARDS ***
Dealt to Lorpugo [9s 9h]
kossu100: folds 
Nico379: folds 
2kiborgen1: calls $0.02
TheBirtleyShark: folds 
Lorpugo: raises $0.08 to $0.10
Deluwilo: calls $0.08
2kiborgen1: calls $0.08
*** FLOP *** [5s 6h 3d]
Lorpugo: bets $0.98 and is all-in
Deluwilo: folds 
2kiborgen1: folds 
Uncalled bet ($0.98) returned to Lorpugo
Lorpugo collected $0.29 from pot
Lorpugo: doesn't show hand 
*** SUMMARY ***
Total pot $0.30 | Rake $0.01 
Board [5s 6h 3d]
Seat 1: Nico379 folded before Flop (didn't bet)
Seat 2: 2kiborgen1 folded on the Flop
Seat 3: TheBirtleyShark (button) folded before Flop (didn't bet)
Seat 4: Lorpugo (small blind) collected ($0.29)
Seat 5: Deluwilo (big blind) folded on the Flop
Seat 6: kossu100 folded before Flop (didn't bet)



PokerStars Hand #240823428608:  Hold'em No Limit ($0.01/$0.02 USD) - 2022/12/31 14:29:18 ET
Table 'Nonie' 6-max Seat #4 is the button
Seat 1: Nico379 ($1.90 in chips) 
Seat 2: 2kiborgen1 ($1.53 in chips) 
Seat 3: TheBirtleyShark ($2 in chips) 
Seat 4: Lorpugo ($1.27 in chips) 
Seat 5: Deluwilo ($0.96 in chips) 
Seat 6: kossu100 ($4.02 in chips) 
Deluwilo: posts small blind $0.01
kossu100: posts big blind $0.02
*** HOLE CARDS ***
Dealt to Lorpugo [5d 6d]
Nico379: folds 
2kiborgen1: folds 
TheBirtleyShark: folds 
Lorpugo: raises $0.04 to $0.06
Deluwilo: calls $0.05
kossu100: calls $0.04
*** FLOP *** [4d 3s 5h]
Deluwilo: checks 
kossu100: checks 
Lorpugo: bets $0.24
Deluwilo: folds 
kossu100: folds 
Uncalled bet ($0.24) returned to Lorpugo
Lorpugo collected $0.17 from pot
Lorpugo: doesn't show hand 
*** SUMMARY ***
Total pot $0.18 | Rake $0.01 
Board [4d 3s 5h]
Seat 1: Nico379 folded before Flop (didn't bet)
Seat 2: 2kiborgen1 folded before Flop (didn't bet)
Seat 3: TheBirtleyShark folded before Flop (didn't bet)
Seat 4: Lorpugo (button) collected ($0.17)
Seat 5: Deluwilo (small blind) folded on the Flop
Seat 6: kossu100 (big blind) folded on the Flop



PokerStars Hand #240823437274:  Hold'em No Limit ($0.01/$0.02 USD) - 2022/12/31 14:29:51 ET
Table 'Nonie' 6-max Seat #5 is the button
Seat 1: Nico379 ($1.90 in chips) 
Seat 2: 2kiborgen1 ($1.53 in chips) 
Seat 3: TheBirtleyShark ($2 in chips) 
Seat 4: Lorpugo ($1.38 in chips) 
Seat 5: Deluwilo ($0.90 in chips) 
Seat 6: kossu100 ($3.96 in chips) 
kossu100: posts small blind $0.01
Nico379: posts big blind $0.02
*** HOLE CARDS ***
Dealt to Lorpugo [7s Kc]
2kiborgen1: calls $0.02
TheBirtleyShark: folds 
Lorpugo: folds 
Deluwilo: calls $0.02
kossu100: folds 
Nico379: raises $0.11 to $0.13
2kiborgen1: calls $0.11
Deluwilo: folds 
*** FLOP *** [Ks Jd 2s]
Nico379: bets $0.28
2kiborgen1: folds 
Uncalled bet ($0.28) returned to Nico379
Nico379 collected $0.28 from pot
*** SUMMARY ***
Total pot $0.29 | Rake $0.01 
Board [Ks Jd 2s]
Seat 1: Nico379 (big blind) collected ($0.28)
Seat 2: 2kiborgen1 folded on the Flop
Seat 3: TheBirtleyShark folded before Flop (didn't bet)
Seat 4: Lorpugo folded before Flop (didn't bet)
Seat 5: Deluwilo (button) folded before Flop
Seat 6: kossu100 (small blind) folded before Flop



PokerStars Hand #240823446826:  Hold'em No Limit ($0.01/$0.02 USD) - 2022/12/31 14:30:26 ET
Table 'Nonie' 6-max Seat #6 is the button
Seat 1: Nico379 ($2.05 in chips) 
Seat 2: 2kiborgen1 ($1.40 in chips) 
Seat 3: TheBirtleyShark ($2 in chips) 
Seat 4: Lorpugo ($1.38 in chips) 
Seat 5: Deluwilo ($0.88 in chips) 
Seat 6: kossu100 ($3.95 in chips) 
Nico379: posts small blind $0.01
2kiborgen1: posts big blind $0.02
*** HOLE CARDS ***
Dealt to Lorpugo [8c Td]
TheBirtleyShark: folds 
Lorpugo: folds 
Deluwilo: calls $0.02
kossu100: folds 
Nico379: folds 
2kiborgen1: checks 
*** FLOP *** [4h As 9c]
2kiborgen1: checks 
Deluwilo: bets $0.04
2kiborgen1: folds 
Uncalled bet ($0.04) returned to Deluwilo
Deluwilo collected $0.05 from pot
Deluwilo: doesn't show hand 
*** SUMMARY ***
Total pot $0.05 | Rake $0 
Board [4h As 9c]
Seat 1: Nico379 (small blind) folded before Flop
Seat 2: 2kiborgen1 (big blind) folded on the Flop
Seat 3: TheBirtleyShark folded before Flop (didn't bet)
Seat 4: Lorpugo folded before Flop (didn't bet)
Seat 5: Deluwilo collected ($0.05)
Seat 6: kossu100 (button) folded before Flop (didn't bet)



PokerStars Hand #240823456141:  Hold'em No Limit ($0.01/$0.02 USD) - 2022/12/31 14:31:01 ET
Table 'Nonie' 6-max Seat #1 is the button
Seat 1: Nico379 ($2.04 in chips) 
Seat 2: 2kiborgen1 ($1.38 in chips) 
Seat 3: TheBirtleyShark ($2 in chips) 
Seat 4: Lorpugo ($1.38 in chips) 
Seat 5: Deluwilo ($0.91 in chips) 
Seat 6: kossu100 ($3.95 in chips) 
2kiborgen1: posts small blind $0.01
TheBirtleyShark: posts big blind $0.02
*** HOLE CARDS ***
Dealt to Lorpugo [3d 8c]
Lorpugo: folds 
Deluwilo: calls $0.02
kossu100: folds 
Nico379: folds 
2kiborgen1: calls $0.01
TheBirtleyShark: raises $0.10 to $0.12
Deluwilo: folds 
2kiborgen1: calls $0.10
*** FLOP *** [Jc Td 4d]
2kiborgen1: checks 
TheBirtleyShark: bets $0.17
2kiborgen1: folds 
Uncalled bet ($0.17) returned to TheBirtleyShark
TheBirtleyShark collected $0.25 from pot
*** SUMMARY ***
Total pot $0.26 | Rake $0.01 
Board [Jc Td 4d]
Seat 1: Nico379 (button) folded before Flop (didn't bet)
Seat 2: 2kiborgen1 (small blind) folded on the Flop
Seat 3: TheBirtleyShark (big blind) collected ($0.25)
Seat 4: Lorpugo folded before Flop (didn't bet)
Seat 5: Deluwilo folded before Flop
Seat 6: kossu100 folded before Flop (didn't bet)



PokerStars Hand #240823468716:  Hold'em No Limit ($0.01/$0.02 USD) - 2022/12/31 14:31:49 ET
Table 'Nonie' 6-max Seat #2 is the button
Seat 1: Nico379 ($2.04 in chips) 
Seat 2: 2kiborgen1 ($1.26 in chips) 
Seat 3: TheBirtleyShark ($2.13 in chips) 
Seat 4: Lorpugo ($1.38 in chips) 
Seat 5: Deluwilo ($0.89 in chips) 
Seat 6: kossu100 ($3.95 in chips) 
TheBirtleyShark: posts small blind $0.01
Lorpugo: posts big blind $0.02
*** HOLE CARDS ***
Dealt to Lorpugo [Th Kc]
Deluwilo: calls $0.02
kossu100: folds 
Nico379: raises $0.07 to $0.09
2kiborgen1: calls $0.09
TheBirtleyShark: folds 
Lorpugo: folds 
Deluwilo: calls $0.07
*** FLOP *** [3s 9c 6d]
Deluwilo: checks 
Nico379: checks 
2kiborgen1: bets $0.06
Deluwilo: calls $0.06
Nico379: calls $0.06
*** TURN *** [3s 9c 6d] [4d]
Deluwilo: checks 
Nico379: checks 
2kiborgen1: bets $0.16
Deluwilo: calls $0.16
Nico379: folds 
*** RIVER *** [3s 9c 6d 4d] [8c]
Deluwilo: checks 
2kiborgen1: bets $0.26
Deluwilo: folds 
Uncalled bet ($0.26) returned to 2kiborgen1
2kiborgen1 collected $0.77 from pot
*** SUMMARY ***
Total pot $0.80 | Rake $0.03 
Board [3s 9c 6d 4d 8c]
Seat 1: Nico379 folded on the Turn
Seat 2: 2kiborgen1 (button) collected ($0.77)
Seat 3: TheBirtleyShark (small blind) folded before Flop
Seat 4: Lorpugo (big blind) folded before Flop
Seat 5: Deluwilo folded on the River
Seat 6: kossu100 folded before Flop (didn't bet)



PokerStars Hand #240823486829:  Hold'em No Limit ($0.01/$0.02 USD) - 2022/12/31 14:32:57 ET
Table 'Nonie' 6-max Seat #3 is the button
Seat 1: Nico379 ($1.89 in chips) 
Seat 2: 2kiborgen1 ($1.72 in chips) 
Seat 3: TheBirtleyShark ($2.12 in chips) 
Seat 4: Lorpugo ($1.36 in chips) 
Seat 5: Deluwilo ($0.58 in chips) 
Seat 6: kossu100 ($3.95 in chips) 
Lorpugo: posts small blind $0.01
Deluwilo: posts big blind $0.02
*** HOLE CARDS ***
Dealt to Lorpugo [Js 7s]
kossu100: raises $0.04 to $0.06
Nico379: folds 
2kiborgen1: folds 
TheBirtleyShark: folds 
Lorpugo: folds 
Deluwilo: folds 
Uncalled bet ($0.04) returned to kossu100
kossu100 collected $0.05 from pot
*** SUMMARY ***
Total pot $0.05 | Rake $0 
Seat 1: Nico379 folded before Flop (didn't bet)
Seat 2: 2kiborgen1 folded before Flop (didn't bet)
Seat 3: TheBirtleyShark (button) folded before Flop (didn't bet)
Seat 4: Lorpugo (small blind) folded before Flop
Seat 5: Deluwilo (big blind) folded before Flop
Seat 6: kossu100 collected ($0.05)



PokerStars Hand #240823490528:  Hold'em No Limit ($0.01/$0.02 USD) - 2022/12/31 14:33:11 ET
Table 'Nonie' 6-max Seat #4 is the button
Seat 1: Nico379 ($1.89 in chips) 
Seat 2: 2kiborgen1 ($1.72 in chips) 
Seat 3: TheBirtleyShark ($2.12 in chips) 
Seat 4: Lorpugo ($1.35 in chips) 
Seat 5: Deluwilo ($0.56 in chips) 
Seat 6: kossu100 ($3.98 in chips) 
Deluwilo: posts small blind $0.01
kossu100: posts big blind $0.02
*** HOLE CARDS ***
Dealt to Lorpugo [Kh Qs]
Nico379: folds 
2kiborgen1: folds 
TheBirtleyShark: folds 
Lorpugo: raises $0.04 to $0.06
Deluwilo: folds 
kossu100: calls $0.04
*** FLOP *** [Ks Ac Kc]
kossu100: checks 
Lorpugo: bets $0.07
kossu100: calls $0.07
*** TURN *** [Ks Ac Kc] [Js]
kossu100: checks 
Lorpugo: bets $0.17
kossu100: calls $0.17
*** RIVER *** [Ks Ac Kc Js] [5d]
kossu100: checks 
Lorpugo: bets $1.05 and is all-in
kossu100: folds 
Uncalled bet ($1.05) returned to Lorpugo
Lorpugo collected $0.59 from pot
Lorpugo: doesn't show hand 
*** SUMMARY ***
Total pot $0.61 | Rake $0.02 
Board [Ks Ac Kc Js 5d]
Seat 1: Nico379 folded before Flop (didn't bet)
Seat 2: 2kiborgen1 folded before Flop (didn't bet)
Seat 3: TheBirtleyShark folded before Flop (didn't bet)
Seat 4: Lorpugo (button) collected ($0.59)
Seat 5: Deluwilo (small blind) folded before Flop
Seat 6: kossu100 (big blind) folded on the River



PokerStars Hand #240823510334:  Hold'em No Limit ($0.01/$0.02 USD) - 2022/12/31 14:34:26 ET
Table 'Nonie' 6-max Seat #5 is the button
Seat 1: Nico379 ($1.89 in chips) 
Seat 2: 2kiborgen1 ($1.72 in chips) 
Seat 3: TheBirtleyShark ($2.12 in chips) 
Seat 4: Lorpugo ($1.64 in chips) 
Seat 5: Deluwilo ($0.55 in chips) 
Seat 6: kossu100 ($3.68 in chips) 
kossu100: posts small blind $0.01
Nico379: posts big blind $0.02
*** HOLE CARDS ***
Dealt to Lorpugo [4h 9d]
2kiborgen1: folds 
TheBirtleyShark: folds 
Lorpugo: folds 
Deluwilo: calls $0.02
kossu100: raises $0.08 to $0.10
Nico379: folds 
Deluwilo: calls $0.08
*** FLOP *** [3c Kh Td]
kossu100: checks 
Deluwilo: bets $0.10
kossu100: calls $0.10
*** TURN *** [3c Kh Td] [Ts]
kossu100: checks 
Deluwilo: bets $0.35 and is all-in
kossu100: calls $0.35
*** RIVER *** [3c Kh Td Ts] [8d]
*** SHOW DOWN ***
kossu100: shows [Kc Kd] (a full house, Kings full of Tens)
Deluwilo: shows [Ks 4s] (two pair, Kings and Tens)
kossu100 collected $1.08 from pot
*** SUMMARY ***
Total pot $1.12 | Rake $0.04 
Board [3c Kh Td Ts 8d]
Seat 1: Nico379 (big blind) folded before Flop
Seat 2: 2kiborgen1 folded before Flop (didn't bet)
Seat 3: TheBirtleyShark folded before Flop (didn't bet)
Seat 4: Lorpugo folded before Flop (didn't bet)
Seat 5: Deluwilo (button) showed [Ks 4s] and lost with two pair, Kings and Tens
Seat 6: kossu100 (small blind) showed [Kc Kd] and won ($1.08) with a full house, Kings full of Tens



PokerStars Hand #240823521758:  Hold'em No Limit ($0.01/$0.02 USD) - 2022/12/31 14:35:10 ET
Table 'Nonie' 6-max Seat #6 is the button
Seat 1: Nico379 ($1.87 in chips) 
Seat 2: 2kiborgen1 ($1.72 in chips) 
Seat 3: TheBirtleyShark ($2.12 in chips) 
Seat 4: Lorpugo ($1.64 in chips) 
Seat 6: kossu100 ($4.21 in chips) 
Nico379: posts small blind $0.01
2kiborgen1: posts big blind $0.02
*** HOLE CARDS ***
Dealt to Lorpugo [2h 6c]
TheBirtleyShark: folds 
Lorpugo: folds 
kossu100: folds 
Deluwilo leaves the table
Nico379: calls $0.01
_$88Julienlim$_ joins the table at seat #5 
2kiborgen1: checks 
*** FLOP *** [7c Ad 9s]
Nico379: checks 
2kiborgen1: checks 
*** TURN *** [7c Ad 9s] [6d]
Nico379: bets $0.02
2kiborgen1: folds 
Uncalled bet ($0.02) returned to Nico379
Nico379 collected $0.04 from pot
*** SUMMARY ***
Total pot $0.04 | Rake $0 
Board [7c Ad 9s 6d]
Seat 1: Nico379 (small blind) collected ($0.04)
Seat 2: 2kiborgen1 (big blind) folded on the Turn
Seat 3: TheBirtleyShark folded before Flop (didn't bet)
Seat 4: Lorpugo folded before Flop (didn't bet)
Seat 6: kossu100 (button) folded before Flop (didn't bet)



PokerStars Hand #240823532830:  Hold'em No Limit ($0.01/$0.02 USD) - 2022/12/31 14:35:52 ET
Table 'Nonie' 6-max Seat #1 is the button
Seat 1: Nico379 ($1.89 in chips) 
Seat 2: 2kiborgen1 ($1.70 in chips) 
Seat 3: TheBirtleyShark ($2.12 in chips) 
Seat 4: Lorpugo ($1.64 in chips) 
Seat 5: _$88Julienlim$_ ($2 in chips) 
Seat 6: kossu100 ($4.21 in chips) 
2kiborgen1: posts small blind $0.01
TheBirtleyShark: posts big blind $0.02
_$88Julienlim$_: posts big blind $0.02
*** HOLE CARDS ***
Dealt to Lorpugo [Qc 8d]
Lorpugo: folds 
_$88Julienlim$_: checks 
kossu100: folds 
Nico379: folds 
2kiborgen1: calls $0.01
TheBirtleyShark: checks 
*** FLOP *** [Kh 7c 3s]
2kiborgen1: checks 
TheBirtleyShark: checks 
_$88Julienlim$_: checks 
*** TURN *** [Kh 7c 3s] [5h]
2kiborgen1: checks 
TheBirtleyShark: checks 
_$88Julienlim$_: checks 
*** RIVER *** [Kh 7c 3s 5h] [7d]
2kiborgen1: checks 
TheBirtleyShark: checks 
_$88Julienlim$_: checks 
*** SHOW DOWN ***
2kiborgen1: shows [Tc 8s] (a pair of Sevens)
TheBirtleyShark: shows [Jd 2s] (a pair of Sevens - King+Jack kicker)
_$88Julienlim$_: mucks hand 
TheBirtleyShark collected $0.06 from pot
*** SUMMARY ***
Total pot $0.06 | Rake $0 
Board [Kh 7c 3s 5h 7d]
Seat 1: Nico379 (button) folded before Flop (didn't bet)
Seat 2: 2kiborgen1 (small blind) showed [Tc 8s] and lost with a pair of Sevens
Seat 3: TheBirtleyShark (big blind) showed [Jd 2s] and won ($0.06) with a pair of Sevens
Seat 4: Lorpugo folded before Flop (didn't bet)
Seat 5: _$88Julienlim$_ mucked [4h 2h]
Seat 6: kossu100 folded before Flop (didn't bet)



PokerStars Hand #240823548150:  Hold'em No Limit ($0.01/$0.02 USD) - 2022/12/31 14:36:51 ET
Table 'Nonie' 6-max Seat #2 is the button
Seat 1: Nico379 ($1.89 in chips) 
Seat 2: 2kiborgen1 ($1.68 in chips) 
Seat 3: TheBirtleyShark ($2.16 in chips) 
Seat 4: Lorpugo ($1.64 in chips) 
Seat 5: _$88Julienlim$_ ($1.98 in chips) 
Seat 6: kossu100 ($4.21 in chips) 
TheBirtleyShark: posts small blind $0.01
Lorpugo: posts big blind $0.02
*** HOLE CARDS ***
Dealt to Lorpugo [9c 7d]
_$88Julienlim$_: folds 
kossu100: folds 
Nico379: folds 
2kiborgen1: calls $0.02
TheBirtleyShark: folds 
Lorpugo: checks 
*** FLOP *** [7s 9h 2s]
Lorpugo: bets $0.03
2kiborgen1: calls $0.03
*** TURN *** [7s 9h 2s] [Ac]
Lorpugo: bets $0.07
2kiborgen1: calls $0.07
*** RIVER *** [7s 9h 2s Ac] [2c]
Lorpugo: checks 
2kiborgen1: checks 
*** SHOW DOWN ***
Lorpugo: shows [9c 7d] (two pair, Nines and Sevens)
2kiborgen1: mucks hand 
Lorpugo collected $0.24 from pot
*** SUMMARY ***
Total pot $0.25 | Rake $0.01 
Board [7s 9h 2s Ac 2c]
Seat 1: Nico379 folded before Flop (didn't bet)
Seat 2: 2kiborgen1 (button) mucked [7h Jh]
Seat 3: TheBirtleyShark (small blind) folded before Flop
Seat 4: Lorpugo (big blind) showed [9c 7d] and won ($0.24) with two pair, Nines and Sevens
Seat 5: _$88Julienlim$_ folded before Flop (didn't bet)
Seat 6: kossu100 folded before Flop (didn't bet)



PokerStars Hand #240823563012:  Hold'em No Limit ($0.01/$0.02 USD) - 2022/12/31 14:37:47 ET
Table 'Nonie' 6-max Seat #3 is the button
Seat 1: Nico379 ($1.89 in chips) 
Seat 2: 2kiborgen1 ($1.56 in chips) 
Seat 3: TheBirtleyShark ($2.15 in chips) 
Seat 4: Lorpugo ($1.76 in chips) 
Seat 5: _$88Julienlim$_ ($1.98 in chips) 
Seat 6: kossu100 ($4.21 in chips) 
Lorpugo: posts small blind $0.01
_$88Julienlim$_: posts big blind $0.02
*** HOLE CARDS ***
Dealt to Lorpugo [Kd 8d]
kossu100: folds 
Nico379 has timed out
Nico379: folds 
2kiborgen1: folds 
2kiborgen1 leaves the table
TheBirtleyShark: folds 
Lorpugo: raises $0.04 to $0.06
_$88Julienlim$_: calls $0.04
*** FLOP *** [9h Qc Ad]
Valen_DLC joins the table at seat #2 
Lorpugo: checks 
_$88Julienlim$_: bets $0.06
Lorpugo: folds 
Uncalled bet ($0.06) returned to _$88Julienlim$_
_$88Julienlim$_ collected $0.12 from pot
*** SUMMARY ***
Total pot $0.12 | Rake $0 
Board [9h Qc Ad]
Seat 1: Nico379 folded before Flop (didn't bet)
Seat 2: 2kiborgen1 folded before Flop (didn't bet)
Seat 3: TheBirtleyShark (button) folded before Flop (didn't bet)
Seat 4: Lorpugo (small blind) folded on the Flop
Seat 5: _$88Julienlim$_ (big blind) collected ($0.12)
Seat 6: kossu100 folded before Flop (didn't bet)



PokerStars Hand #240823573396:  Hold'em No Limit ($0.01/$0.02 USD) - 2022/12/31 14:38:27 ET
Table 'Nonie' 6-max Seat #4 is the button
Seat 1: Nico379 ($1.89 in chips) 
Seat 3: TheBirtleyShark ($2.15 in chips) 
Seat 4: Lorpugo ($1.70 in chips) 
Seat 5: _$88Julienlim$_ ($2.04 in chips) 
Seat 6: kossu100 ($4.21 in chips) 
_$88Julienlim$_: posts small blind $0.01
kossu100: posts big blind $0.02
*** HOLE CARDS ***
Dealt to Lorpugo [2h 7h]
Nico379: folds 
TheBirtleyShark: raises $0.03 to $0.05
Lorpugo: folds 
_$88Julienlim$_: folds 
kossu100: folds 
Uncalled bet ($0.03) returned to TheBirtleyShark
TheBirtleyShark collected $0.05 from pot
*** SUMMARY ***
Total pot $0.05 | Rake $0 
Seat 1: Nico379 folded before Flop (didn't bet)
Seat 3: TheBirtleyShark collected ($0.05)
Seat 4: Lorpugo (button) folded before Flop (didn't bet)
Seat 5: _$88Julienlim$_ (small blind) folded before Flop
Seat 6: kossu100 (big blind) folded before Flop



PokerStars Hand #240823580517:  Hold'em No Limit ($0.01/$0.02 USD) - 2022/12/31 14:38:54 ET
Table 'Nonie' 6-max Seat #5 is the button
Seat 1: Nico379 ($1.89 in chips) 
Seat 3: TheBirtleyShark ($2.18 in chips) 
Seat 4: Lorpugo ($1.70 in chips) 
Seat 5: _$88Julienlim$_ ($2.03 in chips) 
Seat 6: kossu100 ($4.19 in chips) 
kossu100: posts small blind $0.01
Nico379: posts big blind $0.02
*** HOLE CARDS ***
Dealt to Lorpugo [Ah Kc]
TheBirtleyShark: folds 
Lorpugo: raises $0.04 to $0.06
_$88Julienlim$_: folds 
kossu100: folds 
Nico379: calls $0.04
*** FLOP *** [Ts Qd 9h]
Nico379: checks 
Lorpugo: checks 
*** TURN *** [Ts Qd 9h] [9d]
Nico379: bets $0.07
Lorpugo: calls $0.07
*** RIVER *** [Ts Qd 9h 9d] [Td]
Nico379: bets $0.13
Lorpugo: calls $0.13
*** SHOW DOWN ***
Nico379: shows [9c Ad] (a full house, Nines full of Tens)
Lorpugo: mucks hand 
Nico379 collected $0.51 from pot
*** SUMMARY ***
Total pot $0.53 | Rake $0.02 
Board [Ts Qd 9h 9d Td]
Seat 1: Nico379 (big blind) showed [9c Ad] and won ($0.51) with a full house, Nines full of Tens
Seat 3: TheBirtleyShark folded before Flop (didn't bet)
Seat 4: Lorpugo mucked [Ah Kc]
Seat 5: _$88Julienlim$_ (button) folded before Flop (didn't bet)
Seat 6: kossu100 (small blind) folded before Flop



PokerStars Hand #240823590901:  Hold'em No Limit ($0.01/$0.02 USD) - 2022/12/31 14:39:34 ET
Table 'Nonie' 6-max Seat #6 is the button
Seat 1: Nico379 ($2.14 in chips) 
Seat 2: Valen_DLC ($2 in chips) 
Seat 3: TheBirtleyShark ($2.18 in chips) 
Seat 4: Lorpugo ($1.44 in chips) 
Seat 5: _$88Julienlim$_ ($2.03 in chips) 
Seat 6: kossu100 ($4.18 in chips) 
Nico379: posts small blind $0.01
Valen_DLC: posts big blind $0.02
*** HOLE CARDS ***
Dealt to Lorpugo [Tc 4s]
TheBirtleyShark: folds 
Lorpugo: folds 
_$88Julienlim$_: folds 
kossu100: raises $0.04 to $0.06
Nico379: calls $0.05
Valen_DLC: folds 
*** FLOP *** [3c 7c 6d]
Nico379: checks 
kossu100: checks 
*** TURN *** [3c 7c 6d] [8c]
Nico379: checks 
kossu100: checks 
*** RIVER *** [3c 7c 6d 8c] [4d]
Nico379: checks 
kossu100: bets $0.07
Nico379: folds 
Uncalled bet ($0.07) returned to kossu100
kossu100 collected $0.14 from pot
*** SUMMARY ***
Total pot $0.14 | Rake $0 
Board [3c 7c 6d 8c 4d]
Seat 1: Nico379 (small blind) folded on the River
Seat 2: Valen_DLC (big blind) folded before Flop
Seat 3: TheBirtleyShark folded before Flop (didn't bet)
Seat 4: Lorpugo folded before Flop (didn't bet)
Seat 5: _$88Julienlim$_ folded before Flop (didn't bet)
Seat 6: kossu100 (button) collected ($0.14)



PokerStars Hand #240823600623:  Hold'em No Limit ($0.01/$0.02 USD) - 2022/12/31 14:40:11 ET
Table 'Nonie' 6-max Seat #1 is the button
Seat 1: Nico379 ($2.08 in chips) 
Seat 2: Valen_DLC ($1.98 in chips) 
Seat 3: TheBirtleyShark ($2.18 in chips) 
Seat 4: Lorpugo ($1.44 in chips) 
Seat 5: _$88Julienlim$_ ($2.03 in chips) 
Seat 6: kossu100 ($4.26 in chips) 
Valen_DLC: posts small blind $0.01
TheBirtleyShark: posts big blind $0.02
*** HOLE CARDS ***
Dealt to Lorpugo [2c 5c]
Lorpugo: folds 
_$88Julienlim$_: folds 
kossu100: folds 
Nico379: folds 
Valen_DLC: raises $0.03 to $0.05
TheBirtleyShark: calls $0.03
*** FLOP *** [Ad 9c 6s]
Valen_DLC: bets $0.03
TheBirtleyShark: calls $0.03
*** TURN *** [Ad 9c 6s] [8d]
Valen_DLC: checks 
TheBirtleyShark: bets $0.12
Valen_DLC: calls $0.12
*** RIVER *** [Ad 9c 6s 8d] [4c]
Valen_DLC: bets $0.28
TheBirtleyShark: folds 
Uncalled bet ($0.28) returned to Valen_DLC
Valen_DLC collected $0.39 from pot
Valen_DLC: doesn't show hand 
*** SUMMARY ***
Total pot $0.40 | Rake $0.01 
Board [Ad 9c 6s 8d 4c]
Seat 1: Nico379 (button) folded before Flop (didn't bet)
Seat 2: Valen_DLC (small blind) collected ($0.39)
Seat 3: TheBirtleyShark (big blind) folded on the River
Seat 4: Lorpugo folded before Flop (didn't bet)
Seat 5: _$88Julienlim$_ folded before Flop (didn't bet)
Seat 6: kossu100 folded before Flop (didn't bet)



PokerStars Hand #240823612605:  Hold'em No Limit ($0.01/$0.02 USD) - 2022/12/31 14:40:56 ET
Table 'Nonie' 6-max Seat #2 is the button
Seat 1: Nico379 ($2.08 in chips) 
Seat 2: Valen_DLC ($2.17 in chips) 
Seat 3: TheBirtleyShark ($2 in chips) 
Seat 4: Lorpugo ($1.44 in chips) 
Seat 5: _$88Julienlim$_ ($2.03 in chips) 
Seat 6: kossu100 ($4.26 in chips) 
TheBirtleyShark: posts small blind $0.01
Lorpugo: posts big blind $0.02
*** HOLE CARDS ***
Dealt to Lorpugo [9s Qd]
_$88Julienlim$_: folds 
kossu100: folds 
Nico379: folds 
Valen_DLC: folds 
TheBirtleyShark: folds 
Uncalled bet ($0.01) returned to Lorpugo
Lorpugo collected $0.02 from pot
Lorpugo: doesn't show hand 
*** SUMMARY ***
Total pot $0.02 | Rake $0 
Seat 1: Nico379 folded before Flop (didn't bet)
Seat 2: Valen_DLC (button) folded before Flop (didn't bet)
Seat 3: TheBirtleyShark (small blind) folded before Flop
Seat 4: Lorpugo (big blind) collected ($0.02)
Seat 5: _$88Julienlim$_ folded before Flop (didn't bet)
Seat 6: kossu100 folded before Flop (didn't bet)



PokerStars Hand #240823614575:  Hold'em No Limit ($0.01/$0.02 USD) - 2022/12/31 14:41:04 ET
Table 'Nonie' 6-max Seat #3 is the button
Seat 1: Nico379 ($2.08 in chips) 
Seat 2: Valen_DLC ($2.17 in chips) 
Seat 3: TheBirtleyShark ($2 in chips) 
Seat 4: Lorpugo ($1.45 in chips) 
Seat 5: _$88Julienlim$_ ($2.03 in chips) 
Seat 6: kossu100 ($4.26 in chips) 
Lorpugo: posts small blind $0.01
_$88Julienlim$_: posts big blind $0.02
*** HOLE CARDS ***
Dealt to Lorpugo [4s 7s]
kossu100: folds 
Nico379: folds 
Valen_DLC: folds 
TheBirtleyShark: folds 
Lorpugo: raises $0.04 to $0.06
_$88Julienlim$_: calls $0.04
*** FLOP *** [8d 4d 6d]
Lorpugo: bets $0.04
_$88Julienlim$_: calls $0.04
*** TURN *** [8d 4d 6d] [4c]
Lorpugo: bets $0.10
_$88Julienlim$_: calls $0.10
*** RIVER *** [8d 4d 6d 4c] [Ad]
Lorpugo: checks 
_$88Julienlim$_: bets $0.20
Lorpugo: folds 
Uncalled bet ($0.20) returned to _$88Julienlim$_
_$88Julienlim$_ collected $0.39 from pot
*** SUMMARY ***
Total pot $0.40 | Rake $0.01 
Board [8d 4d 6d 4c Ad]
Seat 1: Nico379 folded before Flop (didn't bet)
Seat 2: Valen_DLC folded before Flop (didn't bet)
Seat 3: TheBirtleyShark (button) folded before Flop (didn't bet)
Seat 4: Lorpugo (small blind) folded on the River
Seat 5: _$88Julienlim$_ (big blind) collected ($0.39)
Seat 6: kossu100 folded before Flop (didn't bet)



PokerStars Hand #240823625601:  Hold'em No Limit ($0.01/$0.02 USD) - 2022/12/31 14:41:46 ET
Table 'Nonie' 6-max Seat #4 is the button
Seat 1: Nico379 ($2.08 in chips) 
Seat 2: Valen_DLC ($2.17 in chips) 
Seat 3: TheBirtleyShark ($2 in chips) 
Seat 4: Lorpugo ($1.25 in chips) 
Seat 5: _$88Julienlim$_ ($2.22 in chips) 
Seat 6: kossu100 ($4.26 in chips) 
_$88Julienlim$_: posts small blind $0.01
kossu100: posts big blind $0.02
*** HOLE CARDS ***
Dealt to Lorpugo [8c Td]
Nico379: folds 
Valen_DLC: folds 
TheBirtleyShark: raises $0.03 to $0.05
Lorpugo: folds 
_$88Julienlim$_: folds 
kossu100: folds 
Uncalled bet ($0.03) returned to TheBirtleyShark
TheBirtleyShark collected $0.05 from pot
*** SUMMARY ***
Total pot $0.05 | Rake $0 
Seat 1: Nico379 folded before Flop (didn't bet)
Seat 2: Valen_DLC folded before Flop (didn't bet)
Seat 3: TheBirtleyShark collected ($0.05)
Seat 4: Lorpugo (button) folded before Flop (didn't bet)
Seat 5: _$88Julienlim$_ (small blind) folded before Flop
Seat 6: kossu100 (big blind) folded before Flop



PokerStars Hand #240823629714:  Hold'em No Limit ($0.01/$0.02 USD) - 2022/12/31 14:42:02 ET
Table 'Nonie' 6-max Seat #5 is the button
Seat 1: Nico379 ($2.08 in chips) 
Seat 2: Valen_DLC ($2.17 in chips) 
Seat 3: TheBirtleyShark ($2.03 in chips) 
Seat 4: Lorpugo ($1.25 in chips) 
Seat 5: _$88Julienlim$_ ($2.21 in chips) 
Seat 6: kossu100 ($4.24 in chips) 
kossu100: posts small blind $0.01
Nico379: posts big blind $0.02
*** HOLE CARDS ***
Dealt to Lorpugo [6d Th]
Valen_DLC: folds 
TheBirtleyShark: folds 
Lorpugo: folds 
_$88Julienlim$_: folds 
kossu100: raises $0.04 to $0.06
Nico379: raises $0.12 to $0.18
kossu100: folds 
Uncalled bet ($0.12) returned to Nico379
Nico379 collected $0.12 from pot
*** SUMMARY ***
Total pot $0.12 | Rake $0 
Seat 1: Nico379 (big blind) collected ($0.12)
Seat 2: Valen_DLC folded before Flop (didn't bet)
Seat 3: TheBirtleyShark folded before Flop (didn't bet)
Seat 4: Lorpugo folded before Flop (didn't bet)
Seat 5: _$88Julienlim$_ (button) folded before Flop (didn't bet)
Seat 6: kossu100 (small blind) folded before Flop



PokerStars Hand #240823636220:  Hold'em No Limit ($0.01/$0.02 USD) - 2022/12/31 14:42:27 ET
Table 'Nonie' 6-max Seat #6 is the button
Seat 1: Nico379 ($2.14 in chips) 
Seat 2: Valen_DLC ($2.17 in chips) 
Seat 3: TheBirtleyShark ($2.03 in chips) 
Seat 4: Lorpugo ($1.25 in chips) 
Seat 5: _$88Julienlim$_ ($2.21 in chips) 
Seat 6: kossu100 ($4.18 in chips) 
Nico379: posts small blind $0.01
Valen_DLC: posts big blind $0.02
*** HOLE CARDS ***
Dealt to Lorpugo [5d 4c]
TheBirtleyShark: folds 
Lorpugo: folds 
_$88Julienlim$_: folds 
kossu100: raises $0.04 to $0.06
Nico379: calls $0.05
Valen_DLC: folds 
*** FLOP *** [Qs 8h 4h]
Nico379: checks 
kossu100: bets $0.07
Nico379: folds 
Uncalled bet ($0.07) returned to kossu100
kossu100 collected $0.14 from pot
*** SUMMARY ***
Total pot $0.14 | Rake $0 
Board [Qs 8h 4h]
Seat 1: Nico379 (small blind) folded on the Flop
Seat 2: Valen_DLC (big blind) folded before Flop
Seat 3: TheBirtleyShark folded before Flop (didn't bet)
Seat 4: Lorpugo folded before Flop (didn't bet)
Seat 5: _$88Julienlim$_ folded before Flop (didn't bet)
Seat 6: kossu100 (button) collected ($0.14)



PokerStars Hand #240823643480:  Hold'em No Limit ($0.01/$0.02 USD) - 2022/12/31 14:42:55 ET
Table 'Nonie' 6-max Seat #1 is the button
Seat 1: Nico379 ($2.08 in chips) 
Seat 2: Valen_DLC ($2.15 in chips) 
Seat 3: TheBirtleyShark ($2.03 in chips) 
Seat 4: Lorpugo ($1.25 in chips) 
Seat 5: _$88Julienlim$_ ($2.21 in chips) 
Seat 6: kossu100 ($4.26 in chips) 
Valen_DLC: posts small blind $0.01
TheBirtleyShark: posts big blind $0.02
*** HOLE CARDS ***
Dealt to Lorpugo [6s 3h]
Lorpugo: folds 
_$88Julienlim$_: folds 
kossu100: folds 
Nico379: folds 
Valen_DLC: raises $0.03 to $0.05
TheBirtleyShark: raises $0.10 to $0.15
Valen_DLC: raises $0.17 to $0.32
TheBirtleyShark: calls $0.17
*** FLOP *** [9d 8c 2d]
Valen_DLC: bets $0.22
TheBirtleyShark: calls $0.22
*** TURN *** [9d 8c 2d] [9h]
Valen_DLC: checks 
TheBirtleyShark: checks 
*** RIVER *** [9d 8c 2d 9h] [9c]
Valen_DLC: checks 
TheBirtleyShark: bets $0.34
Valen_DLC: calls $0.34
*** SHOW DOWN ***
TheBirtleyShark: shows [Kc Qh] (three of a kind, Nines)
Valen_DLC: shows [Qd Qs] (a full house, Nines full of Queens)
Valen_DLC collected $1.70 from pot
*** SUMMARY ***
Total pot $1.76 | Rake $0.06 
Board [9d 8c 2d 9h 9c]
Seat 1: Nico379 (button) folded before Flop (didn't bet)
Seat 2: Valen_DLC (small blind) showed [Qd Qs] and won ($1.70) with a full house, Nines full of Queens
Seat 3: TheBirtleyShark (big blind) showed [Kc Qh] and lost with three of a kind, Nines
Seat 4: Lorpugo folded before Flop (didn't bet)
Seat 5: _$88Julienlim$_ folded before Flop (didn't bet)
Seat 6: kossu100 folded before Flop (didn't bet)



PokerStars Hand #240823663395:  Hold'em No Limit ($0.01/$0.02 USD) - 2022/12/31 14:44:11 ET
Table 'Nonie' 6-max Seat #2 is the button
Seat 1: Nico379 ($2.08 in chips) 
Seat 2: Valen_DLC ($2.97 in chips) 
Seat 3: TheBirtleyShark ($2 in chips) 
Seat 4: Lorpugo ($1.25 in chips) 
Seat 5: _$88Julienlim$_ ($2.21 in chips) 
Seat 6: kossu100 ($4.26 in chips) 
TheBirtleyShark: posts small blind $0.01
Lorpugo: posts big blind $0.02
*** HOLE CARDS ***
Dealt to Lorpugo [3d Th]
_$88Julienlim$_: calls $0.02
kossu100: folds 
Nico379: folds 
Valen_DLC: folds 
TheBirtleyShark: folds 
Lorpugo: checks 
*** FLOP *** [Kh 8c Jd]
Lorpugo: checks 
_$88Julienlim$_: checks 
*** TURN *** [Kh 8c Jd] [9d]
Lorpugo: checks 
_$88Julienlim$_: checks 
*** RIVER *** [Kh 8c Jd 9d] [7c]
Lorpugo: bets $0.05
_$88Julienlim$_: folds 
Uncalled bet ($0.05) returned to Lorpugo
Lorpugo collected $0.05 from pot
Lorpugo: doesn't show hand 
*** SUMMARY ***
Total pot $0.05 | Rake $0 
Board [Kh 8c Jd 9d 7c]
Seat 1: Nico379 folded before Flop (didn't bet)
Seat 2: Valen_DLC (button) folded before Flop (didn't bet)
Seat 3: TheBirtleyShark (small blind) folded before Flop
Seat 4: Lorpugo (big blind) collected ($0.05)
Seat 5: _$88Julienlim$_ folded on the River
Seat 6: kossu100 folded before Flop (didn't bet)



PokerStars Hand #240823676352:  Hold'em No Limit ($0.01/$0.02 USD) - 2022/12/31 14:45:02 ET
Table 'Nonie' 6-max Seat #3 is the button
Seat 1: Nico379 ($2.08 in chips) 
Seat 2: Valen_DLC ($2.97 in chips) 
Seat 3: TheBirtleyShark ($2 in chips) 
Seat 4: Lorpugo ($1.28 in chips) 
Seat 5: _$88Julienlim$_ ($2.19 in chips) 
Seat 6: kossu100 ($4.26 in chips) 
Lorpugo: posts small blind $0.01
_$88Julienlim$_: posts big blind $0.02
*** HOLE CARDS ***
Dealt to Lorpugo [6h 8s]
kossu100: raises $0.04 to $0.06
Nico379: folds 
Valen_DLC: folds 
TheBirtleyShark: folds 
Lorpugo: folds 
_$88Julienlim$_: calls $0.04
*** FLOP *** [2h 2c 2d]
_$88Julienlim$_: bets $0.06
kossu100: raises $0.18 to $0.24
_$88Julienlim$_: calls $0.18
*** TURN *** [2h 2c 2d] [4c]
_$88Julienlim$_: bets $0.30
kossu100: raises $1.20 to $1.50
_$88Julienlim$_: raises $0.39 to $1.89 and is all-in
kossu100: calls $0.39
*** RIVER *** [2h 2c 2d 4c] [Ac]
*** SHOW DOWN ***
_$88Julienlim$_: shows [Tc Ts] (a full house, Deuces full of Tens)
kossu100: shows [Qd Qc] (a full house, Deuces full of Queens)
kossu100 collected $4.24 from pot
*** SUMMARY ***
Total pot $4.39 | Rake $0.15 
Board [2h 2c 2d 4c Ac]
Seat 1: Nico379 folded before Flop (didn't bet)
Seat 2: Valen_DLC folded before Flop (didn't bet)
Seat 3: TheBirtleyShark (button) folded before Flop (didn't bet)
Seat 4: Lorpugo (small blind) folded before Flop
Seat 5: _$88Julienlim$_ (big blind) showed [Tc Ts] and lost with a full house, Deuces full of Tens
Seat 6: kossu100 showed [Qd Qc] and won ($4.24) with a full house, Deuces full of Queens



PokerStars Hand #240823691635:  Hold'em No Limit ($0.01/$0.02 USD) - 2022/12/31 14:46:01 ET
Table 'Nonie' 6-max Seat #4 is the button
Seat 1: Nico379 ($2.08 in chips) 
Seat 2: Valen_DLC ($2.97 in chips) 
Seat 3: TheBirtleyShark ($2 in chips) 
Seat 4: Lorpugo ($1.27 in chips) 
Seat 6: kossu100 ($6.31 in chips) 
kossu100: posts small blind $0.01
Nico379: posts big blind $0.02
*** HOLE CARDS ***
Dealt to Lorpugo [Ah 7d]
Valen_DLC: raises $0.03 to $0.05
TheBirtleyShark: raises $0.10 to $0.15
Lorpugo: folds 
kossu100: folds 
Nico379: folds 
Valen_DLC: raises $0.19 to $0.34
TheBirtleyShark: calls $0.19
*** FLOP *** [Th 4h 7s]
Valen_DLC: checks 
TheBirtleyShark: bets $0.28
Valen_DLC: folds 
Uncalled bet ($0.28) returned to TheBirtleyShark
TheBirtleyShark collected $0.69 from pot
*** SUMMARY ***
Total pot $0.71 | Rake $0.02 
Board [Th 4h 7s]
Seat 1: Nico379 (big blind) folded before Flop
Seat 2: Valen_DLC folded on the Flop
Seat 3: TheBirtleyShark collected ($0.69)
Seat 4: Lorpugo (button) folded before Flop (didn't bet)
Seat 6: kossu100 (small blind) folded before Flop



PokerStars Hand #240823706821:  Hold'em No Limit ($0.01/$0.02 USD) - 2022/12/31 14:47:00 ET
Table 'Nonie' 6-max Seat #6 is the button
Seat 1: Nico379 ($2.06 in chips) 
Seat 2: Valen_DLC ($2.63 in chips) 
Seat 3: TheBirtleyShark ($2.35 in chips) 
Seat 4: Lorpugo ($1.27 in chips) 
Seat 5: _$88Julienlim$_ ($2 in chips) 
Seat 6: kossu100 ($6.30 in chips) 
Nico379: posts small blind $0.01
Valen_DLC: posts big blind $0.02
_$88Julienlim$_: posts small blind $0.01
*** HOLE CARDS ***
Dealt to Lorpugo [Qs Th]
TheBirtleyShark: folds 
Lorpugo: folds 
_$88Julienlim$_: folds 
kossu100: folds 
Nico379: calls $0.01
Valen_DLC: checks 
*** FLOP *** [Ks 9s Td]
Nico379: checks 
Valen_DLC: checks 
*** TURN *** [Ks 9s Td] [Ah]
Nico379: checks 
Valen_DLC: checks 
*** RIVER *** [Ks 9s Td Ah] [Kh]
Nico379: checks 
Valen_DLC: checks 
*** SHOW DOWN ***
Nico379: shows [2h Js] (a pair of Kings)
Valen_DLC: mucks hand 
Nico379 collected $0.05 from pot
*** SUMMARY ***
Total pot $0.05 | Rake $0 
Board [Ks 9s Td Ah Kh]
Seat 1: Nico379 (small blind) showed [2h Js] and won ($0.05) with a pair of Kings
Seat 2: Valen_DLC (big blind) mucked [8s 6h]
Seat 3: TheBirtleyShark folded before Flop (didn't bet)
Seat 4: Lorpugo folded before Flop (didn't bet)
Seat 5: _$88Julienlim$_ folded before Flop (didn't bet)
Seat 6: kossu100 (button) folded before Flop (didn't bet)



