PokerStars Hand #240640439385:  Hold'em No Limit ($0.01/$0.02 USD) - 2022/12/23 10:02:02 ET
Table 'Petrina' 6-max Seat #2 is the button
Seat 2: Breaker9000 ($2.53 in chips) 
Seat 3: rogerel5 ($1.96 in chips) 
Seat 4: Lorpugo ($1.60 in chips) 
Seat 6: Nachtkuetz ($2.06 in chips) 
rogerel5: posts small blind $0.01
Lorpugo: posts big blind $0.02
*** HOLE CARDS ***
Dealt to Lorpugo [Ks 2s]
Nachtkuetz: raises $0.04 to $0.06
Breaker9000: folds 
rogerel5: folds 
Lorpugo: folds 
Uncalled bet ($0.04) returned to Nachtkuetz
Nachtkuetz collected $0.05 from pot
Nachtkuetz: doesn't show hand 
*** SUMMARY ***
Total pot $0.05 | Rake $0 
Seat 2: Breaker9000 (button) folded before Flop (didn't bet)
Seat 3: rogerel5 (small blind) folded before Flop
Seat 4: Lorpugo (big blind) folded before Flop
Seat 6: Nachtkuetz collected ($0.05)



PokerStars Hand #240640444191:  Hold'em No Limit ($0.01/$0.02 USD) - 2022/12/23 10:02:21 ET
Table 'Petrina' 6-max Seat #3 is the button
Seat 2: Breaker9000 ($2.53 in chips) 
Seat 3: rogerel5 ($1.95 in chips) 
Seat 4: Lorpugo ($1.58 in chips) 
Seat 6: Nachtkuetz ($2.09 in chips) 
Lorpugo: posts small blind $0.01
Nachtkuetz: posts big blind $0.02
*** HOLE CARDS ***
Dealt to Lorpugo [4h Qh]
Breaker9000: folds 
rogerel5: raises $0.04 to $0.06
Lorpugo: folds 
Nachtkuetz: folds 
Uncalled bet ($0.04) returned to rogerel5
rogerel5 collected $0.05 from pot
rogerel5: doesn't show hand 
*** SUMMARY ***
Total pot $0.05 | Rake $0 
Seat 2: Breaker9000 folded before Flop (didn't bet)
Seat 3: rogerel5 (button) collected ($0.05)
Seat 4: Lorpugo (small blind) folded before Flop
Seat 6: Nachtkuetz (big blind) folded before Flop



PokerStars Hand #240640450033:  Hold'em No Limit ($0.01/$0.02 USD) - 2022/12/23 10:02:45 ET
Table 'Petrina' 6-max Seat #4 is the button
Seat 1: finlaymack91 ($0.80 in chips) 
Seat 2: Breaker9000 ($2.53 in chips) 
Seat 3: rogerel5 ($1.98 in chips) 
Seat 4: Lorpugo ($1.57 in chips) 
Seat 6: Nachtkuetz ($2.07 in chips) 
Nachtkuetz: posts small blind $0.01
finlaymack91: posts big blind $0.02
*** HOLE CARDS ***
Dealt to Lorpugo [8d 4d]
Breaker9000: folds 
rogerel5: folds 
Lorpugo: folds 
Nachtkuetz: folds 
Uncalled bet ($0.01) returned to finlaymack91
finlaymack91 collected $0.02 from pot
*** SUMMARY ***
Total pot $0.02 | Rake $0 
Seat 1: finlaymack91 (big blind) collected ($0.02)
Seat 2: Breaker9000 folded before Flop (didn't bet)
Seat 3: rogerel5 folded before Flop (didn't bet)
Seat 4: Lorpugo (button) folded before Flop (didn't bet)
Seat 6: Nachtkuetz (small blind) folded before Flop



PokerStars Hand #240640453253:  Hold'em No Limit ($0.01/$0.02 USD) - 2022/12/23 10:02:57 ET
Table 'Petrina' 6-max Seat #6 is the button
Seat 1: finlaymack91 ($0.81 in chips) 
Seat 2: Breaker9000 ($2.53 in chips) 
Seat 3: rogerel5 ($1.98 in chips) 
Seat 4: Lorpugo ($1.57 in chips) 
Seat 6: Nachtkuetz ($2.06 in chips) 
finlaymack91: posts small blind $0.01
Breaker9000: posts big blind $0.02
*** HOLE CARDS ***
Dealt to Lorpugo [Kh 8c]
rogerel5: folds 
Lorpugo: folds 
Nachtkuetz: raises $0.03 to $0.05
finlaymack91: raises $0.09 to $0.14
Breaker9000: folds 
Nachtkuetz: raises $0.79 to $0.93
finlaymack91: folds 
Uncalled bet ($0.79) returned to Nachtkuetz
Nachtkuetz collected $0.30 from pot
Nachtkuetz: doesn't show hand 
*** SUMMARY ***
Total pot $0.30 | Rake $0 
Seat 1: finlaymack91 (small blind) folded before Flop
Seat 2: Breaker9000 (big blind) folded before Flop
Seat 3: rogerel5 folded before Flop (didn't bet)
Seat 4: Lorpugo folded before Flop (didn't bet)
Seat 6: Nachtkuetz (button) collected ($0.30)



PokerStars Hand #240640461076:  Hold'em No Limit ($0.01/$0.02 USD) - 2022/12/23 10:03:27 ET
Table 'Petrina' 6-max Seat #1 is the button
Seat 1: finlaymack91 ($0.67 in chips) 
Seat 2: Breaker9000 ($2.51 in chips) 
Seat 3: rogerel5 ($1.98 in chips) 
Seat 4: Lorpugo ($1.57 in chips) 
Seat 6: Nachtkuetz ($2.22 in chips) 
Breaker9000: posts small blind $0.01
rogerel5: posts big blind $0.02
*** HOLE CARDS ***
Dealt to Lorpugo [8h 2c]
Lorpugo: folds 
Nachtkuetz: folds 
finlaymack91: raises $0.04 to $0.06
Breaker9000: folds 
rogerel5: raises $0.18 to $0.24
finlaymack91: raises $0.43 to $0.67 and is all-in
rogerel5: calls $0.43
*** FLOP *** [Td As 9s]
xeeneizze joins the table at seat #5 
*** TURN *** [Td As 9s] [9c]
*** RIVER *** [Td As 9s 9c] [5s]
*** SHOW DOWN ***
rogerel5: shows [Tc Ts] (a full house, Tens full of Nines)
finlaymack91: shows [4h Qh] (a pair of Nines)
rogerel5 collected $1.30 from pot
*** SUMMARY ***
Total pot $1.35 | Rake $0.05 
Board [Td As 9s 9c 5s]
Seat 1: finlaymack91 (button) showed [4h Qh] and lost with a pair of Nines
Seat 2: Breaker9000 (small blind) folded before Flop
Seat 3: rogerel5 (big blind) showed [Tc Ts] and won ($1.30) with a full house, Tens full of Nines
Seat 4: Lorpugo folded before Flop (didn't bet)
Seat 6: Nachtkuetz folded before Flop (didn't bet)



PokerStars Hand #240640469678:  Hold'em No Limit ($0.01/$0.02 USD) - 2022/12/23 10:04:01 ET
Table 'Petrina' 6-max Seat #2 is the button
Seat 2: Breaker9000 ($2.50 in chips) 
Seat 3: rogerel5 ($2.61 in chips) 
Seat 4: Lorpugo ($1.57 in chips) 
Seat 6: Nachtkuetz ($2.22 in chips) 
rogerel5: posts small blind $0.01
Lorpugo: posts big blind $0.02
*** HOLE CARDS ***
Dealt to Lorpugo [4d 2s]
Nachtkuetz: folds 
finlaymack91 leaves the table
Breaker9000: raises $0.02 to $0.04
rogerel5: folds 
Lorpugo: calls $0.02
*** FLOP *** [8h 5c Qc]
Lorpugo: checks 
Breaker9000: checks 
*** TURN *** [8h 5c Qc] [9h]
Lorpugo: checks 
Breaker9000: checks 
*** RIVER *** [8h 5c Qc 9h] [2h]
Lorpugo: checks 
Breaker9000: checks 
*** SHOW DOWN ***
Lorpugo: shows [4d 2s] (a pair of Deuces)
Breaker9000: shows [5d 6d] (a pair of Fives)
Breaker9000 collected $0.09 from pot
*** SUMMARY ***
Total pot $0.09 | Rake $0 
Board [8h 5c Qc 9h 2h]
Seat 2: Breaker9000 (button) showed [5d 6d] and won ($0.09) with a pair of Fives
Seat 3: rogerel5 (small blind) folded before Flop
Seat 4: Lorpugo (big blind) showed [4d 2s] and lost with a pair of Deuces
Seat 6: Nachtkuetz folded before Flop (didn't bet)



PokerStars Hand #240640485112:  Hold'em No Limit ($0.01/$0.02 USD) - 2022/12/23 10:05:02 ET
Table 'Petrina' 6-max Seat #3 is the button
Seat 2: Breaker9000 ($2.55 in chips) 
Seat 3: rogerel5 ($2.60 in chips) 
Seat 4: Lorpugo ($1.53 in chips) 
Seat 5: xeeneizze ($2 in chips) 
Seat 6: Nachtkuetz ($2.22 in chips) 
Lorpugo: posts small blind $0.01
xeeneizze: posts big blind $0.02
*** HOLE CARDS ***
Dealt to Lorpugo [Jc 2s]
Nachtkuetz: folds 
Breaker9000: raises $0.02 to $0.04
rogerel5: calls $0.04
Lorpugo: folds 
xeeneizze: folds 
*** FLOP *** [2h 8c Js]
Breaker9000: checks 
rogerel5: checks 
*** TURN *** [2h 8c Js] [4s]
Breaker9000: checks 
rogerel5: bets $0.11
MAGGICIAN OTB joins the table at seat #1 
Breaker9000: folds 
Uncalled bet ($0.11) returned to rogerel5
rogerel5 collected $0.11 from pot
rogerel5: doesn't show hand 
*** SUMMARY ***
Total pot $0.11 | Rake $0 
Board [2h 8c Js 4s]
Seat 2: Breaker9000 folded on the Turn
Seat 3: rogerel5 (button) collected ($0.11)
Seat 4: Lorpugo (small blind) folded before Flop
Seat 5: xeeneizze (big blind) folded before Flop
Seat 6: Nachtkuetz folded before Flop (didn't bet)



PokerStars Hand #240640499228:  Hold'em No Limit ($0.01/$0.02 USD) - 2022/12/23 10:05:56 ET
Table 'Petrina' 6-max Seat #4 is the button
Seat 2: Breaker9000 ($2.51 in chips) 
Seat 3: rogerel5 ($2.67 in chips) 
Seat 4: Lorpugo ($1.52 in chips) 
Seat 5: xeeneizze ($2 in chips) 
Seat 6: Nachtkuetz ($2.22 in chips) 
xeeneizze: posts small blind $0.01
Nachtkuetz: posts big blind $0.02
*** HOLE CARDS ***
Dealt to Lorpugo [2h 5c]
Breaker9000: folds 
rogerel5: raises $0.04 to $0.06
Lorpugo: folds 
xeeneizze: folds 
Nachtkuetz: folds 
Uncalled bet ($0.04) returned to rogerel5
rogerel5 collected $0.05 from pot
rogerel5: doesn't show hand 
*** SUMMARY ***
Total pot $0.05 | Rake $0 
Seat 2: Breaker9000 folded before Flop (didn't bet)
Seat 3: rogerel5 collected ($0.05)
Seat 4: Lorpugo (button) folded before Flop (didn't bet)
Seat 5: xeeneizze (small blind) folded before Flop
Seat 6: Nachtkuetz (big blind) folded before Flop



PokerStars Hand #240640506009:  Hold'em No Limit ($0.01/$0.02 USD) - 2022/12/23 10:06:23 ET
Table 'Petrina' 6-max Seat #5 is the button
Seat 1: MAGGICIAN OTB ($2 in chips) 
Seat 2: Breaker9000 ($2.51 in chips) 
Seat 3: rogerel5 ($2.70 in chips) 
Seat 4: Lorpugo ($1.52 in chips) 
Seat 5: xeeneizze ($2 in chips) 
Seat 6: Nachtkuetz ($2.20 in chips) 
Nachtkuetz: posts small blind $0.01
MAGGICIAN OTB: posts big blind $0.02
*** HOLE CARDS ***
Dealt to Lorpugo [7h Qh]
Breaker9000: folds 
rogerel5: folds 
Lorpugo: folds 
xeeneizze: folds 
Nachtkuetz: folds 
Uncalled bet ($0.01) returned to MAGGICIAN OTB
MAGGICIAN OTB collected $0.02 from pot
MAGGICIAN OTB: doesn't show hand 
*** SUMMARY ***
Total pot $0.02 | Rake $0 
Seat 1: MAGGICIAN OTB (big blind) collected ($0.02)
Seat 2: Breaker9000 folded before Flop (didn't bet)
Seat 3: rogerel5 folded before Flop (didn't bet)
Seat 4: Lorpugo folded before Flop (didn't bet)
Seat 5: xeeneizze (button) folded before Flop (didn't bet)
Seat 6: Nachtkuetz (small blind) folded before Flop



PokerStars Hand #240640511332:  Hold'em No Limit ($0.01/$0.02 USD) - 2022/12/23 10:06:43 ET
Table 'Petrina' 6-max Seat #6 is the button
Seat 1: MAGGICIAN OTB ($2.01 in chips) 
Seat 2: Breaker9000 ($2.51 in chips) 
Seat 3: rogerel5 ($2.70 in chips) 
Seat 4: Lorpugo ($1.52 in chips) 
Seat 5: xeeneizze ($2 in chips) 
Seat 6: Nachtkuetz ($2.19 in chips) 
MAGGICIAN OTB: posts small blind $0.01
Breaker9000: posts big blind $0.02
*** HOLE CARDS ***
Dealt to Lorpugo [Tc 6d]
rogerel5: raises $0.04 to $0.06
Lorpugo: folds 
xeeneizze: folds 
Nachtkuetz: folds 
MAGGICIAN OTB: calls $0.05
Breaker9000: calls $0.04
*** FLOP *** [Qc 5s 8d]
MAGGICIAN OTB: checks 
Breaker9000: checks 
rogerel5: bets $0.12
MAGGICIAN OTB: folds 
Breaker9000: folds 
Uncalled bet ($0.12) returned to rogerel5
rogerel5 collected $0.17 from pot
rogerel5: doesn't show hand 
*** SUMMARY ***
Total pot $0.18 | Rake $0.01 
Board [Qc 5s 8d]
Seat 1: MAGGICIAN OTB (small blind) folded on the Flop
Seat 2: Breaker9000 (big blind) folded on the Flop
Seat 3: rogerel5 collected ($0.17)
Seat 4: Lorpugo folded before Flop (didn't bet)
Seat 5: xeeneizze folded before Flop (didn't bet)
Seat 6: Nachtkuetz (button) folded before Flop (didn't bet)



PokerStars Hand #240640524247:  Hold'em No Limit ($0.01/$0.02 USD) - 2022/12/23 10:07:33 ET
Table 'Petrina' 6-max Seat #1 is the button
Seat 1: MAGGICIAN OTB ($2 in chips) 
Seat 2: Breaker9000 ($2.45 in chips) 
Seat 3: rogerel5 ($2.81 in chips) 
Seat 4: Lorpugo ($1.52 in chips) 
Seat 5: xeeneizze ($2 in chips) 
Seat 6: Nachtkuetz ($2.19 in chips) 
Breaker9000: posts small blind $0.01
rogerel5: posts big blind $0.02
*** HOLE CARDS ***
Dealt to Lorpugo [Jc Jd]
Lorpugo: raises $0.04 to $0.06
xeeneizze: folds 
Nachtkuetz: folds 
MAGGICIAN OTB: folds 
Breaker9000: folds 
rogerel5: folds 
Uncalled bet ($0.04) returned to Lorpugo
Lorpugo collected $0.05 from pot
Lorpugo: doesn't show hand 
*** SUMMARY ***
Total pot $0.05 | Rake $0 
Seat 1: MAGGICIAN OTB (button) folded before Flop (didn't bet)
Seat 2: Breaker9000 (small blind) folded before Flop
Seat 3: rogerel5 (big blind) folded before Flop
Seat 4: Lorpugo collected ($0.05)
Seat 5: xeeneizze folded before Flop (didn't bet)
Seat 6: Nachtkuetz folded before Flop (didn't bet)



PokerStars Hand #240640527437:  Hold'em No Limit ($0.01/$0.02 USD) - 2022/12/23 10:07:45 ET
Table 'Petrina' 6-max Seat #2 is the button
Seat 1: MAGGICIAN OTB ($2 in chips) 
Seat 2: Breaker9000 ($2.44 in chips) 
Seat 3: rogerel5 ($2.79 in chips) 
Seat 4: Lorpugo ($1.55 in chips) 
Seat 5: xeeneizze ($2 in chips) 
Seat 6: Nachtkuetz ($2.19 in chips) 
rogerel5: posts small blind $0.01
Lorpugo: posts big blind $0.02
*** HOLE CARDS ***
Dealt to Lorpugo [Ad Th]
xeeneizze: folds 
Nachtkuetz: folds 
MAGGICIAN OTB: folds 
Breaker9000: folds 
rogerel5: raises $0.04 to $0.06
Lorpugo: raises $0.12 to $0.18
rogerel5: folds 
Uncalled bet ($0.12) returned to Lorpugo
Lorpugo collected $0.12 from pot
Lorpugo: doesn't show hand 
*** SUMMARY ***
Total pot $0.12 | Rake $0 
Seat 1: MAGGICIAN OTB folded before Flop (didn't bet)
Seat 2: Breaker9000 (button) folded before Flop (didn't bet)
Seat 3: rogerel5 (small blind) folded before Flop
Seat 4: Lorpugo (big blind) collected ($0.12)
Seat 5: xeeneizze folded before Flop (didn't bet)
Seat 6: Nachtkuetz folded before Flop (didn't bet)



PokerStars Hand #240640535086:  Hold'em No Limit ($0.01/$0.02 USD) - 2022/12/23 10:08:14 ET
Table 'Petrina' 6-max Seat #3 is the button
Seat 1: MAGGICIAN OTB ($2 in chips) 
Seat 2: Breaker9000 ($2.44 in chips) 
Seat 3: rogerel5 ($2.73 in chips) 
Seat 4: Lorpugo ($1.61 in chips) 
Seat 5: xeeneizze ($2 in chips) 
Seat 6: Nachtkuetz ($2.19 in chips) 
Lorpugo: posts small blind $0.01
xeeneizze: posts big blind $0.02
*** HOLE CARDS ***
Dealt to Lorpugo [Kd 5h]
Nachtkuetz: folds 
MAGGICIAN OTB: folds 
Breaker9000: raises $0.03 to $0.05
rogerel5: raises $0.17 to $0.22
Lorpugo: folds 
xeeneizze: folds 
Breaker9000: calls $0.17
*** FLOP *** [Qc 5c 2s]
Breaker9000: checks 
rogerel5: bets $0.30
Breaker9000: calls $0.30
*** TURN *** [Qc 5c 2s] [7h]
Breaker9000: checks 
rogerel5: bets $0.80
Breaker9000: folds 
Uncalled bet ($0.80) returned to rogerel5
rogerel5 collected $1.03 from pot
rogerel5: doesn't show hand 
*** SUMMARY ***
Total pot $1.07 | Rake $0.04 
Board [Qc 5c 2s 7h]
Seat 1: MAGGICIAN OTB folded before Flop (didn't bet)
Seat 2: Breaker9000 folded on the Turn
Seat 3: rogerel5 (button) collected ($1.03)
Seat 4: Lorpugo (small blind) folded before Flop
Seat 5: xeeneizze (big blind) folded before Flop
Seat 6: Nachtkuetz folded before Flop (didn't bet)



PokerStars Hand #240640550381:  Hold'em No Limit ($0.01/$0.02 USD) - 2022/12/23 10:09:12 ET
Table 'Petrina' 6-max Seat #4 is the button
Seat 1: MAGGICIAN OTB ($2 in chips) 
Seat 2: Breaker9000 ($1.92 in chips) 
Seat 3: rogerel5 ($3.24 in chips) 
Seat 4: Lorpugo ($1.60 in chips) 
Seat 5: xeeneizze ($2 in chips) 
Seat 6: Nachtkuetz ($2.19 in chips) 
xeeneizze: posts small blind $0.01
Nachtkuetz: posts big blind $0.02
*** HOLE CARDS ***
Dealt to Lorpugo [Tc 7h]
MAGGICIAN OTB: folds 
Breaker9000: folds 
rogerel5: folds 
Lorpugo: raises $0.04 to $0.06
xeeneizze: folds 
Nachtkuetz: folds 
Uncalled bet ($0.04) returned to Lorpugo
Lorpugo collected $0.05 from pot
Lorpugo: doesn't show hand 
*** SUMMARY ***
Total pot $0.05 | Rake $0 
Seat 1: MAGGICIAN OTB folded before Flop (didn't bet)
Seat 2: Breaker9000 folded before Flop (didn't bet)
Seat 3: rogerel5 folded before Flop (didn't bet)
Seat 4: Lorpugo (button) collected ($0.05)
Seat 5: xeeneizze (small blind) folded before Flop
Seat 6: Nachtkuetz (big blind) folded before Flop



PokerStars Hand #240640560384:  Hold'em No Limit ($0.01/$0.02 USD) - 2022/12/23 10:09:50 ET
Table 'Petrina' 6-max Seat #5 is the button
Seat 1: MAGGICIAN OTB ($2 in chips) 
Seat 2: Breaker9000 ($1.92 in chips) 
Seat 3: rogerel5 ($3.24 in chips) 
Seat 4: Lorpugo ($1.63 in chips) 
Seat 5: xeeneizze ($2 in chips) 
Seat 6: Nachtkuetz ($2.17 in chips) 
Nachtkuetz: posts small blind $0.01
MAGGICIAN OTB: posts big blind $0.02
*** HOLE CARDS ***
Dealt to Lorpugo [Th Qs]
Breaker9000: folds 
rogerel5: raises $0.04 to $0.06
Lorpugo: folds 
xeeneizze: folds 
Nachtkuetz: folds 
MAGGICIAN OTB: folds 
Uncalled bet ($0.04) returned to rogerel5
rogerel5 collected $0.05 from pot
rogerel5: doesn't show hand 
*** SUMMARY ***
Total pot $0.05 | Rake $0 
Seat 1: MAGGICIAN OTB (big blind) folded before Flop
Seat 2: Breaker9000 folded before Flop (didn't bet)
Seat 3: rogerel5 collected ($0.05)
Seat 4: Lorpugo folded before Flop (didn't bet)
Seat 5: xeeneizze (button) folded before Flop (didn't bet)
Seat 6: Nachtkuetz (small blind) folded before Flop



PokerStars Hand #240640565179:  Hold'em No Limit ($0.01/$0.02 USD) - 2022/12/23 10:10:09 ET
Table 'Petrina' 6-max Seat #6 is the button
Seat 1: MAGGICIAN OTB ($1.98 in chips) 
Seat 2: Breaker9000 ($1.92 in chips) 
Seat 3: rogerel5 ($3.27 in chips) 
Seat 4: Lorpugo ($1.63 in chips) 
Seat 5: xeeneizze ($2 in chips) 
Seat 6: Nachtkuetz ($2.16 in chips) 
MAGGICIAN OTB: posts small blind $0.01
Breaker9000: posts big blind $0.02
*** HOLE CARDS ***
Dealt to Lorpugo [Ah Kd]
rogerel5: folds 
Lorpugo: raises $0.04 to $0.06
xeeneizze: folds 
Nachtkuetz: folds 
MAGGICIAN OTB: folds 
Breaker9000: calls $0.04
*** FLOP *** [Qc 4h 5s]
Breaker9000: checks 
Lorpugo: bets $0.08
Breaker9000: calls $0.08
*** TURN *** [Qc 4h 5s] [Ad]
Breaker9000: checks 
Lorpugo: bets $0.14
Breaker9000: folds 
Uncalled bet ($0.14) returned to Lorpugo
Lorpugo collected $0.28 from pot
Lorpugo: doesn't show hand 
*** SUMMARY ***
Total pot $0.29 | Rake $0.01 
Board [Qc 4h 5s Ad]
Seat 1: MAGGICIAN OTB (small blind) folded before Flop
Seat 2: Breaker9000 (big blind) folded on the Turn
Seat 3: rogerel5 folded before Flop (didn't bet)
Seat 4: Lorpugo collected ($0.28)
Seat 5: xeeneizze folded before Flop (didn't bet)
Seat 6: Nachtkuetz (button) folded before Flop (didn't bet)



PokerStars Hand #240640580725:  Hold'em No Limit ($0.01/$0.02 USD) - 2022/12/23 10:11:08 ET
Table 'Petrina' 6-max Seat #1 is the button
Seat 1: MAGGICIAN OTB ($1.97 in chips) 
Seat 2: Breaker9000 ($2 in chips) 
Seat 3: rogerel5 ($3.27 in chips) 
Seat 4: Lorpugo ($1.77 in chips) 
Seat 5: xeeneizze ($2 in chips) 
Seat 6: Nachtkuetz ($2.16 in chips) 
Breaker9000: posts small blind $0.01
rogerel5: posts big blind $0.02
*** HOLE CARDS ***
Dealt to Lorpugo [9s Td]
Lorpugo: folds 
xeeneizze: raises $0.03 to $0.05
Nachtkuetz: raises $0.03 to $0.08
MAGGICIAN OTB: folds 
Breaker9000: folds 
rogerel5: folds 
xeeneizze: calls $0.03
*** FLOP *** [As 6h Jd]
xeeneizze: checks 
Nachtkuetz: bets $0.09
xeeneizze: calls $0.09
*** TURN *** [As 6h Jd] [7s]
xeeneizze: checks 
Nachtkuetz: bets $0.19
xeeneizze: folds 
Uncalled bet ($0.19) returned to Nachtkuetz
Nachtkuetz collected $0.36 from pot
Nachtkuetz: doesn't show hand 
*** SUMMARY ***
Total pot $0.37 | Rake $0.01 
Board [As 6h Jd 7s]
Seat 1: MAGGICIAN OTB (button) folded before Flop (didn't bet)
Seat 2: Breaker9000 (small blind) folded before Flop
Seat 3: rogerel5 (big blind) folded before Flop
Seat 4: Lorpugo folded before Flop (didn't bet)
Seat 5: xeeneizze folded on the Turn
Seat 6: Nachtkuetz collected ($0.36)



PokerStars Hand #240640590543:  Hold'em No Limit ($0.01/$0.02 USD) - 2022/12/23 10:11:45 ET
Table 'Petrina' 6-max Seat #2 is the button
Seat 1: MAGGICIAN OTB ($1.97 in chips) 
Seat 2: Breaker9000 ($1.99 in chips) 
Seat 3: rogerel5 ($3.25 in chips) 
Seat 4: Lorpugo ($1.77 in chips) 
Seat 5: xeeneizze ($2 in chips) 
Seat 6: Nachtkuetz ($2.35 in chips) 
rogerel5: posts small blind $0.01
Lorpugo: posts big blind $0.02
*** HOLE CARDS ***
Dealt to Lorpugo [Th Qd]
xeeneizze: folds 
Nachtkuetz: folds 
MAGGICIAN OTB: raises $0.03 to $0.05
Breaker9000: folds 
rogerel5: folds 
Lorpugo: calls $0.03
*** FLOP *** [As Qh Tc]
Lorpugo: bets $0.06
MAGGICIAN OTB: calls $0.06
*** TURN *** [As Qh Tc] [Jc]
Lorpugo: checks 
MAGGICIAN OTB: checks 
*** RIVER *** [As Qh Tc Jc] [Jd]
Lorpugo: checks 
MAGGICIAN OTB: checks 
*** SHOW DOWN ***
Lorpugo: shows [Th Qd] (two pair, Queens and Jacks)
MAGGICIAN OTB: shows [9d Ad] (two pair, Aces and Jacks)
MAGGICIAN OTB collected $0.22 from pot
*** SUMMARY ***
Total pot $0.23 | Rake $0.01 
Board [As Qh Tc Jc Jd]
Seat 1: MAGGICIAN OTB showed [9d Ad] and won ($0.22) with two pair, Aces and Jacks
Seat 2: Breaker9000 (button) folded before Flop (didn't bet)
Seat 3: rogerel5 (small blind) folded before Flop
Seat 4: Lorpugo (big blind) showed [Th Qd] and lost with two pair, Queens and Jacks
Seat 5: xeeneizze folded before Flop (didn't bet)
Seat 6: Nachtkuetz folded before Flop (didn't bet)



PokerStars Hand #240640605435:  Hold'em No Limit ($0.01/$0.02 USD) - 2022/12/23 10:12:42 ET
Table 'Petrina' 6-max Seat #3 is the button
Seat 1: MAGGICIAN OTB ($2.08 in chips) 
Seat 2: Breaker9000 ($1.99 in chips) 
Seat 3: rogerel5 ($3.24 in chips) 
Seat 4: Lorpugo ($1.66 in chips) 
Seat 5: xeeneizze ($2 in chips) 
Seat 6: Nachtkuetz ($2.35 in chips) 
Lorpugo: posts small blind $0.01
xeeneizze: posts big blind $0.02
*** HOLE CARDS ***
Dealt to Lorpugo [6d As]
Nachtkuetz: folds 
MAGGICIAN OTB: folds 
Breaker9000: folds 
rogerel5: raises $0.04 to $0.06
Lorpugo: calls $0.05
xeeneizze: calls $0.04
*** FLOP *** [Qc 3s 5d]
Lorpugo: checks 
xeeneizze: checks 
rogerel5: checks 
*** TURN *** [Qc 3s 5d] [2c]
Lorpugo: bets $0.11
xeeneizze: folds 
rogerel5: folds 
Uncalled bet ($0.11) returned to Lorpugo
Lorpugo collected $0.17 from pot
Lorpugo: doesn't show hand 
*** SUMMARY ***
Total pot $0.18 | Rake $0.01 
Board [Qc 3s 5d 2c]
Seat 1: MAGGICIAN OTB folded before Flop (didn't bet)
Seat 2: Breaker9000 folded before Flop (didn't bet)
Seat 3: rogerel5 (button) folded on the Turn
Seat 4: Lorpugo (small blind) collected ($0.17)
Seat 5: xeeneizze (big blind) folded on the Turn
Seat 6: Nachtkuetz folded before Flop (didn't bet)



PokerStars Hand #240640617738:  Hold'em No Limit ($0.01/$0.02 USD) - 2022/12/23 10:13:29 ET
Table 'Petrina' 6-max Seat #4 is the button
Seat 1: MAGGICIAN OTB ($2.08 in chips) 
Seat 2: Breaker9000 ($1.99 in chips) 
Seat 3: rogerel5 ($3.18 in chips) 
Seat 4: Lorpugo ($1.77 in chips) 
Seat 5: xeeneizze ($2 in chips) 
Seat 6: Nachtkuetz ($2.35 in chips) 
xeeneizze: posts small blind $0.01
Nachtkuetz: posts big blind $0.02
*** HOLE CARDS ***
Dealt to Lorpugo [5c 6h]
MAGGICIAN OTB: folds 
Breaker9000: folds 
rogerel5: folds 
Lorpugo: folds 
xeeneizze: folds 
Uncalled bet ($0.01) returned to Nachtkuetz
Nachtkuetz collected $0.02 from pot
Nachtkuetz: doesn't show hand 
*** SUMMARY ***
Total pot $0.02 | Rake $0 
Seat 1: MAGGICIAN OTB folded before Flop (didn't bet)
Seat 2: Breaker9000 folded before Flop (didn't bet)
Seat 3: rogerel5 folded before Flop (didn't bet)
Seat 4: Lorpugo (button) folded before Flop (didn't bet)
Seat 5: xeeneizze (small blind) folded before Flop
Seat 6: Nachtkuetz (big blind) collected ($0.02)



PokerStars Hand #240640622305:  Hold'em No Limit ($0.01/$0.02 USD) - 2022/12/23 10:13:47 ET
Table 'Petrina' 6-max Seat #5 is the button
Seat 1: MAGGICIAN OTB ($2.08 in chips) 
Seat 2: Breaker9000 ($1.99 in chips) 
Seat 3: rogerel5 ($3.18 in chips) 
Seat 4: Lorpugo ($1.77 in chips) 
Seat 5: xeeneizze ($2 in chips) 
Seat 6: Nachtkuetz ($2.36 in chips) 
Nachtkuetz: posts small blind $0.01
MAGGICIAN OTB: posts big blind $0.02
*** HOLE CARDS ***
Dealt to Lorpugo [4c Ac]
Breaker9000: folds 
rogerel5: raises $0.04 to $0.06
Lorpugo: folds 
xeeneizze: folds 
Nachtkuetz: folds 
MAGGICIAN OTB: folds 
Uncalled bet ($0.04) returned to rogerel5
rogerel5 collected $0.05 from pot
rogerel5: doesn't show hand 
*** SUMMARY ***
Total pot $0.05 | Rake $0 
Seat 1: MAGGICIAN OTB (big blind) folded before Flop
Seat 2: Breaker9000 folded before Flop (didn't bet)
Seat 3: rogerel5 collected ($0.05)
Seat 4: Lorpugo folded before Flop (didn't bet)
Seat 5: xeeneizze (button) folded before Flop (didn't bet)
Seat 6: Nachtkuetz (small blind) folded before Flop



PokerStars Hand #240640631940:  Hold'em No Limit ($0.01/$0.02 USD) - 2022/12/23 10:14:23 ET
Table 'Petrina' 6-max Seat #6 is the button
Seat 1: MAGGICIAN OTB ($2.06 in chips) 
Seat 2: Breaker9000 ($1.99 in chips) 
Seat 3: rogerel5 ($3.21 in chips) 
Seat 4: Lorpugo ($1.77 in chips) 
Seat 5: xeeneizze ($2 in chips) 
Seat 6: Nachtkuetz ($2.35 in chips) 
MAGGICIAN OTB: posts small blind $0.01
Breaker9000: posts big blind $0.02
*** HOLE CARDS ***
Dealt to Lorpugo [4d 9c]
rogerel5: folds 
Lorpugo: folds 
xeeneizze: folds 
Nachtkuetz: folds 
MAGGICIAN OTB: raises $0.03 to $0.05
Breaker9000: folds 
Uncalled bet ($0.03) returned to MAGGICIAN OTB
MAGGICIAN OTB collected $0.04 from pot
MAGGICIAN OTB: doesn't show hand 
*** SUMMARY ***
Total pot $0.04 | Rake $0 
Seat 1: MAGGICIAN OTB (small blind) collected ($0.04)
Seat 2: Breaker9000 (big blind) folded before Flop
Seat 3: rogerel5 folded before Flop (didn't bet)
Seat 4: Lorpugo folded before Flop (didn't bet)
Seat 5: xeeneizze folded before Flop (didn't bet)
Seat 6: Nachtkuetz (button) folded before Flop (didn't bet)



PokerStars Hand #240640638796:  Hold'em No Limit ($0.01/$0.02 USD) - 2022/12/23 10:14:49 ET
Table 'Petrina' 6-max Seat #1 is the button
Seat 1: MAGGICIAN OTB ($2.08 in chips) 
Seat 2: Breaker9000 ($1.97 in chips) 
Seat 3: rogerel5 ($3.21 in chips) 
Seat 4: Lorpugo ($1.77 in chips) 
Seat 5: xeeneizze ($2 in chips) 
Seat 6: Nachtkuetz ($2.35 in chips) 
Breaker9000: posts small blind $0.01
rogerel5: posts big blind $0.02
*** HOLE CARDS ***
Dealt to Lorpugo [Kd Th]
Lorpugo: folds 
xeeneizze: raises $0.03 to $0.05
Nachtkuetz: folds 
MAGGICIAN OTB: folds 
Breaker9000: folds 
rogerel5: calls $0.03
*** FLOP *** [Js 4s 9c]
rogerel5: checks 
xeeneizze: bets $0.08
rogerel5: calls $0.08
*** TURN *** [Js 4s 9c] [Qh]
rogerel5: checks 
xeeneizze: bets $0.20
rogerel5: calls $0.20
*** RIVER *** [Js 4s 9c Qh] [4c]
rogerel5: checks 
xeeneizze: bets $1.67 and is all-in
rogerel5: calls $1.67
*** SHOW DOWN ***
xeeneizze: shows [9d 9s] (a full house, Nines full of Fours)
rogerel5: shows [Tc Qc] (two pair, Queens and Fours)
xeeneizze collected $3.87 from pot
*** SUMMARY ***
Total pot $4.01 | Rake $0.14 
Board [Js 4s 9c Qh 4c]
Seat 1: MAGGICIAN OTB (button) folded before Flop (didn't bet)
Seat 2: Breaker9000 (small blind) folded before Flop
Seat 3: rogerel5 (big blind) showed [Tc Qc] and lost with two pair, Queens and Fours
Seat 4: Lorpugo folded before Flop (didn't bet)
Seat 5: xeeneizze showed [9d 9s] and won ($3.87) with a full house, Nines full of Fours
Seat 6: Nachtkuetz folded before Flop (didn't bet)



PokerStars Hand #240640657793:  Hold'em No Limit ($0.01/$0.02 USD) - 2022/12/23 10:16:01 ET
Table 'Petrina' 6-max Seat #2 is the button
Seat 1: MAGGICIAN OTB ($2.08 in chips) 
Seat 2: Breaker9000 ($1.96 in chips) 
Seat 3: rogerel5 ($1.21 in chips) 
Seat 4: Lorpugo ($1.77 in chips) 
Seat 5: xeeneizze ($3.87 in chips) 
Seat 6: Nachtkuetz ($2.35 in chips) 
rogerel5: posts small blind $0.01
Lorpugo: posts big blind $0.02
*** HOLE CARDS ***
Dealt to Lorpugo [4h Ac]
xeeneizze: folds 
Nachtkuetz: raises $0.04 to $0.06
MAGGICIAN OTB: folds 
Breaker9000: folds 
rogerel5: folds 
Lorpugo: calls $0.04
*** FLOP *** [3h 9d 7d]
rogerel5 leaves the table
Lorpugo: checks 
Nachtkuetz: bets $0.07
Lorpugo: folds 
Uncalled bet ($0.07) returned to Nachtkuetz
Nachtkuetz collected $0.13 from pot
Nachtkuetz: doesn't show hand 
*** SUMMARY ***
Total pot $0.13 | Rake $0 
Board [3h 9d 7d]
Seat 1: MAGGICIAN OTB folded before Flop (didn't bet)
Seat 2: Breaker9000 (button) folded before Flop (didn't bet)
Seat 3: rogerel5 (small blind) folded before Flop
Seat 4: Lorpugo (big blind) folded on the Flop
Seat 5: xeeneizze folded before Flop (didn't bet)
Seat 6: Nachtkuetz collected ($0.13)



PokerStars Hand #240640665912:  Hold'em No Limit ($0.01/$0.02 USD) - 2022/12/23 10:16:31 ET
Table 'Petrina' 6-max Seat #4 is the button
Seat 1: MAGGICIAN OTB ($2.08 in chips) 
Seat 2: Breaker9000 ($1.96 in chips) 
Seat 4: Lorpugo ($1.71 in chips) 
Seat 5: xeeneizze ($3.87 in chips) 
Seat 6: Nachtkuetz ($2.42 in chips) 
xeeneizze: posts small blind $0.01
Nachtkuetz: posts big blind $0.02
*** HOLE CARDS ***
Dealt to Lorpugo [Jh 9s]
MAGGICIAN OTB: folds 
Breaker9000: folds 
Lorpugo: raises $0.04 to $0.06
xeeneizze: folds 
Nachtkuetz: folds 
Uncalled bet ($0.04) returned to Lorpugo
Lorpugo collected $0.05 from pot
Lorpugo: doesn't show hand 
*** SUMMARY ***
Total pot $0.05 | Rake $0 
Seat 1: MAGGICIAN OTB folded before Flop (didn't bet)
Seat 2: Breaker9000 folded before Flop (didn't bet)
Seat 4: Lorpugo (button) collected ($0.05)
Seat 5: xeeneizze (small blind) folded before Flop
Seat 6: Nachtkuetz (big blind) folded before Flop



PokerStars Hand #240640669906:  Hold'em No Limit ($0.01/$0.02 USD) - 2022/12/23 10:16:46 ET
Table 'Petrina' 6-max Seat #5 is the button
Seat 1: MAGGICIAN OTB ($2.08 in chips) 
Seat 2: Breaker9000 ($1.96 in chips) 
Seat 4: Lorpugo ($1.74 in chips) 
Seat 5: xeeneizze ($3.86 in chips) 
Seat 6: Nachtkuetz ($2.40 in chips) 
Nachtkuetz: posts small blind $0.01
MAGGICIAN OTB: posts big blind $0.02
*** HOLE CARDS ***
Dealt to Lorpugo [5s 6h]
Breaker9000: folds 
Lorpugo: folds 
xeeneizze: folds 
Nachtkuetz: folds 
Uncalled bet ($0.01) returned to MAGGICIAN OTB
MAGGICIAN OTB collected $0.02 from pot
MAGGICIAN OTB: doesn't show hand 
*** SUMMARY ***
Total pot $0.02 | Rake $0 
Seat 1: MAGGICIAN OTB (big blind) collected ($0.02)
Seat 2: Breaker9000 folded before Flop (didn't bet)
Seat 4: Lorpugo folded before Flop (didn't bet)
Seat 5: xeeneizze (button) folded before Flop (didn't bet)
Seat 6: Nachtkuetz (small blind) folded before Flop



PokerStars Hand #240640673468:  Hold'em No Limit ($0.01/$0.02 USD) - 2022/12/23 10:17:00 ET
Table 'Petrina' 6-max Seat #6 is the button
Seat 1: MAGGICIAN OTB ($2.09 in chips) 
Seat 2: Breaker9000 ($1.96 in chips) 
Seat 4: Lorpugo ($1.74 in chips) 
Seat 5: xeeneizze ($3.86 in chips) 
Seat 6: Nachtkuetz ($2.39 in chips) 
MAGGICIAN OTB: posts small blind $0.01
Breaker9000: posts big blind $0.02
*** HOLE CARDS ***
Dealt to Lorpugo [Qc 8s]
Lorpugo: folds 
xeeneizze: folds 
Nachtkuetz: raises $0.03 to $0.05
MAGGICIAN OTB: folds 
Breaker9000: folds 
Uncalled bet ($0.03) returned to Nachtkuetz
Nachtkuetz collected $0.05 from pot
Nachtkuetz: doesn't show hand 
*** SUMMARY ***
Total pot $0.05 | Rake $0 
Seat 1: MAGGICIAN OTB (small blind) folded before Flop
Seat 2: Breaker9000 (big blind) folded before Flop
Seat 4: Lorpugo folded before Flop (didn't bet)
Seat 5: xeeneizze folded before Flop (didn't bet)
Seat 6: Nachtkuetz (button) collected ($0.05)



PokerStars Hand #240640680477:  Hold'em No Limit ($0.01/$0.02 USD) - 2022/12/23 10:17:26 ET
Table 'Petrina' 6-max Seat #1 is the button
Seat 1: MAGGICIAN OTB ($2.08 in chips) 
Seat 2: Breaker9000 ($1.94 in chips) 
Seat 4: Lorpugo ($1.74 in chips) 
Seat 5: xeeneizze ($3.86 in chips) 
Seat 6: Nachtkuetz ($2.42 in chips) 
Breaker9000: posts small blind $0.01
Lorpugo: posts big blind $0.02
*** HOLE CARDS ***
Dealt to Lorpugo [Ad 9c]
_xrolex_90 joins the table at seat #3 
xeeneizze: folds 
Nachtkuetz: raises $0.03 to $0.05
MAGGICIAN OTB: raises $0.09 to $0.14
Breaker9000: folds 
Lorpugo: folds 
Nachtkuetz: folds 
Uncalled bet ($0.09) returned to MAGGICIAN OTB
MAGGICIAN OTB collected $0.13 from pot
MAGGICIAN OTB: doesn't show hand 
*** SUMMARY ***
Total pot $0.13 | Rake $0 
Seat 1: MAGGICIAN OTB (button) collected ($0.13)
Seat 2: Breaker9000 (small blind) folded before Flop
Seat 4: Lorpugo (big blind) folded before Flop
Seat 5: xeeneizze folded before Flop (didn't bet)
Seat 6: Nachtkuetz folded before Flop



PokerStars Hand #240640690069:  Hold'em No Limit ($0.01/$0.02 USD) - 2022/12/23 10:18:01 ET
Table 'Petrina' 6-max Seat #2 is the button
Seat 1: MAGGICIAN OTB ($2.16 in chips) 
Seat 2: Breaker9000 ($1.93 in chips) 
Seat 4: Lorpugo ($1.72 in chips) 
Seat 5: xeeneizze ($3.86 in chips) 
Seat 6: Nachtkuetz ($2.37 in chips) 
Lorpugo: posts small blind $0.01
xeeneizze: posts big blind $0.02
*** HOLE CARDS ***
Dealt to Lorpugo [Qh Qc]
Nachtkuetz: folds 
MAGGICIAN OTB: raises $0.03 to $0.05
Breaker9000: folds 
Lorpugo: raises $0.12 to $0.17
xeeneizze: folds 
MAGGICIAN OTB: folds 
Uncalled bet ($0.12) returned to Lorpugo
Lorpugo collected $0.12 from pot
Lorpugo: doesn't show hand 
*** SUMMARY ***
Total pot $0.12 | Rake $0 
Seat 1: MAGGICIAN OTB folded before Flop
Seat 2: Breaker9000 (button) folded before Flop (didn't bet)
Seat 4: Lorpugo (small blind) collected ($0.12)
Seat 5: xeeneizze (big blind) folded before Flop
Seat 6: Nachtkuetz folded before Flop (didn't bet)



PokerStars Hand #240640699090:  Hold'em No Limit ($0.01/$0.02 USD) - 2022/12/23 10:18:35 ET
Table 'Petrina' 6-max Seat #4 is the button
Seat 1: MAGGICIAN OTB ($2.11 in chips) 
Seat 2: Breaker9000 ($1.93 in chips) 
Seat 4: Lorpugo ($1.79 in chips) 
Seat 5: xeeneizze ($3.84 in chips) 
Seat 6: Nachtkuetz ($2.37 in chips) 
xeeneizze: posts small blind $0.01
Nachtkuetz: posts big blind $0.02
*** HOLE CARDS ***
Dealt to Lorpugo [2c 2d]
MAGGICIAN OTB: folds 
Breaker9000: raises $0.02 to $0.04
Lorpugo: calls $0.04
xeeneizze: folds 
Nachtkuetz: calls $0.02
*** FLOP *** [Jc 6s 9s]
Nachtkuetz: checks 
Breaker9000: bets $0.04
Lorpugo: folds 
Nachtkuetz: folds 
Uncalled bet ($0.04) returned to Breaker9000
Breaker9000 collected $0.13 from pot
Breaker9000: doesn't show hand 
*** SUMMARY ***
Total pot $0.13 | Rake $0 
Board [Jc 6s 9s]
Seat 1: MAGGICIAN OTB folded before Flop (didn't bet)
Seat 2: Breaker9000 collected ($0.13)
Seat 4: Lorpugo (button) folded on the Flop
Seat 5: xeeneizze (small blind) folded before Flop
Seat 6: Nachtkuetz (big blind) folded on the Flop



PokerStars Hand #240640708904:  Hold'em No Limit ($0.01/$0.02 USD) - 2022/12/23 10:19:11 ET
Table 'Petrina' 6-max Seat #5 is the button
Seat 1: MAGGICIAN OTB ($2.11 in chips) 
Seat 4: Lorpugo ($1.75 in chips) 
Seat 5: xeeneizze ($3.83 in chips) 
Seat 6: Nachtkuetz ($2.33 in chips) 
Nachtkuetz: posts small blind $0.01
MAGGICIAN OTB: posts big blind $0.02
*** HOLE CARDS ***
Dealt to Lorpugo [9d Js]
Lorpugo: folds 
xeeneizze: folds 
Nachtkuetz: raises $0.05 to $0.07
MAGGICIAN OTB: folds 
Uncalled bet ($0.05) returned to Nachtkuetz
Nachtkuetz collected $0.04 from pot
Nachtkuetz: doesn't show hand 
*** SUMMARY ***
Total pot $0.04 | Rake $0 
Seat 1: MAGGICIAN OTB (big blind) folded before Flop
Seat 4: Lorpugo folded before Flop (didn't bet)
Seat 5: xeeneizze (button) folded before Flop (didn't bet)
Seat 6: Nachtkuetz (small blind) collected ($0.04)



PokerStars Hand #240640714740:  Hold'em No Limit ($0.01/$0.02 USD) - 2022/12/23 10:19:33 ET
Table 'Petrina' 6-max Seat #6 is the button
Seat 1: MAGGICIAN OTB ($2.09 in chips) 
Seat 3: _xrolex_90 ($2 in chips) 
Seat 4: Lorpugo ($1.75 in chips) 
Seat 5: xeeneizze ($3.83 in chips) 
Seat 6: Nachtkuetz ($2.35 in chips) 
MAGGICIAN OTB: posts small blind $0.01
_xrolex_90: posts big blind $0.02
*** HOLE CARDS ***
Dealt to Lorpugo [7d 2h]
Lorpugo: folds 
xeeneizze: raises $0.03 to $0.05
Nachtkuetz: folds 
MAGGICIAN OTB: calls $0.04
_xrolex_90: folds 
*** FLOP *** [Td 8h 2d]
MAGGICIAN OTB: checks 
xeeneizze: checks 
*** TURN *** [Td 8h 2d] [2s]
MAGGICIAN OTB: bets $0.06
xeeneizze: folds 
Uncalled bet ($0.06) returned to MAGGICIAN OTB
MAGGICIAN OTB collected $0.12 from pot
*** SUMMARY ***
Total pot $0.12 | Rake $0 
Board [Td 8h 2d 2s]
Seat 1: MAGGICIAN OTB (small blind) collected ($0.12)
Seat 3: _xrolex_90 (big blind) folded before Flop
Seat 4: Lorpugo folded before Flop (didn't bet)
Seat 5: xeeneizze folded on the Turn
Seat 6: Nachtkuetz (button) folded before Flop (didn't bet)



PokerStars Hand #240640724835:  Hold'em No Limit ($0.01/$0.02 USD) - 2022/12/23 10:20:10 ET
Table 'Petrina' 6-max Seat #1 is the button
Seat 1: MAGGICIAN OTB ($2.16 in chips) 
Seat 3: _xrolex_90 ($2 in chips) 
Seat 4: Lorpugo ($1.75 in chips) 
Seat 5: xeeneizze ($3.78 in chips) 
Seat 6: Nachtkuetz ($2.35 in chips) 
_xrolex_90: posts small blind $0.01
Lorpugo: posts big blind $0.02
*** HOLE CARDS ***
Dealt to Lorpugo [9s 4d]
xeeneizze: folds 
Nachtkuetz: raises $0.04 to $0.06
xeeneizze leaves the table
MAGGICIAN OTB: folds 
_xrolex_90: folds 
Lorpugo: folds 
Uncalled bet ($0.04) returned to Nachtkuetz
Nachtkuetz collected $0.05 from pot
Nachtkuetz: doesn't show hand 
*** SUMMARY ***
Total pot $0.05 | Rake $0 
Seat 1: MAGGICIAN OTB (button) folded before Flop (didn't bet)
Seat 3: _xrolex_90 (small blind) folded before Flop
Seat 4: Lorpugo (big blind) folded before Flop
Seat 5: xeeneizze folded before Flop (didn't bet)
Seat 6: Nachtkuetz collected ($0.05)



PokerStars Hand #240640729600:  Hold'em No Limit ($0.01/$0.02 USD) - 2022/12/23 10:20:28 ET
Table 'Petrina' 6-max Seat #3 is the button
Seat 1: MAGGICIAN OTB ($2.16 in chips) 
Seat 3: _xrolex_90 ($2 in chips) 
Seat 4: Lorpugo ($1.73 in chips) 
Seat 6: Nachtkuetz ($2.38 in chips) 
Lorpugo: posts small blind $0.01
Nachtkuetz: posts big blind $0.02
*** HOLE CARDS ***
Dealt to Lorpugo [3h 8h]
MAGGICIAN OTB: folds 
_xrolex_90: raises $0.03 to $0.05
franvegzampetti joins the table at seat #5 
Lorpugo: folds 
Nachtkuetz: folds 
Uncalled bet ($0.03) returned to _xrolex_90
_xrolex_90 collected $0.05 from pot
_xrolex_90: doesn't show hand 
*** SUMMARY ***
Total pot $0.05 | Rake $0 
Seat 1: MAGGICIAN OTB folded before Flop (didn't bet)
Seat 3: _xrolex_90 (button) collected ($0.05)
Seat 4: Lorpugo (small blind) folded before Flop
Seat 6: Nachtkuetz (big blind) folded before Flop



PokerStars Hand #240640735080:  Hold'em No Limit ($0.01/$0.02 USD) - 2022/12/23 10:20:48 ET
Table 'Petrina' 6-max Seat #4 is the button
Seat 1: MAGGICIAN OTB ($2.16 in chips) 
Seat 3: _xrolex_90 ($2.03 in chips) 
Seat 4: Lorpugo ($1.72 in chips) 
Seat 6: Nachtkuetz ($2.36 in chips) 
Nachtkuetz: posts small blind $0.01
MAGGICIAN OTB: posts big blind $0.02
*** HOLE CARDS ***
Dealt to Lorpugo [9c Js]
_xrolex_90: folds 
Lorpugo: folds 
Nachtkuetz: folds 
Uncalled bet ($0.01) returned to MAGGICIAN OTB
MAGGICIAN OTB collected $0.02 from pot
MAGGICIAN OTB: doesn't show hand 
*** SUMMARY ***
Total pot $0.02 | Rake $0 
Seat 1: MAGGICIAN OTB (big blind) collected ($0.02)
Seat 3: _xrolex_90 folded before Flop (didn't bet)
Seat 4: Lorpugo (button) folded before Flop (didn't bet)
Seat 6: Nachtkuetz (small blind) folded before Flop



PokerStars Hand #240640737828:  Hold'em No Limit ($0.01/$0.02 USD) - 2022/12/23 10:20:58 ET
Table 'Petrina' 6-max Seat #6 is the button
Seat 1: MAGGICIAN OTB ($2.17 in chips) 
Seat 3: _xrolex_90 ($2.03 in chips) 
Seat 4: Lorpugo ($1.72 in chips) 
Seat 6: Nachtkuetz ($2.35 in chips) 
MAGGICIAN OTB: posts small blind $0.01
_xrolex_90: posts big blind $0.02
*** HOLE CARDS ***
Dealt to Lorpugo [7s Ac]
Lorpugo: raises $0.04 to $0.06
Nachtkuetz: raises $0.11 to $0.17
MAGGICIAN OTB: folds 
_xrolex_90: folds 
Lorpugo: folds 
Uncalled bet ($0.11) returned to Nachtkuetz
Nachtkuetz collected $0.15 from pot
Nachtkuetz: doesn't show hand 
*** SUMMARY ***
Total pot $0.15 | Rake $0 
Seat 1: MAGGICIAN OTB (small blind) folded before Flop
Seat 3: _xrolex_90 (big blind) folded before Flop
Seat 4: Lorpugo folded before Flop
Seat 6: Nachtkuetz (button) collected ($0.15)



PokerStars Hand #240640742695:  Hold'em No Limit ($0.01/$0.02 USD) - 2022/12/23 10:21:16 ET
Table 'Petrina' 6-max Seat #1 is the button
Seat 1: MAGGICIAN OTB ($2.16 in chips) 
Seat 3: _xrolex_90 ($2.01 in chips) 
Seat 4: Lorpugo ($1.66 in chips) 
Seat 6: Nachtkuetz ($2.44 in chips) 
_xrolex_90: posts small blind $0.01
Lorpugo: posts big blind $0.02
*** HOLE CARDS ***
Dealt to Lorpugo [Jc 2c]
Nachtkuetz: folds 
MAGGICIAN OTB: folds 
_xrolex_90: folds 
Uncalled bet ($0.01) returned to Lorpugo
Lorpugo collected $0.02 from pot
Lorpugo: doesn't show hand 
*** SUMMARY ***
Total pot $0.02 | Rake $0 
Seat 1: MAGGICIAN OTB (button) folded before Flop (didn't bet)
Seat 3: _xrolex_90 (small blind) folded before Flop
Seat 4: Lorpugo (big blind) collected ($0.02)
Seat 6: Nachtkuetz folded before Flop (didn't bet)



PokerStars Hand #240640744740:  Hold'em No Limit ($0.01/$0.02 USD) - 2022/12/23 10:21:24 ET
Table 'Petrina' 6-max Seat #3 is the button
Seat 1: MAGGICIAN OTB ($2.16 in chips) 
Seat 3: _xrolex_90 ($2 in chips) 
Seat 4: Lorpugo ($1.67 in chips) 
Seat 5: franvegzampetti ($2 in chips) 
Seat 6: Nachtkuetz ($2.44 in chips) 
Lorpugo: posts small blind $0.01
franvegzampetti: posts big blind $0.02
*** HOLE CARDS ***
Dealt to Lorpugo [7d 4c]
Nachtkuetz: folds 
MAGGICIAN OTB: folds 
_xrolex_90: folds 
Lorpugo: folds 
Uncalled bet ($0.01) returned to franvegzampetti
franvegzampetti collected $0.02 from pot
franvegzampetti: doesn't show hand 
*** SUMMARY ***
Total pot $0.02 | Rake $0 
Seat 1: MAGGICIAN OTB folded before Flop (didn't bet)
Seat 3: _xrolex_90 (button) folded before Flop (didn't bet)
Seat 4: Lorpugo (small blind) folded before Flop
Seat 5: franvegzampetti (big blind) collected ($0.02)
Seat 6: Nachtkuetz folded before Flop (didn't bet)



PokerStars Hand #240640747662:  Hold'em No Limit ($0.01/$0.02 USD) - 2022/12/23 10:21:34 ET
Table 'Petrina' 6-max Seat #4 is the button
Seat 1: MAGGICIAN OTB ($2.16 in chips) 
Seat 3: _xrolex_90 ($2 in chips) 
Seat 4: Lorpugo ($1.66 in chips) 
Seat 5: franvegzampetti ($2.01 in chips) 
Seat 6: Nachtkuetz ($2.44 in chips) 
franvegzampetti: posts small blind $0.01
Nachtkuetz: posts big blind $0.02
*** HOLE CARDS ***
Dealt to Lorpugo [Js Qs]
MAGGICIAN OTB: folds 
_xrolex_90: folds 
Lorpugo: raises $0.04 to $0.06
franvegzampetti: folds 
Nachtkuetz: folds 
Uncalled bet ($0.04) returned to Lorpugo
Lorpugo collected $0.05 from pot
Lorpugo: doesn't show hand 
*** SUMMARY ***
Total pot $0.05 | Rake $0 
Seat 1: MAGGICIAN OTB folded before Flop (didn't bet)
Seat 3: _xrolex_90 folded before Flop (didn't bet)
Seat 4: Lorpugo (button) collected ($0.05)
Seat 5: franvegzampetti (small blind) folded before Flop
Seat 6: Nachtkuetz (big blind) folded before Flop



PokerStars Hand #240640752395:  Hold'em No Limit ($0.01/$0.02 USD) - 2022/12/23 10:21:52 ET
Table 'Petrina' 6-max Seat #5 is the button
Seat 1: MAGGICIAN OTB ($2.16 in chips) 
Seat 3: _xrolex_90 ($2 in chips) 
Seat 4: Lorpugo ($1.69 in chips) 
Seat 5: franvegzampetti ($2 in chips) 
Seat 6: Nachtkuetz ($2.42 in chips) 
Nachtkuetz: posts small blind $0.01
MAGGICIAN OTB: posts big blind $0.02
*** HOLE CARDS ***
Dealt to Lorpugo [7h 8c]
_xrolex_90: raises $0.03 to $0.05
Lorpugo: folds 
franvegzampetti: folds 
Nachtkuetz: folds 
MAGGICIAN OTB: folds 
Uncalled bet ($0.03) returned to _xrolex_90
_xrolex_90 collected $0.05 from pot
*** SUMMARY ***
Total pot $0.05 | Rake $0 
Seat 1: MAGGICIAN OTB (big blind) folded before Flop
Seat 3: _xrolex_90 collected ($0.05)
Seat 4: Lorpugo folded before Flop (didn't bet)
Seat 5: franvegzampetti (button) folded before Flop (didn't bet)
Seat 6: Nachtkuetz (small blind) folded before Flop



PokerStars Hand #240640759320:  Hold'em No Limit ($0.01/$0.02 USD) - 2022/12/23 10:22:18 ET
Table 'Petrina' 6-max Seat #6 is the button
Seat 1: MAGGICIAN OTB ($2.14 in chips) 
Seat 3: _xrolex_90 ($2.03 in chips) 
Seat 4: Lorpugo ($1.69 in chips) 
Seat 5: franvegzampetti ($2 in chips) 
Seat 6: Nachtkuetz ($2.41 in chips) 
MAGGICIAN OTB: posts small blind $0.01
_xrolex_90: posts big blind $0.02
*** HOLE CARDS ***
Dealt to Lorpugo [5d Js]
Lorpugo has timed out
Lorpugo: folds 
franvegzampetti: raises $0.04 to $0.06
Nachtkuetz: folds 
MAGGICIAN OTB: folds 
_xrolex_90: raises $0.17 to $0.23
franvegzampetti: calls $0.17
*** FLOP *** [8h 5s Jc]
_xrolex_90: bets $0.17
franvegzampetti: calls $0.17
*** TURN *** [8h 5s Jc] [Qd]
_xrolex_90: bets $0.49
franvegzampetti: calls $0.49
*** RIVER *** [8h 5s Jc Qd] [Kh]
_xrolex_90: bets $1.14 and is all-in
franvegzampetti: calls $1.11 and is all-in
Uncalled bet ($0.03) returned to _xrolex_90
*** SHOW DOWN ***
_xrolex_90: shows [As Ts] (a straight, Ten to Ace)
franvegzampetti: shows [Kd Qh] (two pair, Kings and Queens)
_xrolex_90 collected $3.87 from pot
*** SUMMARY ***
Total pot $4.01 | Rake $0.14 
Board [8h 5s Jc Qd Kh]
Seat 1: MAGGICIAN OTB (small blind) folded before Flop
Seat 3: _xrolex_90 (big blind) showed [As Ts] and won ($3.87) with a straight, Ten to Ace
Seat 4: Lorpugo folded before Flop (didn't bet)
Seat 5: franvegzampetti showed [Kd Qh] and lost with two pair, Kings and Queens
Seat 6: Nachtkuetz (button) folded before Flop (didn't bet)



PokerStars Hand #240640785193:  Hold'em No Limit ($0.01/$0.02 USD) - 2022/12/23 10:23:53 ET
Table 'Petrina' 6-max Seat #1 is the button
Seat 1: MAGGICIAN OTB ($2.13 in chips) 
Seat 3: _xrolex_90 ($3.90 in chips) 
Seat 4: Lorpugo ($1.69 in chips) 
Seat 5: franvegzampetti ($2 in chips) 
Seat 6: Nachtkuetz ($2.41 in chips) 
_xrolex_90: posts small blind $0.01
Lorpugo: posts big blind $0.02
*** HOLE CARDS ***
Dealt to Lorpugo [8h 8c]
franvegzampetti: folds 
Nachtkuetz: folds 
MAGGICIAN OTB: folds 
_xrolex_90: folds 
Uncalled bet ($0.01) returned to Lorpugo
Lorpugo collected $0.02 from pot
Lorpugo: doesn't show hand 
*** SUMMARY ***
Total pot $0.02 | Rake $0 
Seat 1: MAGGICIAN OTB (button) folded before Flop (didn't bet)
Seat 3: _xrolex_90 (small blind) folded before Flop
Seat 4: Lorpugo (big blind) collected ($0.02)
Seat 5: franvegzampetti folded before Flop (didn't bet)
Seat 6: Nachtkuetz folded before Flop (didn't bet)



PokerStars Hand #240640789679:  Hold'em No Limit ($0.01/$0.02 USD) - 2022/12/23 10:24:10 ET
Table 'Petrina' 6-max Seat #3 is the button
Seat 1: MAGGICIAN OTB ($2.13 in chips) 
Seat 3: _xrolex_90 ($3.89 in chips) 
Seat 4: Lorpugo ($1.70 in chips) 
Seat 5: franvegzampetti ($2 in chips) 
Seat 6: Nachtkuetz ($2.41 in chips) 
Lorpugo: posts small blind $0.01
franvegzampetti: posts big blind $0.02
*** HOLE CARDS ***
Dealt to Lorpugo [8s 6d]
Nachtkuetz: folds 
MAGGICIAN OTB: folds 
_xrolex_90: raises $0.03 to $0.05
Lorpugo: folds 
franvegzampetti: calls $0.03
*** FLOP *** [Kh Qd 3s]
franvegzampetti: checks 
_xrolex_90: checks 
*** TURN *** [Kh Qd 3s] [9h]
franvegzampetti: checks 
_xrolex_90: bets $0.06
franvegzampetti: calls $0.06
*** RIVER *** [Kh Qd 3s 9h] [Qs]
franvegzampetti: checks 
_xrolex_90: checks 
*** SHOW DOWN ***
franvegzampetti: shows [9c 7s] (two pair, Queens and Nines)
_xrolex_90: shows [Ks 2s] (two pair, Kings and Queens)
_xrolex_90 collected $0.22 from pot
*** SUMMARY ***
Total pot $0.23 | Rake $0.01 
Board [Kh Qd 3s 9h Qs]
Seat 1: MAGGICIAN OTB folded before Flop (didn't bet)
Seat 3: _xrolex_90 (button) showed [Ks 2s] and won ($0.22) with two pair, Kings and Queens
Seat 4: Lorpugo (small blind) folded before Flop
Seat 5: franvegzampetti (big blind) showed [9c 7s] and lost with two pair, Queens and Nines
Seat 6: Nachtkuetz folded before Flop (didn't bet)



PokerStars Hand #240640798227:  Hold'em No Limit ($0.01/$0.02 USD) - 2022/12/23 10:24:42 ET
Table 'Petrina' 6-max Seat #4 is the button
Seat 1: MAGGICIAN OTB ($2.13 in chips) 
Seat 3: _xrolex_90 ($4 in chips) 
Seat 4: Lorpugo ($1.69 in chips) 
Seat 5: franvegzampetti ($2 in chips) 
Seat 6: Nachtkuetz ($2.41 in chips) 
franvegzampetti: posts small blind $0.01
Nachtkuetz: posts big blind $0.02
*** HOLE CARDS ***
Dealt to Lorpugo [Ac 7s]
MAGGICIAN OTB: folds 
_xrolex_90: raises $0.03 to $0.05
Lorpugo: calls $0.05
franvegzampetti: raises $0.17 to $0.22
Nachtkuetz: folds 
_xrolex_90: folds 
Lorpugo: folds 
Uncalled bet ($0.17) returned to franvegzampetti
franvegzampetti collected $0.17 from pot
franvegzampetti: doesn't show hand 
*** SUMMARY ***
Total pot $0.17 | Rake $0 
Seat 1: MAGGICIAN OTB folded before Flop (didn't bet)
Seat 3: _xrolex_90 folded before Flop
Seat 4: Lorpugo (button) folded before Flop
Seat 5: franvegzampetti (small blind) collected ($0.17)
Seat 6: Nachtkuetz (big blind) folded before Flop



PokerStars Hand #240640806742:  Hold'em No Limit ($0.01/$0.02 USD) - 2022/12/23 10:25:13 ET
Table 'Petrina' 6-max Seat #5 is the button
Seat 1: MAGGICIAN OTB ($2.13 in chips) 
Seat 3: _xrolex_90 ($3.95 in chips) 
Seat 4: Lorpugo ($1.64 in chips) 
Seat 5: franvegzampetti ($2.12 in chips) 
Seat 6: Nachtkuetz ($2.39 in chips) 
Nachtkuetz: posts small blind $0.01
MAGGICIAN OTB: posts big blind $0.02
*** HOLE CARDS ***
Dealt to Lorpugo [8d 9c]
_xrolex_90: raises $0.03 to $0.05
Lorpugo: folds 
franvegzampetti: folds 
Nachtkuetz: folds 
MAGGICIAN OTB: folds 
Uncalled bet ($0.03) returned to _xrolex_90
_xrolex_90 collected $0.05 from pot
_xrolex_90: doesn't show hand 
*** SUMMARY ***
Total pot $0.05 | Rake $0 
Seat 1: MAGGICIAN OTB (big blind) folded before Flop
Seat 3: _xrolex_90 collected ($0.05)
Seat 4: Lorpugo folded before Flop (didn't bet)
Seat 5: franvegzampetti (button) folded before Flop (didn't bet)
Seat 6: Nachtkuetz (small blind) folded before Flop



PokerStars Hand #240640811730:  Hold'em No Limit ($0.01/$0.02 USD) - 2022/12/23 10:25:31 ET
Table 'Petrina' 6-max Seat #6 is the button
Seat 1: MAGGICIAN OTB ($2.11 in chips) 
Seat 3: _xrolex_90 ($3.98 in chips) 
Seat 4: Lorpugo ($1.64 in chips) 
Seat 5: franvegzampetti ($2.12 in chips) 
Seat 6: Nachtkuetz ($2.38 in chips) 
MAGGICIAN OTB: posts small blind $0.01
_xrolex_90: posts big blind $0.02
*** HOLE CARDS ***
Dealt to Lorpugo [Qc 2s]
Lorpugo: folds 
franvegzampetti: raises $0.04 to $0.06
Nachtkuetz: folds 
MAGGICIAN OTB: folds 
_xrolex_90: raises $0.17 to $0.23
franvegzampetti: folds 
Uncalled bet ($0.17) returned to _xrolex_90
_xrolex_90 collected $0.13 from pot
Breaker9000 leaves the table
_xrolex_90: doesn't show hand 
*** SUMMARY ***
Total pot $0.13 | Rake $0 
Seat 1: MAGGICIAN OTB (small blind) folded before Flop
Seat 3: _xrolex_90 (big blind) collected ($0.13)
Seat 4: Lorpugo folded before Flop (didn't bet)
Seat 5: franvegzampetti folded before Flop
Seat 6: Nachtkuetz (button) folded before Flop (didn't bet)



PokerStars Hand #240640819558:  Hold'em No Limit ($0.01/$0.02 USD) - 2022/12/23 10:26:00 ET
Table 'Petrina' 6-max Seat #1 is the button
Seat 1: MAGGICIAN OTB ($2.10 in chips) 
Seat 3: _xrolex_90 ($4.05 in chips) 
Seat 4: Lorpugo ($1.64 in chips) 
Seat 5: franvegzampetti ($2.06 in chips) 
Seat 6: Nachtkuetz ($2.38 in chips) 
_xrolex_90: posts small blind $0.01
Lorpugo: posts big blind $0.02
*** HOLE CARDS ***
Dealt to Lorpugo [Kh 8h]
franvegzampetti: raises $0.04 to $0.06
Nachtkuetz: folds 
Bob Dylan 1000 joins the table at seat #2 
Bob Dylan 1000 leaves the table
MAGGICIAN OTB: folds 
_xrolex_90: raises $0.18 to $0.24
Lorpugo: folds 
franvegzampetti: calls $0.18
*** FLOP *** [Th 9c 7c]
_xrolex_90: bets $0.38
franvegzampetti: calls $0.38
*** TURN *** [Th 9c 7c] [Jh]
_xrolex_90: bets $3.43 and is all-in
franvegzampetti: calls $1.44 and is all-in
Uncalled bet ($1.99) returned to _xrolex_90
*** RIVER *** [Th 9c 7c Jh] [Qd]
*** SHOW DOWN ***
_xrolex_90: shows [Ac Jc] (a pair of Jacks)
franvegzampetti: shows [Tc Ad] (a pair of Tens)
_xrolex_90 collected $4 from pot
*** SUMMARY ***
Total pot $4.14 | Rake $0.14 
Board [Th 9c 7c Jh Qd]
Seat 1: MAGGICIAN OTB (button) folded before Flop (didn't bet)
Seat 3: _xrolex_90 (small blind) showed [Ac Jc] and won ($4) with a pair of Jacks
Seat 4: Lorpugo (big blind) folded before Flop
Seat 5: franvegzampetti showed [Tc Ad] and lost with a pair of Tens
Seat 6: Nachtkuetz folded before Flop (didn't bet)



PokerStars Hand #240640838417:  Hold'em No Limit ($0.01/$0.02 USD) - 2022/12/23 10:27:09 ET
Table 'Petrina' 6-max Seat #3 is the button
Seat 1: MAGGICIAN OTB ($2.10 in chips) 
Seat 3: _xrolex_90 ($5.99 in chips) 
Seat 4: Lorpugo ($1.62 in chips) 
Seat 5: franvegzampetti ($2 in chips) 
Seat 6: Nachtkuetz ($2.38 in chips) 
Lorpugo: posts small blind $0.01
franvegzampetti: posts big blind $0.02
*** HOLE CARDS ***
Dealt to Lorpugo [5d Tc]
Nachtkuetz: folds 
MAGGICIAN OTB: folds 
_xrolex_90: raises $0.03 to $0.05
Lorpugo: folds 
franvegzampetti: calls $0.03
*** FLOP *** [8h Js 3s]
franvegzampetti: checks 
escplayer joins the table at seat #2 
_xrolex_90: checks 
*** TURN *** [8h Js 3s] [Ad]
franvegzampetti: checks 
_xrolex_90: bets $0.06
franvegzampetti: calls $0.06
*** RIVER *** [8h Js 3s Ad] [5h]
franvegzampetti: checks 
_xrolex_90: checks 
*** SHOW DOWN ***
franvegzampetti: shows [Qs Td] (high card Ace)
_xrolex_90: mucks hand 
franvegzampetti collected $0.22 from pot
*** SUMMARY ***
Total pot $0.23 | Rake $0.01 
Board [8h Js 3s Ad 5h]
Seat 1: MAGGICIAN OTB folded before Flop (didn't bet)
Seat 3: _xrolex_90 (button) mucked [Qd 6d]
Seat 4: Lorpugo (small blind) folded before Flop
Seat 5: franvegzampetti (big blind) showed [Qs Td] and won ($0.22) with high card Ace
Seat 6: Nachtkuetz folded before Flop (didn't bet)



PokerStars Hand #240640854420:  Hold'em No Limit ($0.01/$0.02 USD) - 2022/12/23 10:28:08 ET
Table 'Petrina' 6-max Seat #4 is the button
Seat 1: MAGGICIAN OTB ($2.10 in chips) 
Seat 2: escplayer ($1.55 in chips) 
Seat 3: _xrolex_90 ($5.88 in chips) 
Seat 4: Lorpugo ($1.61 in chips) 
Seat 5: franvegzampetti ($2.11 in chips) 
Seat 6: Nachtkuetz ($2.38 in chips) 
franvegzampetti: posts small blind $0.01
Nachtkuetz: posts big blind $0.02
escplayer: posts big blind $0.02
*** HOLE CARDS ***
Dealt to Lorpugo [Qh 5d]
MAGGICIAN OTB: folds 
escplayer: checks 
_xrolex_90: raises $0.07 to $0.09
Lorpugo: folds 
franvegzampetti: folds 
Nachtkuetz: calls $0.07
escplayer: folds 
*** FLOP *** [6d 5h Qc]
Nachtkuetz: checks 
_xrolex_90: checks 
*** TURN *** [6d 5h Qc] [9s]
Nachtkuetz: checks 
_xrolex_90: checks 
*** RIVER *** [6d 5h Qc 9s] [Kh]
Nachtkuetz: checks 
_xrolex_90: checks 
*** SHOW DOWN ***
Nachtkuetz: shows [Tc Td] (a pair of Tens)
_xrolex_90: shows [Jh Jd] (a pair of Jacks)
_xrolex_90 collected $0.20 from pot
*** SUMMARY ***
Total pot $0.21 | Rake $0.01 
Board [6d 5h Qc 9s Kh]
Seat 1: MAGGICIAN OTB folded before Flop (didn't bet)
Seat 2: escplayer folded before Flop (didn't bet)
Seat 3: _xrolex_90 showed [Jh Jd] and won ($0.20) with a pair of Jacks
Seat 4: Lorpugo (button) folded before Flop (didn't bet)
Seat 5: franvegzampetti (small blind) folded before Flop
Seat 6: Nachtkuetz (big blind) showed [Tc Td] and lost with a pair of Tens



PokerStars Hand #240640869551:  Hold'em No Limit ($0.01/$0.02 USD) - 2022/12/23 10:29:03 ET
Table 'Petrina' 6-max Seat #5 is the button
Seat 1: MAGGICIAN OTB ($2.10 in chips) 
Seat 2: escplayer ($1.53 in chips) 
Seat 3: _xrolex_90 ($5.99 in chips) 
Seat 4: Lorpugo ($1.61 in chips) 
Seat 5: franvegzampetti ($2.10 in chips) 
Seat 6: Nachtkuetz ($2.29 in chips) 
Nachtkuetz: posts small blind $0.01
MAGGICIAN OTB: posts big blind $0.02
*** HOLE CARDS ***
Dealt to Lorpugo [7d 9h]
escplayer: calls $0.02
_xrolex_90: folds 
Lorpugo: folds 
franvegzampetti: raises $0.06 to $0.08
Nachtkuetz: folds 
MAGGICIAN OTB: folds 
escplayer: folds 
Uncalled bet ($0.06) returned to franvegzampetti
franvegzampetti collected $0.07 from pot
franvegzampetti: doesn't show hand 
*** SUMMARY ***
Total pot $0.07 | Rake $0 
Seat 1: MAGGICIAN OTB (big blind) folded before Flop
Seat 2: escplayer folded before Flop
Seat 3: _xrolex_90 folded before Flop (didn't bet)
Seat 4: Lorpugo folded before Flop (didn't bet)
Seat 5: franvegzampetti (button) collected ($0.07)
Seat 6: Nachtkuetz (small blind) folded before Flop



