PokerStars Hand #240914871414:  Hold'em No Limit ($0.01/$0.02 USD) - 2023/01/04 16:51:26 ET
Table 'Cremona II' 6-max Seat #6 is the button
Seat 1: NotEnough77 ($2.11 in chips) 
Seat 2: Lorpugo ($1.60 in chips) 
Seat 4: viniciusscg98 ($1.97 in chips) 
Seat 5: Preachlove ($0.86 in chips) 
Seat 6: mafr0vic ($2 in chips) 
NotEnough77: posts small blind $0.01
Lorpugo: posts big blind $0.02
*** HOLE CARDS ***
Dealt to Lorpugo [6h 5h]
viniciusscg98: folds 
Preachlove: calls $0.02
mafr0vic: raises $0.06 to $0.08
NotEnough77: folds 
Lorpugo: calls $0.06
erisri007 leaves the table
Preachlove: calls $0.06
*** FLOP *** [6s 5d Ks]
Lorpugo: bets $0.02
Preachlove: folds 
mafr0vic: folds 
Uncalled bet ($0.02) returned to Lorpugo
Lorpugo collected $0.24 from pot
Lorpugo: doesn't show hand 
*** SUMMARY ***
Total pot $0.25 | Rake $0.01 
Board [6s 5d Ks]
Seat 1: NotEnough77 (small blind) folded before Flop
Seat 2: Lorpugo (big blind) collected ($0.24)
Seat 4: viniciusscg98 folded before Flop (didn't bet)
Seat 5: Preachlove folded on the Flop
Seat 6: mafr0vic (button) folded on the Flop



PokerStars Hand #240914883640:  Hold'em No Limit ($0.01/$0.02 USD) - 2023/01/04 16:51:52 ET
Table 'Cremona II' 6-max Seat #1 is the button
Seat 1: NotEnough77 ($2.10 in chips) 
Seat 2: Lorpugo ($1.76 in chips) 
Seat 4: viniciusscg98 ($1.97 in chips) 
Seat 5: Preachlove ($0.78 in chips) 
Seat 6: mafr0vic ($2 in chips) 
Lorpugo: posts small blind $0.01
viniciusscg98: posts big blind $0.02
*** HOLE CARDS ***
Dealt to Lorpugo [4s Qs]
Doctor Pong joins the table at seat #3 
Preachlove: folds 
mafr0vic: raises $0.04 to $0.06
NotEnough77: folds 
Lorpugo: calls $0.05
viniciusscg98: calls $0.04
*** FLOP *** [3d Ac 5d]
Lorpugo: checks 
viniciusscg98: checks 
mafr0vic: bets $0.12
Lorpugo: folds 
viniciusscg98: folds 
Uncalled bet ($0.12) returned to mafr0vic
mafr0vic collected $0.17 from pot
mafr0vic: doesn't show hand 
*** SUMMARY ***
Total pot $0.18 | Rake $0.01 
Board [3d Ac 5d]
Seat 1: NotEnough77 (button) folded before Flop (didn't bet)
Seat 2: Lorpugo (small blind) folded on the Flop
Seat 4: viniciusscg98 (big blind) folded on the Flop
Seat 5: Preachlove folded before Flop (didn't bet)
Seat 6: mafr0vic collected ($0.17)



PokerStars Hand #240914904147:  Hold'em No Limit ($0.01/$0.02 USD) - 2023/01/04 16:52:36 ET
Table 'Cremona II' 6-max Seat #2 is the button
Seat 1: NotEnough77 ($2.10 in chips) 
Seat 2: Lorpugo ($1.70 in chips) 
Seat 4: viniciusscg98 ($1.91 in chips) 
Seat 5: Preachlove ($0.78 in chips) 
Seat 6: mafr0vic ($2.11 in chips) 
viniciusscg98: posts small blind $0.01
Preachlove: posts big blind $0.02
*** HOLE CARDS ***
Dealt to Lorpugo [Qs Kc]
mafr0vic: folds 
NotEnough77: raises $0.03 to $0.05
Lorpugo: raises $0.13 to $0.18
viniciusscg98: folds 
Preachlove: folds 
NotEnough77: folds 
Uncalled bet ($0.13) returned to Lorpugo
Lorpugo collected $0.13 from pot
Lorpugo: doesn't show hand 
*** SUMMARY ***
Total pot $0.13 | Rake $0 
Seat 1: NotEnough77 folded before Flop
Seat 2: Lorpugo (button) collected ($0.13)
Seat 4: viniciusscg98 (small blind) folded before Flop
Seat 5: Preachlove (big blind) folded before Flop
Seat 6: mafr0vic folded before Flop (didn't bet)



PokerStars Hand #240914910922:  Hold'em No Limit ($0.01/$0.02 USD) - 2023/01/04 16:52:51 ET
Table 'Cremona II' 6-max Seat #4 is the button
Seat 1: NotEnough77 ($2.05 in chips) 
Seat 2: Lorpugo ($1.78 in chips) 
Seat 4: viniciusscg98 ($1.90 in chips) 
Seat 5: Preachlove ($0.76 in chips) 
Seat 6: mafr0vic ($2.11 in chips) 
Preachlove: posts small blind $0.01
mafr0vic: posts big blind $0.02
*** HOLE CARDS ***
Dealt to Lorpugo [4d 5c]
NotEnough77: folds 
Lorpugo: folds 
viniciusscg98: raises $0.02 to $0.04
Preachlove: calls $0.03
mafr0vic: folds 
*** FLOP *** [7d 3h Ah]
Preachlove: checks 
viniciusscg98: bets $0.72
Preachlove: folds 
Uncalled bet ($0.72) returned to viniciusscg98
viniciusscg98 collected $0.10 from pot
viniciusscg98: doesn't show hand 
*** SUMMARY ***
Total pot $0.10 | Rake $0 
Board [7d 3h Ah]
Seat 1: NotEnough77 folded before Flop (didn't bet)
Seat 2: Lorpugo folded before Flop (didn't bet)
Seat 4: viniciusscg98 (button) collected ($0.10)
Seat 5: Preachlove (small blind) folded on the Flop
Seat 6: mafr0vic (big blind) folded before Flop



PokerStars Hand #240914923341:  Hold'em No Limit ($0.01/$0.02 USD) - 2023/01/04 16:53:18 ET
Table 'Cremona II' 6-max Seat #5 is the button
Seat 1: NotEnough77 ($2.05 in chips) 
Seat 2: Lorpugo ($1.78 in chips) 
Seat 4: viniciusscg98 ($1.96 in chips) 
Seat 5: Preachlove ($0.72 in chips) 
Seat 6: mafr0vic ($2.09 in chips) 
mafr0vic: posts small blind $0.01
NotEnough77: posts big blind $0.02
*** HOLE CARDS ***
Dealt to Lorpugo [2s 6h]
Lorpugo: folds 
viniciusscg98: raises $0.02 to $0.04
Preachlove: folds 
mafr0vic: folds 
NotEnough77: folds 
Uncalled bet ($0.02) returned to viniciusscg98
viniciusscg98 collected $0.05 from pot
viniciusscg98: doesn't show hand 
*** SUMMARY ***
Total pot $0.05 | Rake $0 
Seat 1: NotEnough77 (big blind) folded before Flop
Seat 2: Lorpugo folded before Flop (didn't bet)
Seat 4: viniciusscg98 collected ($0.05)
Seat 5: Preachlove (button) folded before Flop (didn't bet)
Seat 6: mafr0vic (small blind) folded before Flop



PokerStars Hand #240914929969:  Hold'em No Limit ($0.01/$0.02 USD) - 2023/01/04 16:53:32 ET
Table 'Cremona II' 6-max Seat #6 is the button
Seat 1: NotEnough77 ($2.03 in chips) 
Seat 2: Lorpugo ($1.78 in chips) 
Seat 4: viniciusscg98 ($1.99 in chips) 
Seat 5: Preachlove ($0.72 in chips) 
Seat 6: mafr0vic ($2.08 in chips) 
NotEnough77: posts small blind $0.01
Lorpugo: posts big blind $0.02
*** HOLE CARDS ***
Dealt to Lorpugo [5h Qs]
viniciusscg98: raises $0.02 to $0.04
Preachlove: folds 
mafr0vic: raises $0.08 to $0.12
NotEnough77: folds 
Lorpugo: folds 
viniciusscg98: raises $0.08 to $0.20
mafr0vic: raises $1.88 to $2.08 and is all-in
viniciusscg98: calls $1.79 and is all-in
Uncalled bet ($0.09) returned to mafr0vic
*** FLOP *** [Js 8s Kd]
*** TURN *** [Js 8s Kd] [Kc]
*** RIVER *** [Js 8s Kd Kc] [Qd]
*** SHOW DOWN ***
viniciusscg98: shows [Ts Qh] (two pair, Kings and Queens)
mafr0vic: shows [Ad Ks] (three of a kind, Kings)
mafr0vic collected $3.87 from pot
viniciusscg98 cashed out the hand for $1.37 | Cash Out Fee $0.01
*** SUMMARY ***
Total pot $4.01 | Rake $0.14 
Board [Js 8s Kd Kc Qd]
Seat 1: NotEnough77 (small blind) folded before Flop
Seat 2: Lorpugo (big blind) folded before Flop
Seat 4: viniciusscg98 showed [Ts Qh] and lost with two pair, Kings and Queens (cashed out).
Seat 5: Preachlove folded before Flop (didn't bet)
Seat 6: mafr0vic (button) showed [Ad Ks] and won ($3.87) with three of a kind, Kings



PokerStars Hand #240914944735:  Hold'em No Limit ($0.01/$0.02 USD) - 2023/01/04 16:54:05 ET
Table 'Cremona II' 6-max Seat #1 is the button
Seat 1: NotEnough77 ($2.02 in chips) 
Seat 2: Lorpugo ($1.76 in chips) 
Seat 3: Doctor Pong ($2 in chips) 
Seat 4: viniciusscg98 ($1.37 in chips) 
Seat 5: Preachlove ($0.72 in chips) 
Seat 6: mafr0vic ($3.96 in chips) 
Lorpugo: posts small blind $0.01
Doctor Pong: posts big blind $0.02
*** HOLE CARDS ***
Dealt to Lorpugo [8s 4d]
viniciusscg98: folds 
Preachlove: calls $0.02
mafr0vic: folds 
NotEnough77: folds 
Lorpugo: folds 
Doctor Pong: checks 
*** FLOP *** [Ac Td Ks]
Doctor Pong: bets $0.10
Preachlove: folds 
Uncalled bet ($0.10) returned to Doctor Pong
Doctor Pong collected $0.05 from pot
Doctor Pong: doesn't show hand 
*** SUMMARY ***
Total pot $0.05 | Rake $0 
Board [Ac Td Ks]
Seat 1: NotEnough77 (button) folded before Flop (didn't bet)
Seat 2: Lorpugo (small blind) folded before Flop
Seat 3: Doctor Pong (big blind) collected ($0.05)
Seat 4: viniciusscg98 folded before Flop (didn't bet)
Seat 5: Preachlove folded on the Flop
Seat 6: mafr0vic folded before Flop (didn't bet)



PokerStars Hand #240914969302:  Hold'em No Limit ($0.01/$0.02 USD) - 2023/01/04 16:54:59 ET
Table 'Cremona II' 6-max Seat #2 is the button
Seat 1: NotEnough77 ($2.02 in chips) 
Seat 2: Lorpugo ($1.75 in chips) 
Seat 3: Doctor Pong ($2.03 in chips) 
Seat 4: viniciusscg98 ($1.37 in chips) 
Seat 5: Preachlove ($0.70 in chips) 
Seat 6: mafr0vic ($3.96 in chips) 
Doctor Pong: posts small blind $0.01
viniciusscg98: posts big blind $0.02
*** HOLE CARDS ***
Dealt to Lorpugo [Jd Th]
Preachlove: calls $0.02
mafr0vic: folds 
NotEnough77: raises $0.07 to $0.09
Lorpugo: calls $0.09
Doctor Pong: folds 
viniciusscg98: calls $0.07
Preachlove: calls $0.07
*** FLOP *** [Jc Js 9d]
viniciusscg98: checks 
Preachlove: checks 
NotEnough77: bets $0.12
Lorpugo: calls $0.12
viniciusscg98: folds 
Preachlove: calls $0.12
*** TURN *** [Jc Js 9d] [5s]
Preachlove: checks 
NotEnough77: bets $0.23
Lorpugo: raises $0.23 to $0.46
Preachlove: raises $0.03 to $0.49 and is all-in
NotEnough77: folds 
Lorpugo: calls $0.03
*** RIVER *** [Jc Js 9d 5s] [9h]
*** SHOW DOWN ***
Preachlove: shows [8d 8c] (two pair, Jacks and Nines)
Lorpugo: shows [Jd Th] (a full house, Jacks full of Nines)
Lorpugo collected $1.87 from pot
*** SUMMARY ***
Total pot $1.94 | Rake $0.07 
Board [Jc Js 9d 5s 9h]
Seat 1: NotEnough77 folded on the Turn
Seat 2: Lorpugo (button) showed [Jd Th] and won ($1.87) with a full house, Jacks full of Nines
Seat 3: Doctor Pong (small blind) folded before Flop
Seat 4: viniciusscg98 (big blind) folded on the Flop
Seat 5: Preachlove showed [8d 8c] and lost with two pair, Jacks and Nines
Seat 6: mafr0vic folded before Flop (didn't bet)



PokerStars Hand #240914993027:  Hold'em No Limit ($0.01/$0.02 USD) - 2023/01/04 16:56:11 ET
Table 'Cremona II' 6-max Seat #3 is the button
Seat 1: NotEnough77 ($2 in chips) 
Seat 2: Lorpugo ($2.92 in chips) 
Seat 3: Doctor Pong ($2.02 in chips) 
Seat 4: viniciusscg98 ($1.28 in chips) 
Seat 6: mafr0vic ($3.96 in chips) 
viniciusscg98: posts small blind $0.01
mafr0vic: posts big blind $0.02
*** HOLE CARDS ***
Dealt to Lorpugo [6s 5h]
NotEnough77: folds 
Lorpugo: calls $0.02
Doctor Pong: folds 
viniciusscg98: folds 
Preachlove leaves the table
mafr0vic: checks 
*** FLOP *** [Td Kd 6h]
mafr0vic: checks 
Lorpugo: bets $0.02
fatema945 joins the table at seat #5 
mafr0vic: folds 
Uncalled bet ($0.02) returned to Lorpugo
Lorpugo collected $0.05 from pot
Lorpugo: doesn't show hand 
*** SUMMARY ***
Total pot $0.05 | Rake $0 
Board [Td Kd 6h]
Seat 1: NotEnough77 folded before Flop (didn't bet)
Seat 2: Lorpugo collected ($0.05)
Seat 3: Doctor Pong (button) folded before Flop (didn't bet)
Seat 4: viniciusscg98 (small blind) folded before Flop
Seat 6: mafr0vic (big blind) folded on the Flop



PokerStars Hand #240915005087:  Hold'em No Limit ($0.01/$0.02 USD) - 2023/01/04 16:56:48 ET
Table 'Cremona II' 6-max Seat #4 is the button
Seat 1: NotEnough77 ($2 in chips) 
Seat 2: Lorpugo ($2.95 in chips) 
Seat 3: Doctor Pong ($2.02 in chips) 
Seat 4: viniciusscg98 ($1.27 in chips) 
Seat 6: mafr0vic ($3.94 in chips) 
mafr0vic: posts small blind $0.01
NotEnough77: posts big blind $0.02
*** HOLE CARDS ***
Dealt to Lorpugo [Jd 2h]
Lorpugo: folds 
Doctor Pong: folds 
viniciusscg98: calls $0.02
mafr0vic: raises $0.06 to $0.08
NotEnough77: calls $0.06
viniciusscg98: raises $0.06 to $0.14
mafr0vic: calls $0.06
NotEnough77: calls $0.06
*** FLOP *** [5c 9d Ac]
mafr0vic: checks 
NotEnough77: checks 
viniciusscg98: bets $1.13 and is all-in
mafr0vic: folds 
NotEnough77: folds 
Uncalled bet ($1.13) returned to viniciusscg98
viniciusscg98 collected $0.41 from pot
viniciusscg98: doesn't show hand 
*** SUMMARY ***
Total pot $0.42 | Rake $0.01 
Board [5c 9d Ac]
Seat 1: NotEnough77 (big blind) folded on the Flop
Seat 2: Lorpugo folded before Flop (didn't bet)
Seat 3: Doctor Pong folded before Flop (didn't bet)
Seat 4: viniciusscg98 (button) collected ($0.41)
Seat 6: mafr0vic (small blind) folded on the Flop



PokerStars Hand #240915027769:  Hold'em No Limit ($0.01/$0.02 USD) - 2023/01/04 16:57:58 ET
Table 'Cremona II' 6-max Seat #6 is the button
Seat 1: NotEnough77 ($2 in chips) 
Seat 2: Lorpugo ($2.95 in chips) 
Seat 3: Doctor Pong ($2.02 in chips) 
Seat 4: viniciusscg98 ($1.54 in chips) 
Seat 6: mafr0vic ($3.80 in chips) 
NotEnough77: posts small blind $0.01
Lorpugo: posts big blind $0.02
*** HOLE CARDS ***
Dealt to Lorpugo [4c Kc]
Doctor Pong: folds 
viniciusscg98: folds 
mafr0vic: raises $0.04 to $0.06
NotEnough77: folds 
Lorpugo: calls $0.04
*** FLOP *** [7d Tc 8s]
Lorpugo: checks 
mafr0vic: checks 
*** TURN *** [7d Tc 8s] [Kh]
Lorpugo: bets $0.09
mafr0vic: raises $0.17 to $0.26
Lorpugo: calls $0.17
*** RIVER *** [7d Tc 8s Kh] [5c]
Lorpugo: checks 
mafr0vic: checks 
*** SHOW DOWN ***
Lorpugo: shows [4c Kc] (a pair of Kings)
mafr0vic: mucks hand 
Lorpugo collected $0.63 from pot
*** SUMMARY ***
Total pot $0.65 | Rake $0.02 
Board [7d Tc 8s Kh 5c]
Seat 1: NotEnough77 (small blind) folded before Flop
Seat 2: Lorpugo (big blind) showed [4c Kc] and won ($0.63) with a pair of Kings
Seat 3: Doctor Pong folded before Flop (didn't bet)
Seat 4: viniciusscg98 folded before Flop (didn't bet)
Seat 6: mafr0vic (button) mucked [Qh Jd]



PokerStars Hand #240915049686:  Hold'em No Limit ($0.01/$0.02 USD) - 2023/01/04 16:59:06 ET
Table 'Cremona II' 6-max Seat #1 is the button
Seat 1: NotEnough77 ($2 in chips) 
Seat 2: Lorpugo ($3.26 in chips) 
Seat 3: Doctor Pong ($2.02 in chips) 
Seat 4: viniciusscg98 ($1.54 in chips) 
Seat 6: mafr0vic ($3.48 in chips) 
Lorpugo: posts small blind $0.01
Doctor Pong: posts big blind $0.02
*** HOLE CARDS ***
Dealt to Lorpugo [Td As]
viniciusscg98: raises $0.02 to $0.04
mafr0vic: folds 
NotEnough77: folds 
Lorpugo: calls $0.03
Doctor Pong: folds 
*** FLOP *** [8d Qs 9d]
Lorpugo: checks 
viniciusscg98: bets $0.02
Lorpugo: raises $0.02 to $0.04
viniciusscg98: raises $0.02 to $0.06
Lorpugo: calls $0.02
*** TURN *** [8d Qs 9d] [7s]
Lorpugo: checks 
viniciusscg98: bets $1.44 and is all-in
Lorpugo: folds 
Uncalled bet ($1.44) returned to viniciusscg98
viniciusscg98 collected $0.21 from pot
viniciusscg98: doesn't show hand 
*** SUMMARY ***
Total pot $0.22 | Rake $0.01 
Board [8d Qs 9d 7s]
Seat 1: NotEnough77 (button) folded before Flop (didn't bet)
Seat 2: Lorpugo (small blind) folded on the Turn
Seat 3: Doctor Pong (big blind) folded before Flop
Seat 4: viniciusscg98 collected ($0.21)
Seat 6: mafr0vic folded before Flop (didn't bet)



PokerStars Hand #240915063607:  Hold'em No Limit ($0.01/$0.02 USD) - 2023/01/04 16:59:49 ET
Table 'Cremona II' 6-max Seat #2 is the button
Seat 1: NotEnough77 ($2 in chips) 
Seat 2: Lorpugo ($3.16 in chips) 
Seat 3: Doctor Pong ($2 in chips) 
Seat 4: viniciusscg98 ($1.65 in chips) 
Seat 5: fatema945 ($1.50 in chips) 
Seat 6: mafr0vic ($3.48 in chips) 
Doctor Pong: posts small blind $0.01
viniciusscg98: posts big blind $0.02
fatema945: posts big blind $0.02
*** HOLE CARDS ***
Dealt to Lorpugo [Js Ts]
fatema945: checks 
mafr0vic: folds 
NotEnough77: raises $0.04 to $0.06
Lorpugo: raises $0.10 to $0.16
Doctor Pong: folds 
viniciusscg98: folds 
fatema945: calls $0.14
NotEnough77: folds 
*** FLOP *** [5s 5c 6s]
fatema945: checks 
Lorpugo: bets $0.28
fatema945: folds 
Uncalled bet ($0.28) returned to Lorpugo
Lorpugo collected $0.40 from pot
Lorpugo: doesn't show hand 
*** SUMMARY ***
Total pot $0.41 | Rake $0.01 
Board [5s 5c 6s]
Seat 1: NotEnough77 folded before Flop
Seat 2: Lorpugo (button) collected ($0.40)
Seat 3: Doctor Pong (small blind) folded before Flop
Seat 4: viniciusscg98 (big blind) folded before Flop
Seat 5: fatema945 folded on the Flop
Seat 6: mafr0vic folded before Flop (didn't bet)



PokerStars Hand #240915074350:  Hold'em No Limit ($0.01/$0.02 USD) - 2023/01/04 17:00:22 ET
Table 'Cremona II' 6-max Seat #3 is the button
Seat 1: NotEnough77 ($2 in chips) 
Seat 2: Lorpugo ($3.40 in chips) 
Seat 3: Doctor Pong ($1.99 in chips) 
Seat 4: viniciusscg98 ($1.63 in chips) 
Seat 5: fatema945 ($1.34 in chips) 
Seat 6: mafr0vic ($3.48 in chips) 
viniciusscg98: posts small blind $0.01
fatema945: posts big blind $0.02
*** HOLE CARDS ***
Dealt to Lorpugo [9s 8s]
mafr0vic: folds 
NotEnough77: raises $0.03 to $0.05
Lorpugo: raises $0.03 to $0.08
Doctor Pong: raises $0.08 to $0.16
viniciusscg98: folds 
fatema945: folds 
NotEnough77: folds 
Lorpugo: calls $0.08
*** FLOP *** [7h 3h 6d]
Lorpugo: checks 
Doctor Pong: bets $0.20
Lorpugo: calls $0.20
*** TURN *** [7h 3h 6d] [2c]
Lorpugo: bets $0.14
Doctor Pong: calls $0.14
*** RIVER *** [7h 3h 6d 2c] [5d]
Lorpugo: bets $2.90 and is all-in
Doctor Pong: folds 
Uncalled bet ($2.90) returned to Lorpugo
Lorpugo collected $1.04 from pot
Lorpugo: doesn't show hand 
*** SUMMARY ***
Total pot $1.08 | Rake $0.04 
Board [7h 3h 6d 2c 5d]
Seat 1: NotEnough77 folded before Flop
Seat 2: Lorpugo collected ($1.04)
Seat 3: Doctor Pong (button) folded on the River
Seat 4: viniciusscg98 (small blind) folded before Flop
Seat 5: fatema945 (big blind) folded before Flop
Seat 6: mafr0vic folded before Flop (didn't bet)



PokerStars Hand #240915107066:  Hold'em No Limit ($0.01/$0.02 USD) - 2023/01/04 17:01:46 ET
Table 'Cremona II' 6-max Seat #4 is the button
Seat 1: NotEnough77 ($2 in chips) 
Seat 2: Lorpugo ($3.94 in chips) 
Seat 3: Doctor Pong ($1.49 in chips) 
Seat 4: viniciusscg98 ($1.62 in chips) 
Seat 5: fatema945 ($1.32 in chips) 
Seat 6: mafr0vic ($3.48 in chips) 
fatema945: posts small blind $0.01
mafr0vic: posts big blind $0.02
*** HOLE CARDS ***
Dealt to Lorpugo [6d 2d]
NotEnough77: folds 
Lorpugo: folds 
Doctor Pong: folds 
viniciusscg98: folds 
fatema945: calls $0.01
mafr0vic: checks 
*** FLOP *** [5h 5c 7h]
fatema945: checks 
mafr0vic: checks 
*** TURN *** [5h 5c 7h] [5d]
fatema945: checks 
mafr0vic: checks 
*** RIVER *** [5h 5c 7h 5d] [6c]
fatema945: checks 
mafr0vic: checks 
*** SHOW DOWN ***
fatema945: shows [9s 4d] (three of a kind, Fives)
mafr0vic: shows [Ts 3c] (three of a kind, Fives - Ten kicker)
mafr0vic collected $0.04 from pot
*** SUMMARY ***
Total pot $0.04 | Rake $0 
Board [5h 5c 7h 5d 6c]
Seat 1: NotEnough77 folded before Flop (didn't bet)
Seat 2: Lorpugo folded before Flop (didn't bet)
Seat 3: Doctor Pong folded before Flop (didn't bet)
Seat 4: viniciusscg98 (button) folded before Flop (didn't bet)
Seat 5: fatema945 (small blind) showed [9s 4d] and lost with three of a kind, Fives
Seat 6: mafr0vic (big blind) showed [Ts 3c] and won ($0.04) with three of a kind, Fives



PokerStars Hand #240915125327:  Hold'em No Limit ($0.01/$0.02 USD) - 2023/01/04 17:02:26 ET
Table 'Cremona II' 6-max Seat #5 is the button
Seat 1: NotEnough77 ($2 in chips) 
Seat 2: Lorpugo ($3.94 in chips) 
Seat 3: Doctor Pong ($2 in chips) 
Seat 4: viniciusscg98 ($1.62 in chips) 
Seat 5: fatema945 ($1.30 in chips) 
Seat 6: mafr0vic ($3.50 in chips) 
mafr0vic: posts small blind $0.01
NotEnough77: posts big blind $0.02
*** HOLE CARDS ***
Dealt to Lorpugo [Qd 6c]
Lorpugo: folds 
Doctor Pong: folds 
viniciusscg98: calls $0.02
fatema945: calls $0.02
mafr0vic: folds 
NotEnough77: checks 
*** FLOP *** [5s 8s 4h]
NotEnough77: checks 
viniciusscg98: bets $0.08
fatema945: calls $0.08
NotEnough77: calls $0.08
*** TURN *** [5s 8s 4h] [2h]
NotEnough77: checks 
viniciusscg98: bets $0.20
fatema945: folds 
NotEnough77: folds 
Uncalled bet ($0.20) returned to viniciusscg98
viniciusscg98 collected $0.30 from pot
viniciusscg98: doesn't show hand 
*** SUMMARY ***
Total pot $0.31 | Rake $0.01 
Board [5s 8s 4h 2h]
Seat 1: NotEnough77 (big blind) folded on the Turn
Seat 2: Lorpugo folded before Flop (didn't bet)
Seat 3: Doctor Pong folded before Flop (didn't bet)
Seat 4: viniciusscg98 collected ($0.30)
Seat 5: fatema945 (button) folded on the Turn
Seat 6: mafr0vic (small blind) folded before Flop



PokerStars Hand #240915150107:  Hold'em No Limit ($0.01/$0.02 USD) - 2023/01/04 17:03:21 ET
Table 'Cremona II' 6-max Seat #6 is the button
Seat 1: NotEnough77 ($2 in chips) 
Seat 2: Lorpugo ($3.94 in chips) 
Seat 3: Doctor Pong ($2 in chips) 
Seat 4: viniciusscg98 ($1.82 in chips) 
Seat 5: fatema945 ($1.20 in chips) 
Seat 6: mafr0vic ($3.49 in chips) 
NotEnough77: posts small blind $0.01
Lorpugo: posts big blind $0.02
*** HOLE CARDS ***
Dealt to Lorpugo [Qh Kc]
Doctor Pong: raises $0.04 to $0.06
viniciusscg98: folds 
fatema945: calls $0.06
mafr0vic: folds 
NotEnough77: folds 
Lorpugo: raises $0.10 to $0.16
Doctor Pong: calls $0.10
fatema945: calls $0.10
*** FLOP *** [Th 6s 8s]
Lorpugo: checks 
Doctor Pong: bets $0.18
fatema945: calls $0.18
Lorpugo: folds 
*** TURN *** [Th 6s 8s] [2h]
Doctor Pong: checks 
fatema945: bets $0.40
Doctor Pong: folds 
Uncalled bet ($0.40) returned to fatema945
fatema945 collected $0.82 from pot
*** SUMMARY ***
Total pot $0.85 | Rake $0.03 
Board [Th 6s 8s 2h]
Seat 1: NotEnough77 (small blind) folded before Flop
Seat 2: Lorpugo (big blind) folded on the Flop
Seat 3: Doctor Pong folded on the Turn
Seat 4: viniciusscg98 folded before Flop (didn't bet)
Seat 5: fatema945 collected ($0.82)
Seat 6: mafr0vic (button) folded before Flop (didn't bet)



PokerStars Hand #240915198237:  Hold'em No Limit ($0.01/$0.02 USD) - 2023/01/04 17:05:04 ET
Table 'Cremona II' 6-max Seat #1 is the button
Seat 1: NotEnough77 ($2 in chips) 
Seat 2: Lorpugo ($3.78 in chips) 
Seat 3: Doctor Pong ($1.66 in chips) 
Seat 4: viniciusscg98 ($1.82 in chips) 
Seat 5: fatema945 ($1.68 in chips) 
Seat 6: mafr0vic ($3.49 in chips) 
Lorpugo: posts small blind $0.01
Doctor Pong: posts big blind $0.02
*** HOLE CARDS ***
Dealt to Lorpugo [7h 8s]
viniciusscg98: calls $0.02
fatema945: calls $0.02
mafr0vic: folds 
NotEnough77: folds 
Lorpugo: calls $0.01
Doctor Pong: checks 
*** FLOP *** [Ts 8h 4d]
Lorpugo: bets $0.05
Doctor Pong: folds 
viniciusscg98: calls $0.05
fatema945: folds 
*** TURN *** [Ts 8h 4d] [Th]
Lorpugo: bets $0.06
viniciusscg98: folds 
Uncalled bet ($0.06) returned to Lorpugo
Lorpugo collected $0.17 from pot
Lorpugo: doesn't show hand 
*** SUMMARY ***
Total pot $0.18 | Rake $0.01 
Board [Ts 8h 4d Th]
Seat 1: NotEnough77 (button) folded before Flop (didn't bet)
Seat 2: Lorpugo (small blind) collected ($0.17)
Seat 3: Doctor Pong (big blind) folded on the Flop
Seat 4: viniciusscg98 folded on the Turn
Seat 5: fatema945 folded on the Flop
Seat 6: mafr0vic folded before Flop (didn't bet)



PokerStars Hand #240915214104:  Hold'em No Limit ($0.01/$0.02 USD) - 2023/01/04 17:05:39 ET
Table 'Cremona II' 6-max Seat #2 is the button
Seat 1: NotEnough77 ($2 in chips) 
Seat 2: Lorpugo ($3.88 in chips) 
Seat 3: Doctor Pong ($1.98 in chips) 
Seat 4: viniciusscg98 ($1.75 in chips) 
Seat 5: fatema945 ($1.66 in chips) 
Seat 6: mafr0vic ($3.49 in chips) 
Doctor Pong: posts small blind $0.01
viniciusscg98: posts big blind $0.02
*** HOLE CARDS ***
Dealt to Lorpugo [5d 7d]
fatema945: folds 
mafr0vic: folds 
NotEnough77: raises $0.03 to $0.05
Lorpugo: raises $0.11 to $0.16
Doctor Pong: raises $0.39 to $0.55
viniciusscg98: folds 
NotEnough77: folds 
Lorpugo: folds 
Uncalled bet ($0.39) returned to Doctor Pong
Doctor Pong collected $0.39 from pot
Doctor Pong: doesn't show hand 
*** SUMMARY ***
Total pot $0.39 | Rake $0 
Seat 1: NotEnough77 folded before Flop
Seat 2: Lorpugo (button) folded before Flop
Seat 3: Doctor Pong (small blind) collected ($0.39)
Seat 4: viniciusscg98 (big blind) folded before Flop
Seat 5: fatema945 folded before Flop (didn't bet)
Seat 6: mafr0vic folded before Flop (didn't bet)



PokerStars Hand #240915226026:  Hold'em No Limit ($0.01/$0.02 USD) - 2023/01/04 17:06:04 ET
Table 'Cremona II' 6-max Seat #3 is the button
Seat 1: NotEnough77 ($2 in chips) 
Seat 2: Lorpugo ($3.72 in chips) 
Seat 3: Doctor Pong ($2.21 in chips) 
Seat 4: viniciusscg98 ($1.73 in chips) 
Seat 5: fatema945 ($1.66 in chips) 
Seat 6: mafr0vic ($3.49 in chips) 
viniciusscg98: posts small blind $0.01
fatema945: posts big blind $0.02
*** HOLE CARDS ***
Dealt to Lorpugo [9s 4s]
mafr0vic: folds 
NotEnough77: raises $0.03 to $0.05
Lorpugo: folds 
Doctor Pong: calls $0.05
viniciusscg98: calls $0.04
fatema945: calls $0.03
*** FLOP *** [Qs 2h Jh]
viniciusscg98: bets $0.16
fatema945: folds 
NotEnough77: folds 
Doctor Pong: folds 
Uncalled bet ($0.16) returned to viniciusscg98
viniciusscg98 collected $0.19 from pot
viniciusscg98: doesn't show hand 
*** SUMMARY ***
Total pot $0.20 | Rake $0.01 
Board [Qs 2h Jh]
Seat 1: NotEnough77 folded on the Flop
Seat 2: Lorpugo folded before Flop (didn't bet)
Seat 3: Doctor Pong (button) folded on the Flop
Seat 4: viniciusscg98 (small blind) collected ($0.19)
Seat 5: fatema945 (big blind) folded on the Flop
Seat 6: mafr0vic folded before Flop (didn't bet)



PokerStars Hand #240915245559:  Hold'em No Limit ($0.01/$0.02 USD) - 2023/01/04 17:06:47 ET
Table 'Cremona II' 6-max Seat #4 is the button
Seat 1: NotEnough77 ($2 in chips) 
Seat 2: Lorpugo ($3.72 in chips) 
Seat 3: Doctor Pong ($2.16 in chips) 
Seat 4: viniciusscg98 ($1.87 in chips) 
Seat 5: fatema945 ($1.61 in chips) 
Seat 6: mafr0vic ($3.49 in chips) 
fatema945: posts small blind $0.01
mafr0vic: posts big blind $0.02
*** HOLE CARDS ***
Dealt to Lorpugo [Jh 8c]
NotEnough77: raises $0.03 to $0.05
Lorpugo: folds 
Doctor Pong: folds 
viniciusscg98: folds 
fatema945: calls $0.04
mafr0vic: calls $0.03
*** FLOP *** [Kh Ad 7d]
fatema945: checks 
mafr0vic: checks 
NotEnough77: bets $0.05
fatema945: folds 
mafr0vic: folds 
Uncalled bet ($0.05) returned to NotEnough77
NotEnough77 collected $0.14 from pot
NotEnough77: doesn't show hand 
*** SUMMARY ***
Total pot $0.15 | Rake $0.01 
Board [Kh Ad 7d]
Seat 1: NotEnough77 collected ($0.14)
Seat 2: Lorpugo folded before Flop (didn't bet)
Seat 3: Doctor Pong folded before Flop (didn't bet)
Seat 4: viniciusscg98 (button) folded before Flop (didn't bet)
Seat 5: fatema945 (small blind) folded on the Flop
Seat 6: mafr0vic (big blind) folded on the Flop



PokerStars Hand #240915258312:  Hold'em No Limit ($0.01/$0.02 USD) - 2023/01/04 17:07:14 ET
Table 'Cremona II' 6-max Seat #5 is the button
Seat 1: NotEnough77 ($2.09 in chips) 
Seat 2: Lorpugo ($3.72 in chips) 
Seat 3: Doctor Pong ($2.16 in chips) 
Seat 4: viniciusscg98 ($1.87 in chips) 
Seat 5: fatema945 ($1.56 in chips) 
Seat 6: mafr0vic ($3.44 in chips) 
mafr0vic: posts small blind $0.01
NotEnough77: posts big blind $0.02
*** HOLE CARDS ***
Dealt to Lorpugo [6d Kh]
Lorpugo: folds 
Doctor Pong: folds 
viniciusscg98: folds 
fatema945: calls $0.02
mafr0vic: raises $0.06 to $0.08
NotEnough77: folds 
fatema945: raises $0.68 to $0.76
mafr0vic: folds 
Uncalled bet ($0.68) returned to fatema945
fatema945 collected $0.18 from pot
*** SUMMARY ***
Total pot $0.18 | Rake $0 
Seat 1: NotEnough77 (big blind) folded before Flop
Seat 2: Lorpugo folded before Flop (didn't bet)
Seat 3: Doctor Pong folded before Flop (didn't bet)
Seat 4: viniciusscg98 folded before Flop (didn't bet)
Seat 5: fatema945 (button) collected ($0.18)
Seat 6: mafr0vic (small blind) folded before Flop



PokerStars Hand #240915275947:  Hold'em No Limit ($0.01/$0.02 USD) - 2023/01/04 17:07:53 ET
Table 'Cremona II' 6-max Seat #6 is the button
Seat 1: NotEnough77 ($2.07 in chips) 
Seat 2: Lorpugo ($3.72 in chips) 
Seat 3: Doctor Pong ($2.16 in chips) 
Seat 4: viniciusscg98 ($1.87 in chips) 
Seat 5: fatema945 ($1.66 in chips) 
Seat 6: mafr0vic ($3.36 in chips) 
NotEnough77: posts small blind $0.01
Lorpugo: posts big blind $0.02
*** HOLE CARDS ***
Dealt to Lorpugo [3s 9h]
Doctor Pong: folds 
viniciusscg98: raises $0.02 to $0.04
fatema945: folds 
fatema945 leaves the table
mafr0vic: folds 
NotEnough77: folds 
Lorpugo: folds 
Uncalled bet ($0.02) returned to viniciusscg98
viniciusscg98 collected $0.05 from pot
viniciusscg98: doesn't show hand 
*** SUMMARY ***
Total pot $0.05 | Rake $0 
Seat 1: NotEnough77 (small blind) folded before Flop
Seat 2: Lorpugo (big blind) folded before Flop
Seat 3: Doctor Pong folded before Flop (didn't bet)
Seat 4: viniciusscg98 collected ($0.05)
Seat 5: fatema945 folded before Flop (didn't bet)
Seat 6: mafr0vic (button) folded before Flop (didn't bet)



PokerStars Hand #240915285402:  Hold'em No Limit ($0.01/$0.02 USD) - 2023/01/04 17:08:14 ET
Table 'Cremona II' 6-max Seat #1 is the button
Seat 1: NotEnough77 ($2.06 in chips) 
Seat 2: Lorpugo ($3.70 in chips) 
Seat 3: Doctor Pong ($2.16 in chips) 
Seat 4: viniciusscg98 ($1.90 in chips) 
Seat 6: mafr0vic ($3.36 in chips) 
Lorpugo: posts small blind $0.01
Doctor Pong: posts big blind $0.02
*** HOLE CARDS ***
Dealt to Lorpugo [3d 4h]
viniciusscg98: raises $0.02 to $0.04
mafr0vic: folds 
NotEnough77: folds 
Lorpugo: folds 
PanteritaMori joins the table at seat #5 
Doctor Pong: folds 
Uncalled bet ($0.02) returned to viniciusscg98
viniciusscg98 collected $0.05 from pot
viniciusscg98: doesn't show hand 
*** SUMMARY ***
Total pot $0.05 | Rake $0 
Seat 1: NotEnough77 (button) folded before Flop (didn't bet)
Seat 2: Lorpugo (small blind) folded before Flop
Seat 3: Doctor Pong (big blind) folded before Flop
Seat 4: viniciusscg98 collected ($0.05)
Seat 6: mafr0vic folded before Flop (didn't bet)



PokerStars Hand #240915293768:  Hold'em No Limit ($0.01/$0.02 USD) - 2023/01/04 17:08:32 ET
Table 'Cremona II' 6-max Seat #2 is the button
Seat 1: NotEnough77 ($2.06 in chips) 
Seat 2: Lorpugo ($3.69 in chips) 
Seat 3: Doctor Pong ($2.14 in chips) 
Seat 4: viniciusscg98 ($1.93 in chips) 
Seat 6: mafr0vic ($3.36 in chips) 
Doctor Pong: posts small blind $0.01
viniciusscg98: posts big blind $0.02
*** HOLE CARDS ***
Dealt to Lorpugo [3d 6c]
mafr0vic: folds 
NotEnough77: raises $0.03 to $0.05
Lorpugo: folds 
Doctor Pong: folds 
viniciusscg98: calls $0.03
*** FLOP *** [Ks 9h 9c]
viniciusscg98: checks 
NotEnough77: bets $0.04
viniciusscg98: raises $0.04 to $0.08
NotEnough77: calls $0.04
*** TURN *** [Ks 9h 9c] [Kc]
viniciusscg98: bets $0.30
NotEnough77: folds 
Uncalled bet ($0.30) returned to viniciusscg98
viniciusscg98 collected $0.26 from pot
viniciusscg98: doesn't show hand 
*** SUMMARY ***
Total pot $0.27 | Rake $0.01 
Board [Ks 9h 9c Kc]
Seat 1: NotEnough77 folded on the Turn
Seat 2: Lorpugo (button) folded before Flop (didn't bet)
Seat 3: Doctor Pong (small blind) folded before Flop
Seat 4: viniciusscg98 (big blind) collected ($0.26)
Seat 6: mafr0vic folded before Flop (didn't bet)



PokerStars Hand #240915313090:  Hold'em No Limit ($0.01/$0.02 USD) - 2023/01/04 17:09:14 ET
Table 'Cremona II' 6-max Seat #3 is the button
Seat 1: NotEnough77 ($2 in chips) 
Seat 2: Lorpugo ($3.69 in chips) 
Seat 3: Doctor Pong ($2.13 in chips) 
Seat 4: viniciusscg98 ($2.06 in chips) 
Seat 5: PanteritaMori ($2 in chips) 
Seat 6: mafr0vic ($3.36 in chips) 
viniciusscg98: posts small blind $0.01
PanteritaMori: posts big blind $0.02
*** HOLE CARDS ***
Dealt to Lorpugo [8c 9s]
mafr0vic: folds 
NotEnough77: raises $0.03 to $0.05
Lorpugo: calls $0.05
Doctor Pong: folds 
viniciusscg98: folds 
PanteritaMori: folds 
*** FLOP *** [5d Qd 6h]
NotEnough77: checks 
Lorpugo: bets $0.02
NotEnough77: calls $0.02
*** TURN *** [5d Qd 6h] [2d]
NotEnough77: bets $0.05
Lorpugo: folds 
Uncalled bet ($0.05) returned to NotEnough77
NotEnough77 collected $0.16 from pot
NotEnough77: doesn't show hand 
*** SUMMARY ***
Total pot $0.17 | Rake $0.01 
Board [5d Qd 6h 2d]
Seat 1: NotEnough77 collected ($0.16)
Seat 2: Lorpugo folded on the Turn
Seat 3: Doctor Pong (button) folded before Flop (didn't bet)
Seat 4: viniciusscg98 (small blind) folded before Flop
Seat 5: PanteritaMori (big blind) folded before Flop
Seat 6: mafr0vic folded before Flop (didn't bet)



PokerStars Hand #240915324734:  Hold'em No Limit ($0.01/$0.02 USD) - 2023/01/04 17:09:40 ET
Table 'Cremona II' 6-max Seat #4 is the button
Seat 1: NotEnough77 ($2.09 in chips) 
Seat 2: Lorpugo ($3.62 in chips) 
Seat 3: Doctor Pong ($2.13 in chips) 
Seat 4: viniciusscg98 ($2.05 in chips) 
Seat 5: PanteritaMori ($2 in chips) 
Seat 6: mafr0vic ($3.36 in chips) 
PanteritaMori: posts small blind $0.01
mafr0vic: posts big blind $0.02
*** HOLE CARDS ***
Dealt to Lorpugo [Ad 6h]
NotEnough77: folds 
Lorpugo: raises $0.02 to $0.04
Doctor Pong: folds 
viniciusscg98: folds 
PanteritaMori: folds 
mafr0vic: folds 
Uncalled bet ($0.02) returned to Lorpugo
Lorpugo collected $0.05 from pot
Lorpugo: doesn't show hand 
*** SUMMARY ***
Total pot $0.05 | Rake $0 
Seat 1: NotEnough77 folded before Flop (didn't bet)
Seat 2: Lorpugo collected ($0.05)
Seat 3: Doctor Pong folded before Flop (didn't bet)
Seat 4: viniciusscg98 (button) folded before Flop (didn't bet)
Seat 5: PanteritaMori (small blind) folded before Flop
Seat 6: mafr0vic (big blind) folded before Flop



PokerStars Hand #240915332916:  Hold'em No Limit ($0.01/$0.02 USD) - 2023/01/04 17:09:57 ET
Table 'Cremona II' 6-max Seat #5 is the button
Seat 1: NotEnough77 ($2.09 in chips) 
Seat 2: Lorpugo ($3.65 in chips) 
Seat 3: Doctor Pong ($2.13 in chips) 
Seat 4: viniciusscg98 ($2.05 in chips) 
Seat 5: PanteritaMori ($2 in chips) 
Seat 6: mafr0vic ($3.34 in chips) 
mafr0vic: posts small blind $0.01
NotEnough77: posts big blind $0.02
*** HOLE CARDS ***
Dealt to Lorpugo [As 2s]
Lorpugo: raises $0.02 to $0.04
Doctor Pong: folds 
viniciusscg98: raises $0.02 to $0.06
PanteritaMori: calls $0.06
mafr0vic: folds 
NotEnough77: folds 
Lorpugo: calls $0.02
*** FLOP *** [4d Kd 4c]
Lorpugo: checks 
viniciusscg98: bets $0.06
PanteritaMori: folds 
Lorpugo: folds 
Uncalled bet ($0.06) returned to viniciusscg98
viniciusscg98 collected $0.20 from pot
viniciusscg98: doesn't show hand 
*** SUMMARY ***
Total pot $0.21 | Rake $0.01 
Board [4d Kd 4c]
Seat 1: NotEnough77 (big blind) folded before Flop
Seat 2: Lorpugo folded on the Flop
Seat 3: Doctor Pong folded before Flop (didn't bet)
Seat 4: viniciusscg98 collected ($0.20)
Seat 5: PanteritaMori (button) folded on the Flop
Seat 6: mafr0vic (small blind) folded before Flop



PokerStars Hand #240915350274:  Hold'em No Limit ($0.01/$0.02 USD) - 2023/01/04 17:10:35 ET
Table 'Cremona II' 6-max Seat #6 is the button
Seat 1: NotEnough77 ($2.07 in chips) 
Seat 2: Lorpugo ($3.59 in chips) 
Seat 3: Doctor Pong ($2.13 in chips) 
Seat 4: viniciusscg98 ($2.19 in chips) 
Seat 5: PanteritaMori ($2 in chips) 
Seat 6: mafr0vic ($3.33 in chips) 
NotEnough77: posts small blind $0.01
Lorpugo: posts big blind $0.02
*** HOLE CARDS ***
Dealt to Lorpugo [3c 8c]
Doctor Pong: calls $0.02
viniciusscg98: folds 
PanteritaMori: folds 
mafr0vic: folds 
NotEnough77: folds 
Lorpugo: checks 
*** FLOP *** [Ad 8d Js]
Lorpugo: bets $0.02
Doctor Pong: calls $0.02
*** TURN *** [Ad 8d Js] [7s]
Lorpugo: checks 
Doctor Pong: bets $0.09
Lorpugo: folds 
Uncalled bet ($0.09) returned to Doctor Pong
Doctor Pong collected $0.09 from pot
Doctor Pong: doesn't show hand 
*** SUMMARY ***
Total pot $0.09 | Rake $0 
Board [Ad 8d Js 7s]
Seat 1: NotEnough77 (small blind) folded before Flop
Seat 2: Lorpugo (big blind) folded on the Turn
Seat 3: Doctor Pong collected ($0.09)
Seat 4: viniciusscg98 folded before Flop (didn't bet)
Seat 5: PanteritaMori folded before Flop (didn't bet)
Seat 6: mafr0vic (button) folded before Flop (didn't bet)



PokerStars Hand #240915369910:  Hold'em No Limit ($0.01/$0.02 USD) - 2023/01/04 17:11:18 ET
Table 'Cremona II' 6-max Seat #1 is the button
Seat 1: NotEnough77 ($2.06 in chips) 
Seat 2: Lorpugo ($3.55 in chips) 
Seat 3: Doctor Pong ($2.18 in chips) 
Seat 4: viniciusscg98 ($2.19 in chips) 
Seat 5: PanteritaMori ($2 in chips) 
Seat 6: mafr0vic ($3.33 in chips) 
Lorpugo: posts small blind $0.01
Doctor Pong: posts big blind $0.02
*** HOLE CARDS ***
Dealt to Lorpugo [Ad 8c]
viniciusscg98: calls $0.02
PanteritaMori: folds 
mafr0vic: folds 
NotEnough77: folds 
Lorpugo: raises $0.10 to $0.12
Doctor Pong: folds 
viniciusscg98: folds 
Uncalled bet ($0.10) returned to Lorpugo
Lorpugo collected $0.06 from pot
Lorpugo: doesn't show hand 
*** SUMMARY ***
Total pot $0.06 | Rake $0 
Seat 1: NotEnough77 (button) folded before Flop (didn't bet)
Seat 2: Lorpugo (small blind) collected ($0.06)
Seat 3: Doctor Pong (big blind) folded before Flop
Seat 4: viniciusscg98 folded before Flop
Seat 5: PanteritaMori folded before Flop (didn't bet)
Seat 6: mafr0vic folded before Flop (didn't bet)



PokerStars Hand #240915379862:  Hold'em No Limit ($0.01/$0.02 USD) - 2023/01/04 17:11:40 ET
Table 'Cremona II' 6-max Seat #2 is the button
Seat 1: NotEnough77 ($2.06 in chips) 
Seat 2: Lorpugo ($3.59 in chips) 
Seat 3: Doctor Pong ($2.16 in chips) 
Seat 4: viniciusscg98 ($2.17 in chips) 
Seat 5: PanteritaMori ($2 in chips) 
Seat 6: mafr0vic ($3.33 in chips) 
Doctor Pong: posts small blind $0.01
viniciusscg98: posts big blind $0.02
*** HOLE CARDS ***
Dealt to Lorpugo [9h Jc]
PanteritaMori: folds 
mafr0vic: folds 
NotEnough77: folds 
Lorpugo: raises $0.02 to $0.04
Doctor Pong: folds 
viniciusscg98: raises $0.02 to $0.06
Lorpugo: calls $0.02
*** FLOP *** [9d Kd 3d]
viniciusscg98: checks 
Lorpugo: bets $0.09
viniciusscg98: folds 
Uncalled bet ($0.09) returned to Lorpugo
Lorpugo collected $0.13 from pot
Lorpugo: doesn't show hand 
*** SUMMARY ***
Total pot $0.13 | Rake $0 
Board [9d Kd 3d]
Seat 1: NotEnough77 folded before Flop (didn't bet)
Seat 2: Lorpugo (button) collected ($0.13)
Seat 3: Doctor Pong (small blind) folded before Flop
Seat 4: viniciusscg98 (big blind) folded on the Flop
Seat 5: PanteritaMori folded before Flop (didn't bet)
Seat 6: mafr0vic folded before Flop (didn't bet)



PokerStars Hand #240915402044:  Hold'em No Limit ($0.01/$0.02 USD) - 2023/01/04 17:12:29 ET
Table 'Cremona II' 6-max Seat #3 is the button
Seat 1: NotEnough77 ($2.06 in chips) 
Seat 2: Lorpugo ($3.66 in chips) 
Seat 3: Doctor Pong ($2.15 in chips) 
Seat 4: viniciusscg98 ($2.11 in chips) 
Seat 5: PanteritaMori ($2 in chips) 
Seat 6: mafr0vic ($3.33 in chips) 
viniciusscg98: posts small blind $0.01
PanteritaMori: posts big blind $0.02
*** HOLE CARDS ***
Dealt to Lorpugo [6d Td]
mafr0vic: folds 
NotEnough77: folds 
Lorpugo: raises $0.02 to $0.04
Doctor Pong: folds 
viniciusscg98: calls $0.03
PanteritaMori: folds 
*** FLOP *** [Qd Ac 5d]
viniciusscg98: checks 
Lorpugo: bets $0.02
viniciusscg98: calls $0.02
*** TURN *** [Qd Ac 5d] [2h]
viniciusscg98: bets $0.02
Lorpugo: calls $0.02
*** RIVER *** [Qd Ac 5d 2h] [5h]
viniciusscg98: checks 
Lorpugo: bets $3.58 and is all-in
viniciusscg98: folds 
Uncalled bet ($3.58) returned to Lorpugo
Lorpugo collected $0.17 from pot
Lorpugo: doesn't show hand 
*** SUMMARY ***
Total pot $0.18 | Rake $0.01 
Board [Qd Ac 5d 2h 5h]
Seat 1: NotEnough77 folded before Flop (didn't bet)
Seat 2: Lorpugo collected ($0.17)
Seat 3: Doctor Pong (button) folded before Flop (didn't bet)
Seat 4: viniciusscg98 (small blind) folded on the River
Seat 5: PanteritaMori (big blind) folded before Flop
Seat 6: mafr0vic folded before Flop (didn't bet)



PokerStars Hand #240915433822:  Hold'em No Limit ($0.01/$0.02 USD) - 2023/01/04 17:13:38 ET
Table 'Cremona II' 6-max Seat #4 is the button
Seat 1: NotEnough77 ($2.06 in chips) 
Seat 2: Lorpugo ($3.75 in chips) 
Seat 3: Doctor Pong ($2.15 in chips) 
Seat 4: viniciusscg98 ($2.03 in chips) 
Seat 5: PanteritaMori ($2 in chips) 
Seat 6: mafr0vic ($3.33 in chips) 
PanteritaMori: posts small blind $0.01
mafr0vic: posts big blind $0.02
*** HOLE CARDS ***
Dealt to Lorpugo [8h 7s]
NotEnough77: folds 
Lorpugo: raises $0.02 to $0.04
Doctor Pong: folds 
viniciusscg98: calls $0.04
PanteritaMori: folds 
mafr0vic: folds 
*** FLOP *** [6s 3s 4d]
Lorpugo: checks 
viniciusscg98: checks 
*** TURN *** [6s 3s 4d] [Js]
Lorpugo: bets $0.11
viniciusscg98: folds 
Uncalled bet ($0.11) returned to Lorpugo
Lorpugo collected $0.11 from pot
Lorpugo: doesn't show hand 
*** SUMMARY ***
Total pot $0.11 | Rake $0 
Board [6s 3s 4d Js]
Seat 1: NotEnough77 folded before Flop (didn't bet)
Seat 2: Lorpugo collected ($0.11)
Seat 3: Doctor Pong folded before Flop (didn't bet)
Seat 4: viniciusscg98 (button) folded on the Turn
Seat 5: PanteritaMori (small blind) folded before Flop
Seat 6: mafr0vic (big blind) folded before Flop



PokerStars Hand #240915450979:  Hold'em No Limit ($0.01/$0.02 USD) - 2023/01/04 17:14:15 ET
Table 'Cremona II' 6-max Seat #5 is the button
Seat 1: NotEnough77 ($2.06 in chips) 
Seat 2: Lorpugo ($3.82 in chips) 
Seat 3: Doctor Pong ($2.15 in chips) 
Seat 4: viniciusscg98 ($1.99 in chips) 
Seat 5: PanteritaMori ($2 in chips) 
Seat 6: mafr0vic ($3.31 in chips) 
mafr0vic: posts small blind $0.01
NotEnough77: posts big blind $0.02
*** HOLE CARDS ***
Dealt to Lorpugo [9h 2h]
Lorpugo: folds 
Doctor Pong: folds 
viniciusscg98: folds 
PanteritaMori has timed out
PanteritaMori: folds 
mafr0vic: raises $0.04 to $0.06
NotEnough77: folds 
Uncalled bet ($0.04) returned to mafr0vic
mafr0vic collected $0.04 from pot
mafr0vic: doesn't show hand 
*** SUMMARY ***
Total pot $0.04 | Rake $0 
Seat 1: NotEnough77 (big blind) folded before Flop
Seat 2: Lorpugo folded before Flop (didn't bet)
Seat 3: Doctor Pong folded before Flop (didn't bet)
Seat 4: viniciusscg98 folded before Flop (didn't bet)
Seat 5: PanteritaMori (button) folded before Flop (didn't bet)
Seat 6: mafr0vic (small blind) collected ($0.04)



PokerStars Hand #240915462866:  Hold'em No Limit ($0.01/$0.02 USD) - 2023/01/04 17:14:41 ET
Table 'Cremona II' 6-max Seat #6 is the button
Seat 1: NotEnough77 ($2.04 in chips) 
Seat 2: Lorpugo ($3.82 in chips) 
Seat 3: Doctor Pong ($2.15 in chips) 
Seat 4: viniciusscg98 ($1.99 in chips) 
Seat 5: PanteritaMori ($2 in chips) 
Seat 6: mafr0vic ($3.33 in chips) 
NotEnough77: posts small blind $0.01
Lorpugo: posts big blind $0.02
*** HOLE CARDS ***
Dealt to Lorpugo [Ks Ts]
Doctor Pong: folds 
viniciusscg98: folds 
PanteritaMori: folds 
mafr0vic: raises $0.04 to $0.06
NotEnough77: folds 
Lorpugo: calls $0.04
*** FLOP *** [Kc 8c 3c]
Lorpugo: bets $0.09
mafr0vic: folds 
Uncalled bet ($0.09) returned to Lorpugo
Lorpugo collected $0.13 from pot
Lorpugo: doesn't show hand 
*** SUMMARY ***
Total pot $0.13 | Rake $0 
Board [Kc 8c 3c]
Seat 1: NotEnough77 (small blind) folded before Flop
Seat 2: Lorpugo (big blind) collected ($0.13)
Seat 3: Doctor Pong folded before Flop (didn't bet)
Seat 4: viniciusscg98 folded before Flop (didn't bet)
Seat 5: PanteritaMori folded before Flop (didn't bet)
Seat 6: mafr0vic (button) folded on the Flop



PokerStars Hand #240915481492:  Hold'em No Limit ($0.01/$0.02 USD) - 2023/01/04 17:15:22 ET
Table 'Cremona II' 6-max Seat #1 is the button
Seat 1: NotEnough77 ($2.03 in chips) 
Seat 2: Lorpugo ($3.89 in chips) 
Seat 3: Doctor Pong ($2.15 in chips) 
Seat 4: viniciusscg98 ($1.99 in chips) 
Seat 5: PanteritaMori ($2 in chips) 
Seat 6: mafr0vic ($3.27 in chips) 
Lorpugo: posts small blind $0.01
Doctor Pong: posts big blind $0.02
*** HOLE CARDS ***
Dealt to Lorpugo [3s Ah]
viniciusscg98: raises $0.02 to $0.04
PanteritaMori: folds 
mafr0vic: folds 
NotEnough77: folds 
Lorpugo: folds 
Doctor Pong: folds 
Uncalled bet ($0.02) returned to viniciusscg98
viniciusscg98 collected $0.05 from pot
viniciusscg98: doesn't show hand 
*** SUMMARY ***
Total pot $0.05 | Rake $0 
Seat 1: NotEnough77 (button) folded before Flop (didn't bet)
Seat 2: Lorpugo (small blind) folded before Flop
Seat 3: Doctor Pong (big blind) folded before Flop
Seat 4: viniciusscg98 collected ($0.05)
Seat 5: PanteritaMori folded before Flop (didn't bet)
Seat 6: mafr0vic folded before Flop (didn't bet)



PokerStars Hand #240915493824:  Hold'em No Limit ($0.01/$0.02 USD) - 2023/01/04 17:15:50 ET
Table 'Cremona II' 6-max Seat #2 is the button
Seat 1: NotEnough77 ($2.03 in chips) 
Seat 2: Lorpugo ($3.88 in chips) 
Seat 3: Doctor Pong ($2.13 in chips) 
Seat 4: viniciusscg98 ($2.02 in chips) 
Seat 5: PanteritaMori ($2 in chips) 
Seat 6: mafr0vic ($3.27 in chips) 
Doctor Pong: posts small blind $0.01
viniciusscg98: posts big blind $0.02
*** HOLE CARDS ***
Dealt to Lorpugo [Qd 4s]
PanteritaMori: folds 
mafr0vic: folds 
NotEnough77: folds 
Lorpugo: raises $0.02 to $0.04
Doctor Pong: folds 
viniciusscg98: raises $0.02 to $0.06
Lorpugo: folds 
Uncalled bet ($0.02) returned to viniciusscg98
viniciusscg98 collected $0.09 from pot
viniciusscg98: doesn't show hand 
*** SUMMARY ***
Total pot $0.09 | Rake $0 
Seat 1: NotEnough77 folded before Flop (didn't bet)
Seat 2: Lorpugo (button) folded before Flop
Seat 3: Doctor Pong (small blind) folded before Flop
Seat 4: viniciusscg98 (big blind) collected ($0.09)
Seat 5: PanteritaMori folded before Flop (didn't bet)
Seat 6: mafr0vic folded before Flop (didn't bet)



PokerStars Hand #240915509016:  Hold'em No Limit ($0.01/$0.02 USD) - 2023/01/04 17:16:23 ET
Table 'Cremona II' 6-max Seat #3 is the button
Seat 1: NotEnough77 ($2.03 in chips) 
Seat 2: Lorpugo ($3.84 in chips) 
Seat 3: Doctor Pong ($2.12 in chips) 
Seat 4: viniciusscg98 ($2.07 in chips) 
Seat 5: PanteritaMori ($2 in chips) 
Seat 6: mafr0vic ($3.27 in chips) 
viniciusscg98: posts small blind $0.01
PanteritaMori: posts big blind $0.02
*** HOLE CARDS ***
Dealt to Lorpugo [4c Qd]
mafr0vic: folds 
NotEnough77: folds 
Lorpugo: folds 
Doctor Pong: raises $0.04 to $0.06
viniciusscg98: folds 
PanteritaMori: folds 
Uncalled bet ($0.04) returned to Doctor Pong
Doctor Pong collected $0.05 from pot
Doctor Pong: doesn't show hand 
*** SUMMARY ***
Total pot $0.05 | Rake $0 
Seat 1: NotEnough77 folded before Flop (didn't bet)
Seat 2: Lorpugo folded before Flop (didn't bet)
Seat 3: Doctor Pong (button) collected ($0.05)
Seat 4: viniciusscg98 (small blind) folded before Flop
Seat 5: PanteritaMori (big blind) folded before Flop
Seat 6: mafr0vic folded before Flop (didn't bet)



PokerStars Hand #240915514474:  Hold'em No Limit ($0.01/$0.02 USD) - 2023/01/04 17:16:36 ET
Table 'Cremona II' 6-max Seat #4 is the button
Seat 1: NotEnough77 ($2.03 in chips) 
Seat 2: Lorpugo ($3.84 in chips) 
Seat 3: Doctor Pong ($2.15 in chips) 
Seat 4: viniciusscg98 ($2.06 in chips) 
Seat 5: PanteritaMori ($2 in chips) 
PanteritaMori: posts small blind $0.01
NotEnough77: posts big blind $0.02
*** HOLE CARDS ***
Dealt to Lorpugo [Qc Td]
mafr0vic leaves the table
Lorpugo: raises $0.02 to $0.04
Doctor Pong: folds 
viniciusscg98: folds 
PanteritaMori: folds 
NotEnough77: folds 
Uncalled bet ($0.02) returned to Lorpugo
Lorpugo collected $0.05 from pot
Lorpugo: doesn't show hand 
ermissik joins the table at seat #6 
*** SUMMARY ***
Total pot $0.05 | Rake $0 
Seat 1: NotEnough77 (big blind) folded before Flop
Seat 2: Lorpugo collected ($0.05)
Seat 3: Doctor Pong folded before Flop (didn't bet)
Seat 4: viniciusscg98 (button) folded before Flop (didn't bet)
Seat 5: PanteritaMori (small blind) folded before Flop



PokerStars Hand #240915522087:  Hold'em No Limit ($0.01/$0.02 USD) - 2023/01/04 17:16:52 ET
Table 'Cremona II' 6-max Seat #5 is the button
Seat 1: NotEnough77 ($2.01 in chips) 
Seat 2: Lorpugo ($3.87 in chips) 
Seat 3: Doctor Pong ($2.15 in chips) 
Seat 4: viniciusscg98 ($2.06 in chips) 
Seat 5: PanteritaMori ($2 in chips) 
NotEnough77: posts small blind $0.01
Lorpugo: posts big blind $0.02
*** HOLE CARDS ***
Dealt to Lorpugo [Jd Kh]
Doctor Pong: folds 
viniciusscg98: folds 
PanteritaMori: raises $0.03 to $0.05
NotEnough77: calls $0.04
Lorpugo: calls $0.03
*** FLOP *** [9h 9s As]
NotEnough77: checks 
Lorpugo: checks 
PanteritaMori: bets $0.06
NotEnough77: folds 
Lorpugo: folds 
Uncalled bet ($0.06) returned to PanteritaMori
PanteritaMori collected $0.14 from pot
PanteritaMori: doesn't show hand 
*** SUMMARY ***
Total pot $0.15 | Rake $0.01 
Board [9h 9s As]
Seat 1: NotEnough77 (small blind) folded on the Flop
Seat 2: Lorpugo (big blind) folded on the Flop
Seat 3: Doctor Pong folded before Flop (didn't bet)
Seat 4: viniciusscg98 folded before Flop (didn't bet)
Seat 5: PanteritaMori (button) collected ($0.14)



PokerStars Hand #240915535786:  Hold'em No Limit ($0.01/$0.02 USD) - 2023/01/04 17:17:22 ET
Table 'Cremona II' 6-max Seat #1 is the button
Seat 1: NotEnough77 ($2 in chips) 
Seat 2: Lorpugo ($3.82 in chips) 
Seat 3: Doctor Pong ($2.15 in chips) 
Seat 4: viniciusscg98 ($2.06 in chips) 
Seat 5: PanteritaMori ($2.09 in chips) 
Seat 6: ermissik ($2 in chips) 
Lorpugo: posts small blind $0.01
Doctor Pong: posts big blind $0.02
ermissik: posts big blind $0.02
*** HOLE CARDS ***
Dealt to Lorpugo [8h 5h]
viniciusscg98: raises $0.02 to $0.04
PanteritaMori: folds 
ermissik: calls $0.02
NotEnough77: folds 
Lorpugo: raises $0.02 to $0.06
Doctor Pong: folds 
viniciusscg98: raises $0.02 to $0.08
ermissik: calls $0.04
Lorpugo: calls $0.02
*** FLOP *** [Ks 6h 5c]
Lorpugo: checks 
viniciusscg98: bets $0.13
ermissik: calls $0.13
Lorpugo: calls $0.13
*** TURN *** [Ks 6h 5c] [As]
Lorpugo: checks 
viniciusscg98: bets $0.68
ermissik: folds 
Lorpugo: folds 
Uncalled bet ($0.68) returned to viniciusscg98
viniciusscg98 collected $0.63 from pot
viniciusscg98: doesn't show hand 
*** SUMMARY ***
Total pot $0.65 | Rake $0.02 
Board [Ks 6h 5c As]
Seat 1: NotEnough77 (button) folded before Flop (didn't bet)
Seat 2: Lorpugo (small blind) folded on the Turn
Seat 3: Doctor Pong (big blind) folded before Flop
Seat 4: viniciusscg98 collected ($0.63)
Seat 5: PanteritaMori folded before Flop (didn't bet)
Seat 6: ermissik folded on the Turn



PokerStars Hand #240915558655:  Hold'em No Limit ($0.01/$0.02 USD) - 2023/01/04 17:18:13 ET
Table 'Cremona II' 6-max Seat #2 is the button
Seat 1: NotEnough77 ($2 in chips) 
Seat 2: Lorpugo ($3.61 in chips) 
Seat 3: Doctor Pong ($2.13 in chips) 
Seat 4: viniciusscg98 ($2.48 in chips) 
Seat 5: PanteritaMori ($2.09 in chips) 
Seat 6: ermissik ($2 in chips) 
Doctor Pong: posts small blind $0.01
viniciusscg98: posts big blind $0.02
*** HOLE CARDS ***
Dealt to Lorpugo [9h 8s]
PanteritaMori: folds 
ermissik: calls $0.02
NotEnough77: folds 
Lorpugo: calls $0.02
Doctor Pong: calls $0.01
viniciusscg98: checks 
*** FLOP *** [Ad 4c 2h]
Doctor Pong: checks 
viniciusscg98: checks 
ermissik: checks 
Lorpugo: checks 
*** TURN *** [Ad 4c 2h] [Js]
Doctor Pong: bets $0.04
viniciusscg98: folds 
ermissik: calls $0.04
Lorpugo: folds 
*** RIVER *** [Ad 4c 2h Js] [Tc]
Doctor Pong: checks 
ermissik: checks 
*** SHOW DOWN ***
Doctor Pong: shows [Jc Kd] (a pair of Jacks)
ermissik: mucks hand 
Doctor Pong collected $0.15 from pot
*** SUMMARY ***
Total pot $0.16 | Rake $0.01 
Board [Ad 4c 2h Js Tc]
Seat 1: NotEnough77 folded before Flop (didn't bet)
Seat 2: Lorpugo (button) folded on the Turn
Seat 3: Doctor Pong (small blind) showed [Jc Kd] and won ($0.15) with a pair of Jacks
Seat 4: viniciusscg98 (big blind) folded on the Turn
Seat 5: PanteritaMori folded before Flop (didn't bet)
Seat 6: ermissik mucked [Th Ks]



PokerStars Hand #240915587585:  Hold'em No Limit ($0.01/$0.02 USD) - 2023/01/04 17:19:17 ET
Table 'Cremona II' 6-max Seat #3 is the button
Seat 1: NotEnough77 ($2 in chips) 
Seat 2: Lorpugo ($3.59 in chips) 
Seat 3: Doctor Pong ($2.22 in chips) 
Seat 4: viniciusscg98 ($2.46 in chips) 
Seat 5: PanteritaMori ($2.09 in chips) 
Seat 6: ermissik ($2 in chips) 
viniciusscg98: posts small blind $0.01
PanteritaMori: posts big blind $0.02
*** HOLE CARDS ***
Dealt to Lorpugo [5h 7c]
ermissik: raises $0.04 to $0.06
NotEnough77: folds 
Lorpugo: folds 
Doctor Pong has timed out
Doctor Pong: folds 
viniciusscg98: folds 
PanteritaMori: folds 
Uncalled bet ($0.04) returned to ermissik
ermissik collected $0.05 from pot
*** SUMMARY ***
Total pot $0.05 | Rake $0 
Seat 1: NotEnough77 folded before Flop (didn't bet)
Seat 2: Lorpugo folded before Flop (didn't bet)
Seat 3: Doctor Pong (button) folded before Flop (didn't bet)
Seat 4: viniciusscg98 (small blind) folded before Flop
Seat 5: PanteritaMori (big blind) folded before Flop
Seat 6: ermissik collected ($0.05)



PokerStars Hand #240915605128:  Hold'em No Limit ($0.01/$0.02 USD) - 2023/01/04 17:19:56 ET
Table 'Cremona II' 6-max Seat #4 is the button
Seat 1: NotEnough77 ($2 in chips) 
Seat 2: Lorpugo ($3.59 in chips) 
Seat 4: viniciusscg98 ($2.45 in chips) 
Seat 5: PanteritaMori ($2.07 in chips) 
Seat 6: ermissik ($2.03 in chips) 
PanteritaMori: posts small blind $0.01
ermissik: posts big blind $0.02
*** HOLE CARDS ***
Dealt to Lorpugo [7h Qd]
NotEnough77: folds 
Lorpugo: folds 
viniciusscg98: folds 
PanteritaMori: folds 
Uncalled bet ($0.01) returned to ermissik
ermissik collected $0.02 from pot
*** SUMMARY ***
Total pot $0.02 | Rake $0 
Seat 1: NotEnough77 folded before Flop (didn't bet)
Seat 2: Lorpugo folded before Flop (didn't bet)
Seat 4: viniciusscg98 (button) folded before Flop (didn't bet)
Seat 5: PanteritaMori (small blind) folded before Flop
Seat 6: ermissik (big blind) collected ($0.02)



PokerStars Hand #240915611758:  Hold'em No Limit ($0.01/$0.02 USD) - 2023/01/04 17:20:10 ET
Table 'Cremona II' 6-max Seat #5 is the button
Seat 1: NotEnough77 ($2 in chips) 
Seat 2: Lorpugo ($3.59 in chips) 
Seat 3: Doctor Pong ($2.22 in chips) 
Seat 4: viniciusscg98 ($2.45 in chips) 
Seat 5: PanteritaMori ($2.06 in chips) 
Seat 6: ermissik ($2.04 in chips) 
ermissik: posts small blind $0.01
NotEnough77: posts big blind $0.02
*** HOLE CARDS ***
Dealt to Lorpugo [Ts Kh]
Lorpugo: folds 
Doctor Pong: raises $0.04 to $0.06
viniciusscg98: folds 
PanteritaMori: folds 
ermissik: folds 
NotEnough77: folds 
Uncalled bet ($0.04) returned to Doctor Pong
Doctor Pong collected $0.05 from pot
Doctor Pong: doesn't show hand 
*** SUMMARY ***
Total pot $0.05 | Rake $0 
Seat 1: NotEnough77 (big blind) folded before Flop
Seat 2: Lorpugo folded before Flop (didn't bet)
Seat 3: Doctor Pong collected ($0.05)
Seat 4: viniciusscg98 folded before Flop (didn't bet)
Seat 5: PanteritaMori (button) folded before Flop (didn't bet)
Seat 6: ermissik (small blind) folded before Flop



PokerStars Hand #240915618875:  Hold'em No Limit ($0.01/$0.02 USD) - 2023/01/04 17:20:26 ET
Table 'Cremona II' 6-max Seat #6 is the button
Seat 1: NotEnough77 ($2 in chips) 
Seat 2: Lorpugo ($3.59 in chips) 
Seat 3: Doctor Pong ($2.25 in chips) 
Seat 4: viniciusscg98 ($2.45 in chips) 
Seat 5: PanteritaMori ($2.06 in chips) 
Seat 6: ermissik ($2.03 in chips) 
NotEnough77: posts small blind $0.01
Lorpugo: posts big blind $0.02
*** HOLE CARDS ***
Dealt to Lorpugo [4c 2d]
Doctor Pong: folds 
viniciusscg98: folds 
PanteritaMori: folds 
ermissik: folds 
NotEnough77: raises $0.04 to $0.06
Lorpugo: folds 
Uncalled bet ($0.04) returned to NotEnough77
NotEnough77 collected $0.04 from pot
NotEnough77: doesn't show hand 
*** SUMMARY ***
Total pot $0.04 | Rake $0 
Seat 1: NotEnough77 (small blind) collected ($0.04)
Seat 2: Lorpugo (big blind) folded before Flop
Seat 3: Doctor Pong folded before Flop (didn't bet)
Seat 4: viniciusscg98 folded before Flop (didn't bet)
Seat 5: PanteritaMori folded before Flop (didn't bet)
Seat 6: ermissik (button) folded before Flop (didn't bet)



PokerStars Hand #240915626447:  Hold'em No Limit ($0.01/$0.02 USD) - 2023/01/04 17:20:43 ET
Table 'Cremona II' 6-max Seat #1 is the button
Seat 1: NotEnough77 ($2.02 in chips) 
Seat 2: Lorpugo ($3.57 in chips) 
Seat 3: Doctor Pong ($2.25 in chips) 
Seat 4: viniciusscg98 ($2.45 in chips) 
Seat 5: PanteritaMori ($2.06 in chips) 
Seat 6: ermissik ($2.03 in chips) 
Lorpugo: posts small blind $0.01
Doctor Pong: posts big blind $0.02
*** HOLE CARDS ***
Dealt to Lorpugo [Qs Ah]
viniciusscg98: calls $0.02
PanteritaMori: folds 
ermissik: folds 
NotEnough77: folds 
Lorpugo: raises $0.10 to $0.12
Doctor Pong: folds 
viniciusscg98: folds 
Uncalled bet ($0.10) returned to Lorpugo
Lorpugo collected $0.06 from pot
Lorpugo: doesn't show hand 
*** SUMMARY ***
Total pot $0.06 | Rake $0 
Seat 1: NotEnough77 (button) folded before Flop (didn't bet)
Seat 2: Lorpugo (small blind) collected ($0.06)
Seat 3: Doctor Pong (big blind) folded before Flop
Seat 4: viniciusscg98 folded before Flop
Seat 5: PanteritaMori folded before Flop (didn't bet)
Seat 6: ermissik folded before Flop (didn't bet)



PokerStars Hand #240915637253:  Hold'em No Limit ($0.01/$0.02 USD) - 2023/01/04 17:21:07 ET
Table 'Cremona II' 6-max Seat #2 is the button
Seat 1: NotEnough77 ($2.02 in chips) 
Seat 2: Lorpugo ($3.61 in chips) 
Seat 3: Doctor Pong ($2.23 in chips) 
Seat 4: viniciusscg98 ($2.43 in chips) 
Seat 5: PanteritaMori ($2.06 in chips) 
Seat 6: ermissik ($2.03 in chips) 
Doctor Pong: posts small blind $0.01
viniciusscg98: posts big blind $0.02
*** HOLE CARDS ***
Dealt to Lorpugo [2c 9s]
PanteritaMori: raises $0.04 to $0.06
ermissik: folds 
NotEnough77: folds 
Lorpugo: folds 
Doctor Pong: folds 
viniciusscg98: raises $0.04 to $0.10
PanteritaMori: calls $0.04
*** FLOP *** [3s As 8h]
viniciusscg98: bets $0.02
PanteritaMori: calls $0.02
*** TURN *** [3s As 8h] [2d]
viniciusscg98: bets $0.12
PanteritaMori: folds 
Uncalled bet ($0.12) returned to viniciusscg98
viniciusscg98 collected $0.24 from pot
viniciusscg98: doesn't show hand 
*** SUMMARY ***
Total pot $0.25 | Rake $0.01 
Board [3s As 8h 2d]
Seat 1: NotEnough77 folded before Flop (didn't bet)
Seat 2: Lorpugo (button) folded before Flop (didn't bet)
Seat 3: Doctor Pong (small blind) folded before Flop
Seat 4: viniciusscg98 (big blind) collected ($0.24)
Seat 5: PanteritaMori folded on the Turn
Seat 6: ermissik folded before Flop (didn't bet)



PokerStars Hand #240915651225:  Hold'em No Limit ($0.01/$0.02 USD) - 2023/01/04 17:21:38 ET
Table 'Cremona II' 6-max Seat #3 is the button
Seat 1: NotEnough77 ($2.02 in chips) 
Seat 2: Lorpugo ($3.61 in chips) 
Seat 3: Doctor Pong ($2.22 in chips) 
Seat 4: viniciusscg98 ($2.55 in chips) 
Seat 5: PanteritaMori ($2 in chips) 
Seat 6: ermissik ($2.03 in chips) 
viniciusscg98: posts small blind $0.01
PanteritaMori: posts big blind $0.02
*** HOLE CARDS ***
Dealt to Lorpugo [Ts 8s]
ermissik: calls $0.02
NotEnough77: folds 
Lorpugo: raises $0.02 to $0.04
Doctor Pong: calls $0.04
viniciusscg98: calls $0.03
PanteritaMori: folds 
ermissik: calls $0.02
*** FLOP *** [Ac 2d 3s]
viniciusscg98: checks 
ermissik: checks 
Lorpugo: bets $0.11
Doctor Pong: folds 
viniciusscg98: folds 
ermissik: folds 
Uncalled bet ($0.11) returned to Lorpugo
Lorpugo collected $0.17 from pot
Lorpugo: doesn't show hand 
*** SUMMARY ***
Total pot $0.18 | Rake $0.01 
Board [Ac 2d 3s]
Seat 1: NotEnough77 folded before Flop (didn't bet)
Seat 2: Lorpugo collected ($0.17)
Seat 3: Doctor Pong (button) folded on the Flop
Seat 4: viniciusscg98 (small blind) folded on the Flop
Seat 5: PanteritaMori (big blind) folded before Flop
Seat 6: ermissik folded on the Flop



PokerStars Hand #240915666072:  Hold'em No Limit ($0.01/$0.02 USD) - 2023/01/04 17:22:11 ET
Table 'Cremona II' 6-max Seat #4 is the button
Seat 1: NotEnough77 ($2.02 in chips) 
Seat 2: Lorpugo ($3.74 in chips) 
Seat 3: Doctor Pong ($2.18 in chips) 
Seat 4: viniciusscg98 ($2.51 in chips) 
Seat 5: PanteritaMori ($2 in chips) 
Seat 6: ermissik ($2 in chips) 
PanteritaMori: posts small blind $0.01
ermissik: posts big blind $0.02
*** HOLE CARDS ***
Dealt to Lorpugo [Ts Qd]
NotEnough77: folds 
Lorpugo: folds 
Doctor Pong: folds 
viniciusscg98: calls $0.02
PanteritaMori: raises $0.07 to $0.09
ermissik: folds 
viniciusscg98: folds 
Uncalled bet ($0.07) returned to PanteritaMori
PanteritaMori collected $0.06 from pot
PanteritaMori: doesn't show hand 
*** SUMMARY ***
Total pot $0.06 | Rake $0 
Seat 1: NotEnough77 folded before Flop (didn't bet)
Seat 2: Lorpugo folded before Flop (didn't bet)
Seat 3: Doctor Pong folded before Flop (didn't bet)
Seat 4: viniciusscg98 (button) folded before Flop
Seat 5: PanteritaMori (small blind) collected ($0.06)
Seat 6: ermissik (big blind) folded before Flop



PokerStars Hand #240915679572:  Hold'em No Limit ($0.01/$0.02 USD) - 2023/01/04 17:22:41 ET
Table 'Cremona II' 6-max Seat #5 is the button
Seat 1: NotEnough77 ($2.02 in chips) 
Seat 2: Lorpugo ($3.74 in chips) 
Seat 3: Doctor Pong ($2.18 in chips) 
Seat 4: viniciusscg98 ($2.49 in chips) 
Seat 5: PanteritaMori ($2.04 in chips) 
Seat 6: ermissik ($2 in chips) 
ermissik: posts small blind $0.01
NotEnough77: posts big blind $0.02
*** HOLE CARDS ***
Dealt to Lorpugo [6c 5s]
Lorpugo: folds 
Doctor Pong: folds 
viniciusscg98: folds 
PanteritaMori: folds 
ermissik: folds 
Uncalled bet ($0.01) returned to NotEnough77
NotEnough77 collected $0.02 from pot
NotEnough77: doesn't show hand 
*** SUMMARY ***
Total pot $0.02 | Rake $0 
Seat 1: NotEnough77 (big blind) collected ($0.02)
Seat 2: Lorpugo folded before Flop (didn't bet)
Seat 3: Doctor Pong folded before Flop (didn't bet)
Seat 4: viniciusscg98 folded before Flop (didn't bet)
Seat 5: PanteritaMori (button) folded before Flop (didn't bet)
Seat 6: ermissik (small blind) folded before Flop



PokerStars Hand #240915682445:  Hold'em No Limit ($0.01/$0.02 USD) - 2023/01/04 17:22:47 ET
Table 'Cremona II' 6-max Seat #6 is the button
Seat 1: NotEnough77 ($2.03 in chips) 
Seat 2: Lorpugo ($3.74 in chips) 
Seat 3: Doctor Pong ($2.18 in chips) 
Seat 4: viniciusscg98 ($2.49 in chips) 
Seat 5: PanteritaMori ($2.04 in chips) 
Seat 6: ermissik ($2 in chips) 
NotEnough77: posts small blind $0.01
Lorpugo: posts big blind $0.02
*** HOLE CARDS ***
Dealt to Lorpugo [2d 3s]
Doctor Pong: calls $0.02
viniciusscg98: folds 
PanteritaMori: folds 
ermissik: raises $0.04 to $0.06
NotEnough77: folds 
Lorpugo: folds 
Doctor Pong: calls $0.04
*** FLOP *** [Ks Qd Qs]
Doctor Pong: checks 
ermissik: checks 
*** TURN *** [Ks Qd Qs] [9h]
Doctor Pong: checks 
ermissik: checks 
*** RIVER *** [Ks Qd Qs 9h] [8d]
Doctor Pong: bets $0.07
ermissik: calls $0.07
*** SHOW DOWN ***
Doctor Pong: shows [As 9s] (two pair, Queens and Nines)
ermissik: shows [6c Kc] (two pair, Kings and Queens)
ermissik collected $0.28 from pot
*** SUMMARY ***
Total pot $0.29 | Rake $0.01 
Board [Ks Qd Qs 9h 8d]
Seat 1: NotEnough77 (small blind) folded before Flop
Seat 2: Lorpugo (big blind) folded before Flop
Seat 3: Doctor Pong showed [As 9s] and lost with two pair, Queens and Nines
Seat 4: viniciusscg98 folded before Flop (didn't bet)
Seat 5: PanteritaMori folded before Flop (didn't bet)
Seat 6: ermissik (button) showed [6c Kc] and won ($0.28) with two pair, Kings and Queens



PokerStars Hand #240915711197:  Hold'em No Limit ($0.01/$0.02 USD) - 2023/01/04 17:23:52 ET
Table 'Cremona II' 6-max Seat #1 is the button
Seat 1: NotEnough77 ($2.02 in chips) 
Seat 2: Lorpugo ($3.72 in chips) 
Seat 3: Doctor Pong ($2.05 in chips) 
Seat 4: viniciusscg98 ($2.49 in chips) 
Seat 5: PanteritaMori ($2.04 in chips) 
Seat 6: ermissik ($2.15 in chips) 
Lorpugo: posts small blind $0.01
Doctor Pong: posts big blind $0.02
*** HOLE CARDS ***
Dealt to Lorpugo [2c 9s]
viniciusscg98: raises $0.02 to $0.04
PanteritaMori: folds 
ermissik: folds 
NotEnough77: folds 
Lorpugo: folds 
Doctor Pong: folds 
Uncalled bet ($0.02) returned to viniciusscg98
viniciusscg98 collected $0.05 from pot
viniciusscg98: doesn't show hand 
*** SUMMARY ***
Total pot $0.05 | Rake $0 
Seat 1: NotEnough77 (button) folded before Flop (didn't bet)
Seat 2: Lorpugo (small blind) folded before Flop
Seat 3: Doctor Pong (big blind) folded before Flop
Seat 4: viniciusscg98 collected ($0.05)
Seat 5: PanteritaMori folded before Flop (didn't bet)
Seat 6: ermissik folded before Flop (didn't bet)



PokerStars Hand #240915718522:  Hold'em No Limit ($0.01/$0.02 USD) - 2023/01/04 17:24:08 ET
Table 'Cremona II' 6-max Seat #2 is the button
Seat 1: NotEnough77 ($2.02 in chips) 
Seat 2: Lorpugo ($3.71 in chips) 
Seat 3: Doctor Pong ($2.03 in chips) 
Seat 4: viniciusscg98 ($2.52 in chips) 
Seat 5: PanteritaMori ($2.04 in chips) 
Seat 6: ermissik ($2.15 in chips) 
Doctor Pong: posts small blind $0.01
viniciusscg98: posts big blind $0.02
*** HOLE CARDS ***
Dealt to Lorpugo [2s Ac]
PanteritaMori: folds 
ermissik: raises $0.04 to $0.06
NotEnough77: folds 
Lorpugo: folds 
Doctor Pong: raises $0.12 to $0.18
viniciusscg98: folds 
ermissik: calls $0.12
*** FLOP *** [Ah 5h As]
Doctor Pong: bets $0.16
ermissik: folds 
Uncalled bet ($0.16) returned to Doctor Pong
Doctor Pong collected $0.37 from pot
Doctor Pong: doesn't show hand 
*** SUMMARY ***
Total pot $0.38 | Rake $0.01 
Board [Ah 5h As]
Seat 1: NotEnough77 folded before Flop (didn't bet)
Seat 2: Lorpugo (button) folded before Flop (didn't bet)
Seat 3: Doctor Pong (small blind) collected ($0.37)
Seat 4: viniciusscg98 (big blind) folded before Flop
Seat 5: PanteritaMori folded before Flop (didn't bet)
Seat 6: ermissik folded on the Flop



PokerStars Hand #240915738672:  Hold'em No Limit ($0.01/$0.02 USD) - 2023/01/04 17:24:54 ET
Table 'Cremona II' 6-max Seat #3 is the button
Seat 1: NotEnough77 ($2.02 in chips) 
Seat 2: Lorpugo ($3.71 in chips) 
Seat 3: Doctor Pong ($2.22 in chips) 
Seat 4: viniciusscg98 ($2.50 in chips) 
Seat 5: PanteritaMori ($2.04 in chips) 
Seat 6: ermissik ($2 in chips) 
viniciusscg98: posts small blind $0.01
PanteritaMori: posts big blind $0.02
*** HOLE CARDS ***
Dealt to Lorpugo [8d 4d]
ermissik: folds 
NotEnough77: folds 
Lorpugo: folds 
Doctor Pong: folds 
viniciusscg98: folds 
Uncalled bet ($0.01) returned to PanteritaMori
PanteritaMori collected $0.02 from pot
PanteritaMori: doesn't show hand 
*** SUMMARY ***
Total pot $0.02 | Rake $0 
Seat 1: NotEnough77 folded before Flop (didn't bet)
Seat 2: Lorpugo folded before Flop (didn't bet)
Seat 3: Doctor Pong (button) folded before Flop (didn't bet)
Seat 4: viniciusscg98 (small blind) folded before Flop
Seat 5: PanteritaMori (big blind) collected ($0.02)
Seat 6: ermissik folded before Flop (didn't bet)



PokerStars Hand #240915744607:  Hold'em No Limit ($0.01/$0.02 USD) - 2023/01/04 17:25:07 ET
Table 'Cremona II' 6-max Seat #4 is the button
Seat 1: NotEnough77 ($2.02 in chips) 
Seat 2: Lorpugo ($3.71 in chips) 
Seat 3: Doctor Pong ($2.22 in chips) 
Seat 4: viniciusscg98 ($2.49 in chips) 
Seat 5: PanteritaMori ($2.05 in chips) 
Seat 6: ermissik ($2 in chips) 
PanteritaMori: posts small blind $0.01
ermissik: posts big blind $0.02
*** HOLE CARDS ***
Dealt to Lorpugo [Tc 2h]
NotEnough77: folds 
Lorpugo: folds 
Doctor Pong has timed out
Doctor Pong: folds 
viniciusscg98: calls $0.02
PanteritaMori: raises $0.08 to $0.10
ermissik: folds 
viniciusscg98: folds 
Uncalled bet ($0.08) returned to PanteritaMori
ermissik leaves the table
PanteritaMori collected $0.06 from pot
PanteritaMori: doesn't show hand 
*** SUMMARY ***
Total pot $0.06 | Rake $0 
Seat 1: NotEnough77 folded before Flop (didn't bet)
Seat 2: Lorpugo folded before Flop (didn't bet)
Seat 3: Doctor Pong folded before Flop (didn't bet)
Seat 4: viniciusscg98 (button) folded before Flop
Seat 5: PanteritaMori (small blind) collected ($0.06)
Seat 6: ermissik (big blind) folded before Flop



PokerStars Hand #240915760882:  Hold'em No Limit ($0.01/$0.02 USD) - 2023/01/04 17:25:44 ET
Table 'Cremona II' 6-max Seat #5 is the button
Seat 1: NotEnough77 ($2.02 in chips) 
Seat 2: Lorpugo ($3.71 in chips) 
Seat 4: viniciusscg98 ($2.47 in chips) 
Seat 5: PanteritaMori ($2.09 in chips) 
NotEnough77: posts small blind $0.01
Lorpugo: posts big blind $0.02
*** HOLE CARDS ***
Dealt to Lorpugo [As 8c]
LongHart joins the table at seat #6 
viniciusscg98: raises $0.02 to $0.04
PanteritaMori: folds 
NotEnough77: folds 
Lorpugo: calls $0.02
*** FLOP *** [Jh 5c 7s]
Lorpugo: checks 
viniciusscg98: bets $0.14
Lorpugo: folds 
Uncalled bet ($0.14) returned to viniciusscg98
viniciusscg98 collected $0.09 from pot
viniciusscg98: doesn't show hand 
*** SUMMARY ***
Total pot $0.09 | Rake $0 
Board [Jh 5c 7s]
Seat 1: NotEnough77 (small blind) folded before Flop
Seat 2: Lorpugo (big blind) folded on the Flop
Seat 4: viniciusscg98 collected ($0.09)
Seat 5: PanteritaMori (button) folded before Flop (didn't bet)



PokerStars Hand #240915774179:  Hold'em No Limit ($0.01/$0.02 USD) - 2023/01/04 17:26:14 ET
Table 'Cremona II' 6-max Seat #1 is the button
Seat 1: NotEnough77 ($2.01 in chips) 
Seat 2: Lorpugo ($3.67 in chips) 
Seat 4: viniciusscg98 ($2.52 in chips) 
Seat 5: PanteritaMori ($2.09 in chips) 
Lorpugo: posts small blind $0.01
viniciusscg98: posts big blind $0.02
*** HOLE CARDS ***
Dealt to Lorpugo [9h Ts]
PanteritaMori: folds 
NotEnough77: folds 
Lorpugo: raises $0.02 to $0.04
viniciusscg98: folds 
Uncalled bet ($0.02) returned to Lorpugo
Lorpugo collected $0.04 from pot
Lorpugo: doesn't show hand 
*** SUMMARY ***
Total pot $0.04 | Rake $0 
Seat 1: NotEnough77 (button) folded before Flop (didn't bet)
Seat 2: Lorpugo (small blind) collected ($0.04)
Seat 4: viniciusscg98 (big blind) folded before Flop
Seat 5: PanteritaMori folded before Flop (didn't bet)



PokerStars Hand #240915779443:  Hold'em No Limit ($0.01/$0.02 USD) - 2023/01/04 17:26:26 ET
Table 'Cremona II' 6-max Seat #2 is the button
Seat 1: NotEnough77 ($2.01 in chips) 
Seat 2: Lorpugo ($3.69 in chips) 
Seat 4: viniciusscg98 ($2.50 in chips) 
Seat 5: PanteritaMori ($2.09 in chips) 
viniciusscg98: posts small blind $0.01
PanteritaMori: posts big blind $0.02
*** HOLE CARDS ***
Dealt to Lorpugo [7s 6s]
NotEnough77: folds 
Lorpugo: raises $0.02 to $0.04
viniciusscg98: folds 
PanteritaMori: folds 
Uncalled bet ($0.02) returned to Lorpugo
Lorpugo collected $0.05 from pot
Lorpugo: doesn't show hand 
*** SUMMARY ***
Total pot $0.05 | Rake $0 
Seat 1: NotEnough77 folded before Flop (didn't bet)
Seat 2: Lorpugo (button) collected ($0.05)
Seat 4: viniciusscg98 (small blind) folded before Flop
Seat 5: PanteritaMori (big blind) folded before Flop



PokerStars Hand #240915785111:  Hold'em No Limit ($0.01/$0.02 USD) - 2023/01/04 17:26:39 ET
Table 'Cremona II' 6-max Seat #4 is the button
Seat 1: NotEnough77 ($2.01 in chips) 
Seat 2: Lorpugo ($3.72 in chips) 
Seat 4: viniciusscg98 ($2.49 in chips) 
Seat 5: PanteritaMori ($2.07 in chips) 
Seat 6: LongHart ($2 in chips) 
PanteritaMori: posts small blind $0.01
LongHart: posts big blind $0.02
*** HOLE CARDS ***
Dealt to Lorpugo [6h 5s]
NotEnough77: folds 
Lorpugo: folds 
viniciusscg98: calls $0.02
PanteritaMori: folds 
LongHart: checks 
*** FLOP *** [2c 5h Ks]
LongHart: checks 
viniciusscg98: checks 
*** TURN *** [2c 5h Ks] [Jh]
LongHart: bets $0.03
viniciusscg98: calls $0.03
*** RIVER *** [2c 5h Ks Jh] [3h]
LongHart: checks 
viniciusscg98: checks 
*** SHOW DOWN ***
LongHart: shows [Js 3s] (two pair, Jacks and Threes)
viniciusscg98: mucks hand 
LongHart collected $0.11 from pot
*** SUMMARY ***
Total pot $0.11 | Rake $0 
Board [2c 5h Ks Jh 3h]
Seat 1: NotEnough77 folded before Flop (didn't bet)
Seat 2: Lorpugo folded before Flop (didn't bet)
Seat 4: viniciusscg98 (button) mucked [2d Qs]
Seat 5: PanteritaMori (small blind) folded before Flop
Seat 6: LongHart (big blind) showed [Js 3s] and won ($0.11) with two pair, Jacks and Threes



PokerStars Hand #240915800126:  Hold'em No Limit ($0.01/$0.02 USD) - 2023/01/04 17:27:13 ET
Table 'Cremona II' 6-max Seat #5 is the button
Seat 1: NotEnough77 ($2.01 in chips) 
Seat 2: Lorpugo ($3.72 in chips) 
Seat 4: viniciusscg98 ($2.44 in chips) 
Seat 5: PanteritaMori ($2.06 in chips) 
Seat 6: LongHart ($2.06 in chips) 
LongHart: posts small blind $0.01
NotEnough77: posts big blind $0.02
*** HOLE CARDS ***
Dealt to Lorpugo [4h 6s]
Lorpugo: folds 
viniciusscg98: folds 
PanteritaMori: folds 
LongHart: raises $0.04 to $0.06
NotEnough77: folds 
Uncalled bet ($0.04) returned to LongHart
LongHart collected $0.04 from pot
LongHart: doesn't show hand 
*** SUMMARY ***
Total pot $0.04 | Rake $0 
Seat 1: NotEnough77 (big blind) folded before Flop
Seat 2: Lorpugo folded before Flop (didn't bet)
Seat 4: viniciusscg98 folded before Flop (didn't bet)
Seat 5: PanteritaMori (button) folded before Flop (didn't bet)
Seat 6: LongHart (small blind) collected ($0.04)



PokerStars Hand #240915806859:  Hold'em No Limit ($0.01/$0.02 USD) - 2023/01/04 17:27:29 ET
Table 'Cremona II' 6-max Seat #6 is the button
Seat 1: NotEnough77 ($2 in chips) 
Seat 2: Lorpugo ($3.72 in chips) 
Seat 4: viniciusscg98 ($2.44 in chips) 
Seat 5: PanteritaMori ($2.06 in chips) 
Seat 6: LongHart ($2.08 in chips) 
NotEnough77: posts small blind $0.01
Lorpugo: posts big blind $0.02
*** HOLE CARDS ***
Dealt to Lorpugo [6s 2h]
viniciusscg98: folds 
PanteritaMori: folds 
LongHart: folds 
NotEnough77: raises $0.04 to $0.06
Lorpugo: folds 
Uncalled bet ($0.04) returned to NotEnough77
NotEnough77 collected $0.04 from pot
NotEnough77: doesn't show hand 
*** SUMMARY ***
Total pot $0.04 | Rake $0 
Seat 1: NotEnough77 (small blind) collected ($0.04)
Seat 2: Lorpugo (big blind) folded before Flop
Seat 4: viniciusscg98 folded before Flop (didn't bet)
Seat 5: PanteritaMori folded before Flop (didn't bet)
Seat 6: LongHart (button) folded before Flop (didn't bet)



PokerStars Hand #240915814354:  Hold'em No Limit ($0.01/$0.02 USD) - 2023/01/04 17:27:46 ET
Table 'Cremona II' 6-max Seat #1 is the button
Seat 1: NotEnough77 ($2.02 in chips) 
Seat 2: Lorpugo ($3.70 in chips) 
Seat 3: Doctor Pong ($2.22 in chips) 
Seat 4: viniciusscg98 ($2.44 in chips) 
Seat 5: PanteritaMori ($2.06 in chips) 
Seat 6: LongHart ($2.08 in chips) 
Lorpugo: posts small blind $0.01
Doctor Pong: posts big blind $0.02
*** HOLE CARDS ***
Dealt to Lorpugo [4s 9d]
viniciusscg98: folds 
PanteritaMori: raises $0.04 to $0.06
LongHart: folds 
NotEnough77: folds 
Lorpugo: folds 
Doctor Pong: folds 
Uncalled bet ($0.04) returned to PanteritaMori
Doctor Pong leaves the table
PanteritaMori collected $0.05 from pot
PanteritaMori: doesn't show hand 
*** SUMMARY ***
Total pot $0.05 | Rake $0 
Seat 1: NotEnough77 (button) folded before Flop (didn't bet)
Seat 2: Lorpugo (small blind) folded before Flop
Seat 3: Doctor Pong (big blind) folded before Flop
Seat 4: viniciusscg98 folded before Flop (didn't bet)
Seat 5: PanteritaMori collected ($0.05)
Seat 6: LongHart folded before Flop (didn't bet)



PokerStars Hand #240915824953:  Hold'em No Limit ($0.01/$0.02 USD) - 2023/01/04 17:28:09 ET
Table 'Cremona II' 6-max Seat #2 is the button
Seat 1: NotEnough77 ($2.02 in chips) 
Seat 2: Lorpugo ($3.69 in chips) 
Seat 4: viniciusscg98 ($2.44 in chips) 
Seat 5: PanteritaMori ($2.09 in chips) 
Seat 6: LongHart ($2.08 in chips) 
viniciusscg98: posts small blind $0.01
PanteritaMori: posts big blind $0.02
*** HOLE CARDS ***
Dealt to Lorpugo [6c 7d]
LongHart: folds 
NotEnough77: raises $0.03 to $0.05
Lorpugo: folds 
viniciusscg98: raises $0.03 to $0.08
KRandall12 joins the table at seat #3 
PanteritaMori: folds 
NotEnough77: calls $0.03
*** FLOP *** [Qc Jd 2s]
PanteritaMori leaves the table
viniciusscg98: bets $0.20
NotEnough77: calls $0.20
*** TURN *** [Qc Jd 2s] [9h]
viniciusscg98: bets $0.56
NotEnough77: calls $0.56
*** RIVER *** [Qc Jd 2s 9h] [6h]
viniciusscg98: bets $1.60 and is all-in
NotEnough77: calls $1.18 and is all-in
Uncalled bet ($0.42) returned to viniciusscg98
*** SHOW DOWN ***
viniciusscg98: shows [9s Ad] (a pair of Nines)
NotEnough77: shows [Kh Qs] (a pair of Queens)
NotEnough77 collected $3.92 from pot
*** SUMMARY ***
Total pot $4.06 | Rake $0.14 
Board [Qc Jd 2s 9h 6h]
Seat 1: NotEnough77 showed [Kh Qs] and won ($3.92) with a pair of Queens
Seat 2: Lorpugo (button) folded before Flop (didn't bet)
Seat 4: viniciusscg98 (small blind) showed [9s Ad] and lost with a pair of Nines
Seat 5: PanteritaMori (big blind) folded before Flop
Seat 6: LongHart folded before Flop (didn't bet)



PokerStars Hand #240915848221:  Hold'em No Limit ($0.01/$0.02 USD) - 2023/01/04 17:29:03 ET
Table 'Cremona II' 6-max Seat #4 is the button
Seat 1: NotEnough77 ($3.92 in chips) 
Seat 2: Lorpugo ($3.69 in chips) 
Seat 4: viniciusscg98 ($0.42 in chips) 
Seat 6: LongHart ($2.08 in chips) 
LongHart: posts small blind $0.01
NotEnough77: posts big blind $0.02
*** HOLE CARDS ***
Dealt to Lorpugo [Qh Tc]
Lorpugo: raises $0.02 to $0.04
viniciusscg98: raises $0.38 to $0.42 and is all-in
LongHart: folds 
NotEnough77: folds 
Lorpugo: folds 
Uncalled bet ($0.38) returned to viniciusscg98
viniciusscg98 collected $0.11 from pot
viniciusscg98: doesn't show hand 
*** SUMMARY ***
Total pot $0.11 | Rake $0 
Seat 1: NotEnough77 (big blind) folded before Flop
Seat 2: Lorpugo folded before Flop
Seat 4: viniciusscg98 (button) collected ($0.11)
Seat 6: LongHart (small blind) folded before Flop



PokerStars Hand #240915858370:  Hold'em No Limit ($0.01/$0.02 USD) - 2023/01/04 17:29:26 ET
Table 'Cremona II' 6-max Seat #6 is the button
Seat 1: NotEnough77 ($3.90 in chips) 
Seat 2: Lorpugo ($3.65 in chips) 
Seat 4: viniciusscg98 ($0.49 in chips) 
Seat 6: LongHart ($2.07 in chips) 
NotEnough77: posts small blind $0.01
Lorpugo: posts big blind $0.02
*** HOLE CARDS ***
Dealt to Lorpugo [Kh 8d]
viniciusscg98: raises $0.47 to $0.49 and is all-in
LongHart: folds 
vl_pallazzio joins the table at seat #5 
NotEnough77: folds 
Lorpugo: folds 
Uncalled bet ($0.47) returned to viniciusscg98
viniciusscg98 collected $0.05 from pot
viniciusscg98: doesn't show hand 
*** SUMMARY ***
Total pot $0.05 | Rake $0 
Seat 1: NotEnough77 (small blind) folded before Flop
Seat 2: Lorpugo (big blind) folded before Flop
Seat 4: viniciusscg98 collected ($0.05)
Seat 6: LongHart (button) folded before Flop (didn't bet)



PokerStars Hand #240915870854:  Hold'em No Limit ($0.01/$0.02 USD) - 2023/01/04 17:29:54 ET
Table 'Cremona II' 6-max Seat #1 is the button
Seat 1: NotEnough77 ($3.89 in chips) 
Seat 2: Lorpugo ($3.63 in chips) 
Seat 3: KRandall12 ($0.80 in chips) 
Seat 4: viniciusscg98 ($0.52 in chips) 
Seat 6: LongHart ($2.07 in chips) 
Lorpugo: posts small blind $0.01
KRandall12: posts big blind $0.02
*** HOLE CARDS ***
Dealt to Lorpugo [3s 4d]
viniciusscg98: folds 
viniciusscg98 leaves the table
LongHart: raises $0.04 to $0.06
NotEnough77: folds 
Lorpugo: folds 
KRandall12: folds 
Uncalled bet ($0.04) returned to LongHart
LongHart collected $0.05 from pot
LongHart: doesn't show hand 
*** SUMMARY ***
Total pot $0.05 | Rake $0 
Seat 1: NotEnough77 (button) folded before Flop (didn't bet)
Seat 2: Lorpugo (small blind) folded before Flop
Seat 3: KRandall12 (big blind) folded before Flop
Seat 4: viniciusscg98 folded before Flop (didn't bet)
Seat 6: LongHart collected ($0.05)



PokerStars Hand #240915878616:  Hold'em No Limit ($0.01/$0.02 USD) - 2023/01/04 17:30:12 ET
Table 'Cremona II' 6-max Seat #2 is the button
Seat 1: NotEnough77 ($3.89 in chips) 
Seat 2: Lorpugo ($3.62 in chips) 
Seat 3: KRandall12 ($0.80 in chips) 
Seat 5: vl_pallazzio ($2 in chips) 
Seat 6: LongHart ($2.10 in chips) 
Doctor Pong joins the table at seat #4 
KRandall12: posts small blind $0.01
vl_pallazzio: posts big blind $0.02
*** HOLE CARDS ***
Dealt to Lorpugo [Ac 2s]
LongHart: raises $0.04 to $0.06
NotEnough77: folds 
Lorpugo: folds 
KRandall12: folds 
vl_pallazzio: folds 
Uncalled bet ($0.04) returned to LongHart
LongHart collected $0.05 from pot
LongHart: doesn't show hand 
*** SUMMARY ***
Total pot $0.05 | Rake $0 
Seat 1: NotEnough77 folded before Flop (didn't bet)
Seat 2: Lorpugo (button) folded before Flop (didn't bet)
Seat 3: KRandall12 (small blind) folded before Flop
Seat 5: vl_pallazzio (big blind) folded before Flop
Seat 6: LongHart collected ($0.05)



PokerStars Hand #240915886490:  Hold'em No Limit ($0.01/$0.02 USD) - 2023/01/04 17:30:30 ET
Table 'Cremona II' 6-max Seat #3 is the button
Seat 1: NotEnough77 ($3.89 in chips) 
Seat 2: Lorpugo ($3.62 in chips) 
Seat 3: KRandall12 ($0.80 in chips) 
Seat 5: vl_pallazzio ($2 in chips) 
Seat 6: LongHart ($2.13 in chips) 
vl_pallazzio: posts small blind $0.01
LongHart: posts big blind $0.02
*** HOLE CARDS ***
Dealt to Lorpugo [6h Th]
NotEnough77: folds 
Lorpugo: raises $0.02 to $0.04
KRandall12: folds 
vl_pallazzio: folds 
LongHart: folds 
Uncalled bet ($0.02) returned to Lorpugo
Lorpugo collected $0.05 from pot
Lorpugo: doesn't show hand 
*** SUMMARY ***
Total pot $0.05 | Rake $0 
Seat 1: NotEnough77 folded before Flop (didn't bet)
Seat 2: Lorpugo collected ($0.05)
Seat 3: KRandall12 (button) folded before Flop (didn't bet)
Seat 5: vl_pallazzio (small blind) folded before Flop
Seat 6: LongHart (big blind) folded before Flop



PokerStars Hand #240915893382:  Hold'em No Limit ($0.01/$0.02 USD) - 2023/01/04 17:30:46 ET
Table 'Cremona II' 6-max Seat #5 is the button
Seat 1: NotEnough77 ($3.89 in chips) 
Seat 2: Lorpugo ($3.65 in chips) 
Seat 3: KRandall12 ($0.80 in chips) 
Seat 5: vl_pallazzio ($2 in chips) 
Seat 6: LongHart ($2.11 in chips) 
LongHart: posts small blind $0.01
NotEnough77: posts big blind $0.02
*** HOLE CARDS ***
Dealt to Lorpugo [Qc 2h]
Lorpugo: folds 
KRandall12: folds 
vl_pallazzio: raises $0.04 to $0.06
LongHart: folds 
NotEnough77: folds 
Uncalled bet ($0.04) returned to vl_pallazzio
vl_pallazzio collected $0.05 from pot
*** SUMMARY ***
Total pot $0.05 | Rake $0 
Seat 1: NotEnough77 (big blind) folded before Flop
Seat 2: Lorpugo folded before Flop (didn't bet)
Seat 3: KRandall12 folded before Flop (didn't bet)
Seat 5: vl_pallazzio (button) collected ($0.05)
Seat 6: LongHart (small blind) folded before Flop



PokerStars Hand #240915900817:  Hold'em No Limit ($0.01/$0.02 USD) - 2023/01/04 17:31:03 ET
Table 'Cremona II' 6-max Seat #6 is the button
Seat 1: NotEnough77 ($3.87 in chips) 
Seat 2: Lorpugo ($3.65 in chips) 
Seat 3: KRandall12 ($0.80 in chips) 
Seat 5: vl_pallazzio ($2.03 in chips) 
Seat 6: LongHart ($2.10 in chips) 
NotEnough77: posts small blind $0.01
Lorpugo: posts big blind $0.02
*** HOLE CARDS ***
Dealt to Lorpugo [2h 2c]
KRandall12: raises $0.04 to $0.06
vl_pallazzio: folds 
LongHart: folds 
NotEnough77: folds 
Lorpugo: calls $0.04
*** FLOP *** [9d 4c 6d]
Lorpugo: bets $0.02
KRandall12: calls $0.02
*** TURN *** [9d 4c 6d] [Kh]
Lorpugo: bets $0.08
KRandall12: folds 
Uncalled bet ($0.08) returned to Lorpugo
Lorpugo collected $0.16 from pot
Lorpugo: doesn't show hand 
*** SUMMARY ***
Total pot $0.17 | Rake $0.01 
Board [9d 4c 6d Kh]
Seat 1: NotEnough77 (small blind) folded before Flop
Seat 2: Lorpugo (big blind) collected ($0.16)
Seat 3: KRandall12 folded on the Turn
Seat 5: vl_pallazzio folded before Flop (didn't bet)
Seat 6: LongHart (button) folded before Flop (didn't bet)



PokerStars Hand #240915918503:  Hold'em No Limit ($0.01/$0.02 USD) - 2023/01/04 17:31:43 ET
Table 'Cremona II' 6-max Seat #1 is the button
Seat 1: NotEnough77 ($3.86 in chips) 
Seat 2: Lorpugo ($3.73 in chips) 
Seat 3: KRandall12 ($0.80 in chips) 
Seat 5: vl_pallazzio ($2.03 in chips) 
Seat 6: LongHart ($2.10 in chips) 
Lorpugo: posts small blind $0.01
KRandall12: posts big blind $0.02
*** HOLE CARDS ***
Dealt to Lorpugo [5d Ad]
vl_pallazzio: folds 
LongHart: raises $0.04 to $0.06
NotEnough77: folds 
Lorpugo: calls $0.05
KRandall12: folds 
*** FLOP *** [Th Kd 6s]
Lorpugo: checks 
LongHart: bets $0.07
Lorpugo: folds 
Uncalled bet ($0.07) returned to LongHart
LongHart collected $0.14 from pot
LongHart: doesn't show hand 
*** SUMMARY ***
Total pot $0.14 | Rake $0 
Board [Th Kd 6s]
Seat 1: NotEnough77 (button) folded before Flop (didn't bet)
Seat 2: Lorpugo (small blind) folded on the Flop
Seat 3: KRandall12 (big blind) folded before Flop
Seat 5: vl_pallazzio folded before Flop (didn't bet)
Seat 6: LongHart collected ($0.14)



PokerStars Hand #240915932302:  Hold'em No Limit ($0.01/$0.02 USD) - 2023/01/04 17:32:14 ET
Table 'Cremona II' 6-max Seat #2 is the button
Seat 1: NotEnough77 ($3.86 in chips) 
Seat 2: Lorpugo ($3.67 in chips) 
Seat 3: KRandall12 ($0.80 in chips) 
Seat 4: Doctor Pong ($2.20 in chips) 
Seat 5: vl_pallazzio ($2.03 in chips) 
Seat 6: LongHart ($2.18 in chips) 
KRandall12: posts small blind $0.01
Doctor Pong: posts big blind $0.02
*** HOLE CARDS ***
Dealt to Lorpugo [2d 3h]
vl_pallazzio: folds 
LongHart: folds 
LongHart leaves the table
NotEnough77: raises $0.03 to $0.05
Lorpugo: folds 
KRandall12: calls $0.04
Doctor Pong: calls $0.03
*** FLOP *** [Ks 6h 5s]
KRandall12: checks 
Doctor Pong: bets $0.14
NotEnough77: calls $0.14
KRandall12: calls $0.14
*** TURN *** [Ks 6h 5s] [2c]
KRandall12: checks 
Doctor Pong: bets $0.55
NotEnough77: calls $0.55
KRandall12: folds 
*** RIVER *** [Ks 6h 5s 2c] [6c]
Doctor Pong: bets $1.46 and is all-in
NotEnough77: calls $1.46
*** SHOW DOWN ***
Doctor Pong: shows [Qs Kh] (two pair, Kings and Sixes)
NotEnough77: shows [5d 6d] (a full house, Sixes full of Fives)
NotEnough77 collected $4.43 from pot
*** SUMMARY ***
Total pot $4.59 | Rake $0.16 
Board [Ks 6h 5s 2c 6c]
Seat 1: NotEnough77 showed [5d 6d] and won ($4.43) with a full house, Sixes full of Fives
Seat 2: Lorpugo (button) folded before Flop (didn't bet)
Seat 3: KRandall12 (small blind) folded on the Turn
Seat 4: Doctor Pong (big blind) showed [Qs Kh] and lost with two pair, Kings and Sixes
Seat 5: vl_pallazzio folded before Flop (didn't bet)
Seat 6: LongHart folded before Flop (didn't bet)



PokerStars Hand #240915978216:  Hold'em No Limit ($0.01/$0.02 USD) - 2023/01/04 17:34:00 ET
Table 'Cremona II' 6-max Seat #3 is the button
Seat 1: NotEnough77 ($6.09 in chips) 
Seat 2: Lorpugo ($3.67 in chips) 
Seat 3: KRandall12 ($0.80 in chips) 
Seat 5: vl_pallazzio ($2.03 in chips) 
vl_pallazzio: posts small blind $0.01
NotEnough77: posts big blind $0.02
*** HOLE CARDS ***
Dealt to Lorpugo [6h 5c]
Lorpugo: folds 
KRandall12: folds 
vl_pallazzio: folds 
Uncalled bet ($0.01) returned to NotEnough77
NotEnough77 collected $0.02 from pot
NotEnough77: doesn't show hand 
DelaneyJack joins the table at seat #6 
*** SUMMARY ***
Total pot $0.02 | Rake $0 
Seat 1: NotEnough77 (big blind) collected ($0.02)
Seat 2: Lorpugo folded before Flop (didn't bet)
Seat 3: KRandall12 (button) folded before Flop (didn't bet)
Seat 5: vl_pallazzio (small blind) folded before Flop



PokerStars Hand #240915982731:  Hold'em No Limit ($0.01/$0.02 USD) - 2023/01/04 17:34:10 ET
Table 'Cremona II' 6-max Seat #5 is the button
Seat 1: NotEnough77 ($6.10 in chips) 
Seat 2: Lorpugo ($3.67 in chips) 
Seat 3: KRandall12 ($0.80 in chips) 
Seat 4: Doctor Pong ($2 in chips) 
Seat 5: vl_pallazzio ($2.02 in chips) 
NotEnough77: posts small blind $0.01
Lorpugo: posts big blind $0.02
Doctor Pong: posts small blind $0.01
*** HOLE CARDS ***
Dealt to Lorpugo [Ah 8d]
KRandall12: raises $0.04 to $0.06
Doctor Pong: folds 
vl_pallazzio: calls $0.06
NotEnough77: raises $0.19 to $0.25
Lorpugo: folds 
KRandall12: raises $0.55 to $0.80 and is all-in
vl_pallazzio: folds 
NotEnough77: calls $0.55
*** FLOP *** [Ts 6s Jh]
*** TURN *** [Ts 6s Jh] [6d]
*** RIVER *** [Ts 6s Jh 6d] [9d]
*** SHOW DOWN ***
NotEnough77: shows [Kc Ks] (two pair, Kings and Sixes)
KRandall12: shows [As Ad] (two pair, Aces and Sixes)
KRandall12 cashed out the hand for $1.32 | Cash Out Fee $0.01
*** SUMMARY ***
Total pot $1.69 | Rake $0.06 
Board [Ts 6s Jh 6d 9d]
Seat 1: NotEnough77 (small blind) showed [Kc Ks] and lost with two pair, Kings and Sixes
Seat 2: Lorpugo (big blind) folded before Flop
Seat 3: KRandall12 showed [As Ad] and won ($1.63) with two pair, Aces and Sixes (pot not awarded as player cashed out)
Seat 4: Doctor Pong folded before Flop (didn't bet)
Seat 5: vl_pallazzio (button) folded before Flop



PokerStars Hand #240916002572:  Hold'em No Limit ($0.01/$0.02 USD) - 2023/01/04 17:34:56 ET
Table 'Cremona II' 6-max Seat #1 is the button
Seat 1: NotEnough77 ($5.30 in chips) 
Seat 2: Lorpugo ($3.65 in chips) 
Seat 3: KRandall12 ($1.32 in chips) 
Seat 4: Doctor Pong ($1.99 in chips) 
Seat 5: vl_pallazzio ($2 in chips) 
Lorpugo: posts small blind $0.01
KRandall12: posts big blind $0.02
*** HOLE CARDS ***
Dealt to Lorpugo [3s Js]
Doctor Pong: raises $0.04 to $0.06
vl_pallazzio: folds 
NotEnough77: calls $0.06
Lorpugo: folds 
KRandall12: folds 
*** FLOP *** [4d Jh 5h]
Doctor Pong: checks 
NotEnough77: bets $0.05
Doctor Pong: calls $0.05
*** TURN *** [4d Jh 5h] [Ad]
Doctor Pong: checks 
NotEnough77: checks 
*** RIVER *** [4d Jh 5h Ad] [6s]
Doctor Pong: checks 
NotEnough77: checks 
*** SHOW DOWN ***
Doctor Pong: shows [Kh Qs] (high card Ace)
NotEnough77: mucks hand 
Doctor Pong collected $0.24 from pot
*** SUMMARY ***
Total pot $0.25 | Rake $0.01 
Board [4d Jh 5h Ad 6s]
Seat 1: NotEnough77 (button) mucked [8h Th]
Seat 2: Lorpugo (small blind) folded before Flop
Seat 3: KRandall12 (big blind) folded before Flop
Seat 4: Doctor Pong showed [Kh Qs] and won ($0.24) with high card Ace
Seat 5: vl_pallazzio folded before Flop (didn't bet)



PokerStars Hand #240916044260:  Hold'em No Limit ($0.01/$0.02 USD) - 2023/01/04 17:36:33 ET
Table 'Cremona II' 6-max Seat #2 is the button
Seat 1: NotEnough77 ($5.19 in chips) 
Seat 2: Lorpugo ($3.64 in chips) 
Seat 3: KRandall12 ($1.30 in chips) 
Seat 4: Doctor Pong ($2.12 in chips) 
Seat 5: vl_pallazzio ($2 in chips) 
KRandall12: posts small blind $0.01
Doctor Pong: posts big blind $0.02
*** HOLE CARDS ***
Dealt to Lorpugo [Tc 7s]
vl_pallazzio: folds 
NotEnough77: raises $0.03 to $0.05
Lorpugo: folds 
KRandall12: folds 
Doctor Pong: folds 
Uncalled bet ($0.03) returned to NotEnough77
NotEnough77 collected $0.05 from pot
NotEnough77: doesn't show hand 
*** SUMMARY ***
Total pot $0.05 | Rake $0 
Seat 1: NotEnough77 collected ($0.05)
Seat 2: Lorpugo (button) folded before Flop (didn't bet)
Seat 3: KRandall12 (small blind) folded before Flop
Seat 4: Doctor Pong (big blind) folded before Flop
Seat 5: vl_pallazzio folded before Flop (didn't bet)



PokerStars Hand #240916053739:  Hold'em No Limit ($0.01/$0.02 USD) - 2023/01/04 17:36:55 ET
Table 'Cremona II' 6-max Seat #4 is the button
Seat 1: NotEnough77 ($5.22 in chips) 
Seat 2: Lorpugo ($3.64 in chips) 
Seat 4: Doctor Pong ($2.10 in chips) 
Seat 5: vl_pallazzio ($2 in chips) 
Seat 6: DelaneyJack ($2 in chips) 
vl_pallazzio: posts small blind $0.01
DelaneyJack: posts big blind $0.02
*** HOLE CARDS ***
Dealt to Lorpugo [Jc Kc]
NotEnough77: folds 
Lorpugo: raises $0.02 to $0.04
Doctor Pong: folds 
vl_pallazzio: folds 
KRandall12 leaves the table
DelaneyJack: calls $0.02
*** FLOP *** [4c 3c 3d]
DelaneyJack: checks 
Lorpugo: bets $0.02
DelaneyJack: folds 
Uncalled bet ($0.02) returned to Lorpugo
Lorpugo collected $0.09 from pot
Lorpugo: doesn't show hand 
*** SUMMARY ***
Total pot $0.09 | Rake $0 
Board [4c 3c 3d]
Seat 1: NotEnough77 folded before Flop (didn't bet)
Seat 2: Lorpugo collected ($0.09)
Seat 4: Doctor Pong (button) folded before Flop (didn't bet)
Seat 5: vl_pallazzio (small blind) folded before Flop
Seat 6: DelaneyJack (big blind) folded on the Flop



PokerStars Hand #240916063545:  Hold'em No Limit ($0.01/$0.02 USD) - 2023/01/04 17:37:18 ET
Table 'Cremona II' 6-max Seat #5 is the button
Seat 1: NotEnough77 ($5.22 in chips) 
Seat 2: Lorpugo ($3.69 in chips) 
Seat 4: Doctor Pong ($2.10 in chips) 
Seat 5: vl_pallazzio ($2 in chips) 
Seat 6: DelaneyJack ($1.96 in chips) 
DelaneyJack: posts small blind $0.01
NotEnough77: posts big blind $0.02
*** HOLE CARDS ***
Dealt to Lorpugo [As Th]
Lorpugo: raises $0.02 to $0.04
Doctor Pong: folds 
vl_pallazzio: calls $0.04
DelaneyJack: folds 
NotEnough77: calls $0.02
*** FLOP *** [Qs 6c 4h]
NotEnough77: checks 
Lorpugo: bets $0.02
vl_pallazzio: calls $0.02
NotEnough77: calls $0.02
*** TURN *** [Qs 6c 4h] [6s]
NotEnough77: checks 
Lorpugo: checks 
vl_pallazzio: checks 
*** RIVER *** [Qs 6c 4h 6s] [2c]
NotEnough77: checks 
Lorpugo: checks 
vl_pallazzio: checks 
*** SHOW DOWN ***
NotEnough77: shows [9d Ad] (a pair of Sixes)
Lorpugo: shows [As Th] (a pair of Sixes - Ace+Queen+Ten kicker)
vl_pallazzio: mucks hand 
BruPhi12 joins the table at seat #3 
Lorpugo collected $0.18 from pot
*** SUMMARY ***
Total pot $0.19 | Rake $0.01 
Board [Qs 6c 4h 6s 2c]
Seat 1: NotEnough77 (big blind) showed [9d Ad] and lost with a pair of Sixes
Seat 2: Lorpugo showed [As Th] and won ($0.18) with a pair of Sixes
Seat 4: Doctor Pong folded before Flop (didn't bet)
Seat 5: vl_pallazzio (button) mucked [Kd 8d]
Seat 6: DelaneyJack (small blind) folded before Flop



PokerStars Hand #240916082768:  Hold'em No Limit ($0.01/$0.02 USD) - 2023/01/04 17:38:03 ET
Table 'Cremona II' 6-max Seat #6 is the button
Seat 1: NotEnough77 ($5.16 in chips) 
Seat 2: Lorpugo ($3.81 in chips) 
Seat 3: BruPhi12 ($0.80 in chips) 
Seat 4: Doctor Pong ($2.10 in chips) 
Seat 5: vl_pallazzio ($2 in chips) 
Seat 6: DelaneyJack ($1.95 in chips) 
NotEnough77: posts small blind $0.01
Lorpugo: posts big blind $0.02
BruPhi12 is connected 
BruPhi12: posts big blind $0.02
*** HOLE CARDS ***
Dealt to Lorpugo [3d Qc]
BruPhi12: checks 
Doctor Pong: calls $0.02
vl_pallazzio: folds 
DelaneyJack: raises $0.03 to $0.05
NotEnough77: folds 
Lorpugo: folds 
BruPhi12: folds 
Doctor Pong: calls $0.03
*** FLOP *** [4h 5c 2d]
Doctor Pong: checks 
DelaneyJack: bets $0.06
Doctor Pong: calls $0.06
*** TURN *** [4h 5c 2d] [5h]
Doctor Pong: checks 
DelaneyJack: bets $0.06
Doctor Pong: calls $0.06
*** RIVER *** [4h 5c 2d 5h] [5s]
Doctor Pong: checks 
DelaneyJack: bets $0.16
Doctor Pong: folds 
Uncalled bet ($0.16) returned to DelaneyJack
DelaneyJack collected $0.38 from pot
DelaneyJack: doesn't show hand 
*** SUMMARY ***
Total pot $0.39 | Rake $0.01 
Board [4h 5c 2d 5h 5s]
Seat 1: NotEnough77 (small blind) folded before Flop
Seat 2: Lorpugo (big blind) folded before Flop
Seat 3: BruPhi12 folded before Flop (didn't bet)
Seat 4: Doctor Pong folded on the River
Seat 5: vl_pallazzio folded before Flop (didn't bet)
Seat 6: DelaneyJack (button) collected ($0.38)



PokerStars Hand #240916109881:  Hold'em No Limit ($0.01/$0.02 USD) - 2023/01/04 17:39:07 ET
Table 'Cremona II' 6-max Seat #1 is the button
Seat 1: NotEnough77 ($5.15 in chips) 
Seat 2: Lorpugo ($3.79 in chips) 
Seat 3: BruPhi12 ($0.78 in chips) 
Seat 4: Doctor Pong ($1.93 in chips) 
Seat 5: vl_pallazzio ($2 in chips) 
Seat 6: DelaneyJack ($2.16 in chips) 
Lorpugo: posts small blind $0.01
BruPhi12: posts big blind $0.02
*** HOLE CARDS ***
Dealt to Lorpugo [6s 5d]
Doctor Pong: folds 
vl_pallazzio: folds 
DelaneyJack: folds 
NotEnough77: folds 
Lorpugo: raises $0.04 to $0.06
BruPhi12: folds 
Uncalled bet ($0.04) returned to Lorpugo
Lorpugo collected $0.04 from pot
Lorpugo: doesn't show hand 
*** SUMMARY ***
Total pot $0.04 | Rake $0 
Seat 1: NotEnough77 (button) folded before Flop (didn't bet)
Seat 2: Lorpugo (small blind) collected ($0.04)
Seat 3: BruPhi12 (big blind) folded before Flop
Seat 4: Doctor Pong folded before Flop (didn't bet)
Seat 5: vl_pallazzio folded before Flop (didn't bet)
Seat 6: DelaneyJack folded before Flop (didn't bet)



PokerStars Hand #240916117712:  Hold'em No Limit ($0.01/$0.02 USD) - 2023/01/04 17:39:25 ET
Table 'Cremona II' 6-max Seat #2 is the button
Seat 1: NotEnough77 ($5.15 in chips) 
Seat 2: Lorpugo ($3.81 in chips) 
Seat 3: BruPhi12 ($0.76 in chips) 
Seat 4: Doctor Pong ($1.93 in chips) 
Seat 5: vl_pallazzio ($2 in chips) 
Seat 6: DelaneyJack ($2.16 in chips) 
BruPhi12: posts small blind $0.01
Doctor Pong: posts big blind $0.02
*** HOLE CARDS ***
Dealt to Lorpugo [Tc Jc]
vl_pallazzio: folds 
DelaneyJack: folds 
NotEnough77: folds 
vl_pallazzio leaves the table
Lorpugo: raises $0.04 to $0.06
BruPhi12: folds 
Doctor Pong: folds 
Uncalled bet ($0.04) returned to Lorpugo
Lorpugo collected $0.05 from pot
Lorpugo: doesn't show hand 
*** SUMMARY ***
Total pot $0.05 | Rake $0 
Seat 1: NotEnough77 folded before Flop (didn't bet)
Seat 2: Lorpugo (button) collected ($0.05)
Seat 3: BruPhi12 (small blind) folded before Flop
Seat 4: Doctor Pong (big blind) folded before Flop
Seat 5: vl_pallazzio folded before Flop (didn't bet)
Seat 6: DelaneyJack folded before Flop (didn't bet)



PokerStars Hand #240916126830:  Hold'em No Limit ($0.01/$0.02 USD) - 2023/01/04 17:39:47 ET
Table 'Cremona II' 6-max Seat #3 is the button
Seat 1: NotEnough77 ($5.15 in chips) 
Seat 2: Lorpugo ($3.84 in chips) 
Seat 3: BruPhi12 ($0.75 in chips) 
Seat 4: Doctor Pong ($1.91 in chips) 
Seat 6: DelaneyJack ($2.16 in chips) 
Doctor Pong: posts small blind $0.01
DelaneyJack: posts big blind $0.02
*** HOLE CARDS ***
Dealt to Lorpugo [9s 3s]
NotEnough77: folds 
Lorpugo: folds 
BruPhi12: folds 
Doctor Pong: folds 
Uncalled bet ($0.01) returned to DelaneyJack
DelaneyJack collected $0.02 from pot
DelaneyJack: doesn't show hand 
*** SUMMARY ***
Total pot $0.02 | Rake $0 
Seat 1: NotEnough77 folded before Flop (didn't bet)
Seat 2: Lorpugo folded before Flop (didn't bet)
Seat 3: BruPhi12 (button) folded before Flop (didn't bet)
Seat 4: Doctor Pong (small blind) folded before Flop
Seat 6: DelaneyJack (big blind) collected ($0.02)



PokerStars Hand #240916131108:  Hold'em No Limit ($0.01/$0.02 USD) - 2023/01/04 17:39:57 ET
Table 'Cremona II' 6-max Seat #4 is the button
Seat 1: NotEnough77 ($5.15 in chips) 
Seat 2: Lorpugo ($3.84 in chips) 
Seat 3: BruPhi12 ($0.75 in chips) 
Seat 4: Doctor Pong ($1.90 in chips) 
Seat 6: DelaneyJack ($2.17 in chips) 
DelaneyJack: posts small blind $0.01
NotEnough77: posts big blind $0.02
*** HOLE CARDS ***
Dealt to Lorpugo [9d 5d]
Lorpugo: raises $0.02 to $0.04
BruPhi12: calls $0.04
Doctor Pong: folds 
DelaneyJack: folds 
NotEnough77: calls $0.02
*** FLOP *** [4h 6c Kc]
NotEnough77: checks 
Doctor Pong leaves the table
Lorpugo: bets $0.07
BruPhi12: calls $0.07
NotEnough77: folds 
*** TURN *** [4h 6c Kc] [5c]
Lorpugo: checks 
BruPhi12: bets $0.08
Lorpugo: folds 
Uncalled bet ($0.08) returned to BruPhi12
BruPhi12 collected $0.26 from pot
*** SUMMARY ***
Total pot $0.27 | Rake $0.01 
Board [4h 6c Kc 5c]
Seat 1: NotEnough77 (big blind) folded on the Flop
Seat 2: Lorpugo folded on the Turn
Seat 3: BruPhi12 collected ($0.26)
Seat 4: Doctor Pong (button) folded before Flop (didn't bet)
Seat 6: DelaneyJack (small blind) folded before Flop



PokerStars Hand #240916148479:  Hold'em No Limit ($0.01/$0.02 USD) - 2023/01/04 17:40:38 ET
Table 'Cremona II' 6-max Seat #6 is the button
Seat 1: NotEnough77 ($5.11 in chips) 
Seat 2: Lorpugo ($3.73 in chips) 
Seat 3: BruPhi12 ($0.90 in chips) 
Seat 6: DelaneyJack ($2.16 in chips) 
NotEnough77: posts small blind $0.01
Lorpugo: posts big blind $0.02
*** HOLE CARDS ***
Dealt to Lorpugo [9d Qd]
BruPhi12: raises $0.02 to $0.04
DelaneyJack: folds 
NotEnough77: calls $0.03
Lorpugo: raises $0.10 to $0.14
BruPhi12: folds 
NotEnough77: folds 
Uncalled bet ($0.10) returned to Lorpugo
Lorpugo collected $0.12 from pot
Lorpugo: doesn't show hand 
*** SUMMARY ***
Total pot $0.12 | Rake $0 
Seat 1: NotEnough77 (small blind) folded before Flop
Seat 2: Lorpugo (big blind) collected ($0.12)
Seat 3: BruPhi12 folded before Flop
Seat 6: DelaneyJack (button) folded before Flop (didn't bet)



PokerStars Hand #240916158535:  Hold'em No Limit ($0.01/$0.02 USD) - 2023/01/04 17:41:02 ET
Table 'Cremona II' 6-max Seat #1 is the button
Seat 1: NotEnough77 ($5.07 in chips) 
Seat 2: Lorpugo ($3.81 in chips) 
Seat 3: BruPhi12 ($0.86 in chips) 
Seat 6: DelaneyJack ($2.16 in chips) 
Lorpugo: posts small blind $0.01
BruPhi12: posts big blind $0.02
*** HOLE CARDS ***
Dealt to Lorpugo [7c Tc]
DelaneyJack: folds 
NotEnough77: raises $0.03 to $0.05
Lorpugo: calls $0.04
BruPhi12: calls $0.03
*** FLOP *** [Jc Ac 8s]
Lorpugo: checks 
BruPhi12: checks 
NotEnough77: bets $0.07
Lorpugo: raises $0.14 to $0.21
BruPhi12: folds 
NotEnough77: calls $0.14
*** TURN *** [Jc Ac 8s] [5h]
Lorpugo: bets $0.58
Rey Murga joins the table at seat #4 
NotEnough77: folds 
Uncalled bet ($0.58) returned to Lorpugo
Lorpugo collected $0.55 from pot
Lorpugo: doesn't show hand 
*** SUMMARY ***
Total pot $0.57 | Rake $0.02 
Board [Jc Ac 8s 5h]
Seat 1: NotEnough77 (button) folded on the Turn
Seat 2: Lorpugo (small blind) collected ($0.55)
Seat 3: BruPhi12 (big blind) folded on the Flop
Seat 6: DelaneyJack folded before Flop (didn't bet)



PokerStars Hand #240916178254:  Hold'em No Limit ($0.01/$0.02 USD) - 2023/01/04 17:41:48 ET
Table 'Cremona II' 6-max Seat #2 is the button
Seat 1: NotEnough77 ($4.81 in chips) 
Seat 2: Lorpugo ($4.10 in chips) 
Seat 3: BruPhi12 ($0.81 in chips) 
Seat 4: Rey Murga ($1.60 in chips) 
Seat 6: DelaneyJack ($2.16 in chips) 
BruPhi12: posts small blind $0.01
Rey Murga: posts big blind $0.02
*** HOLE CARDS ***
Dealt to Lorpugo [4d Kc]
DelaneyJack: folds 
NotEnough77: folds 
dangerasdave joins the table at seat #5 
Lorpugo: raises $0.02 to $0.04
BruPhi12: calls $0.03
Rey Murga: calls $0.02
*** FLOP *** [6c Ac Jh]
BruPhi12: checks 
Rey Murga: checks 
Lorpugo: bets $0.04
BruPhi12: calls $0.04
Rey Murga: folds 
*** TURN *** [6c Ac Jh] [9c]
BruPhi12: checks 
Lorpugo: checks 
*** RIVER *** [6c Ac Jh 9c] [7d]
BruPhi12: bets $0.06
Lorpugo: calls $0.06
*** SHOW DOWN ***
BruPhi12: shows [As 3d] (a pair of Aces)
Lorpugo: mucks hand 
BruPhi12 collected $0.31 from pot
*** SUMMARY ***
Total pot $0.32 | Rake $0.01 
Board [6c Ac Jh 9c 7d]
Seat 1: NotEnough77 folded before Flop (didn't bet)
Seat 2: Lorpugo (button) mucked [4d Kc]
Seat 3: BruPhi12 (small blind) showed [As 3d] and won ($0.31) with a pair of Aces
Seat 4: Rey Murga (big blind) folded on the Flop
Seat 6: DelaneyJack folded before Flop (didn't bet)



PokerStars Hand #240916200891:  Hold'em No Limit ($0.01/$0.02 USD) - 2023/01/04 17:42:42 ET
Table 'Cremona II' 6-max Seat #3 is the button
Seat 1: NotEnough77 ($4.81 in chips) 
Seat 2: Lorpugo ($3.96 in chips) 
Seat 3: BruPhi12 ($0.98 in chips) 
Seat 4: Rey Murga ($1.56 in chips) 
Seat 5: dangerasdave ($2 in chips) 
Seat 6: DelaneyJack ($2.16 in chips) 
Rey Murga: posts small blind $0.01
dangerasdave: posts big blind $0.02
*** HOLE CARDS ***
Dealt to Lorpugo [2h Jc]
DelaneyJack: folds 
NotEnough77: folds 
Lorpugo: folds 
BruPhi12: folds 
Rey Murga: raises $0.04 to $0.06
dangerasdave: calls $0.04
*** FLOP *** [Jh 8h Th]
Rey Murga: bets $0.06
dangerasdave: calls $0.06
*** TURN *** [Jh 8h Th] [4d]
Rey Murga: bets $0.12
dangerasdave: folds 
Uncalled bet ($0.12) returned to Rey Murga
Rey Murga collected $0.23 from pot
*** SUMMARY ***
Total pot $0.24 | Rake $0.01 
Board [Jh 8h Th 4d]
Seat 1: NotEnough77 folded before Flop (didn't bet)
Seat 2: Lorpugo folded before Flop (didn't bet)
Seat 3: BruPhi12 (button) folded before Flop (didn't bet)
Seat 4: Rey Murga (small blind) collected ($0.23)
Seat 5: dangerasdave (big blind) folded on the Turn
Seat 6: DelaneyJack folded before Flop (didn't bet)



PokerStars Hand #240916212224:  Hold'em No Limit ($0.01/$0.02 USD) - 2023/01/04 17:43:09 ET
Table 'Cremona II' 6-max Seat #4 is the button
Seat 1: NotEnough77 ($4.81 in chips) 
Seat 2: Lorpugo ($3.96 in chips) 
Seat 4: Rey Murga ($1.67 in chips) 
Seat 5: dangerasdave ($1.88 in chips) 
Seat 6: DelaneyJack ($2.16 in chips) 
dangerasdave: posts small blind $0.01
DelaneyJack: posts big blind $0.02
*** HOLE CARDS ***
Dealt to Lorpugo [Js Ks]
NotEnough77: folds 
Lorpugo: raises $0.02 to $0.04
Rey Murga: folds 
dangerasdave: calls $0.03
DelaneyJack: calls $0.02
*** FLOP *** [9d 9h 6s]
dangerasdave: checks 
DelaneyJack: checks 
Lorpugo: bets $0.22
dangerasdave: folds 
DelaneyJack: folds 
Uncalled bet ($0.22) returned to Lorpugo
Lorpugo collected $0.12 from pot
Lorpugo: doesn't show hand 
*** SUMMARY ***
Total pot $0.12 | Rake $0 
Board [9d 9h 6s]
Seat 1: NotEnough77 folded before Flop (didn't bet)
Seat 2: Lorpugo collected ($0.12)
Seat 4: Rey Murga (button) folded before Flop (didn't bet)
Seat 5: dangerasdave (small blind) folded on the Flop
Seat 6: DelaneyJack (big blind) folded on the Flop



PokerStars Hand #240916229144:  Hold'em No Limit ($0.01/$0.02 USD) - 2023/01/04 17:43:50 ET
Table 'Cremona II' 6-max Seat #5 is the button
Seat 1: NotEnough77 ($4.81 in chips) 
Seat 2: Lorpugo ($4.04 in chips) 
Seat 4: Rey Murga ($1.67 in chips) 
Seat 5: dangerasdave ($1.84 in chips) 
Seat 6: DelaneyJack ($2.12 in chips) 
DelaneyJack: posts small blind $0.01
NotEnough77: posts big blind $0.02
*** HOLE CARDS ***
Dealt to Lorpugo [7h 8c]
Lorpugo: raises $0.02 to $0.04
Rey Murga: folds 
dangerasdave: calls $0.04
DelaneyJack: folds 
NotEnough77: calls $0.02
*** FLOP *** [9s 4s Tc]
NotEnough77: checks 
Lorpugo: checks 
dangerasdave: bets $0.13
NotEnough77: calls $0.13
Lorpugo: calls $0.13
*** TURN *** [9s 4s Tc] [Ad]
NotEnough77: checks 
Lorpugo: bets $0.25
dangerasdave: folds 
NotEnough77: calls $0.25
*** RIVER *** [9s 4s Tc Ad] [5s]
NotEnough77: checks 
Lorpugo: bets $1.80
NotEnough77: folds 
Uncalled bet ($1.80) returned to Lorpugo
Lorpugo collected $0.98 from pot
Lorpugo: doesn't show hand 
*** SUMMARY ***
Total pot $1.02 | Rake $0.04 
Board [9s 4s Tc Ad 5s]
Seat 1: NotEnough77 (big blind) folded on the River
Seat 2: Lorpugo collected ($0.98)
Seat 4: Rey Murga folded before Flop (didn't bet)
Seat 5: dangerasdave (button) folded on the Turn
Seat 6: DelaneyJack (small blind) folded before Flop



PokerStars Hand #240916255983:  Hold'em No Limit ($0.01/$0.02 USD) - 2023/01/04 17:44:54 ET
Table 'Cremona II' 6-max Seat #6 is the button
Seat 1: NotEnough77 ($4.39 in chips) 
Seat 2: Lorpugo ($4.60 in chips) 
Seat 3: BruPhi12 ($0.98 in chips) 
Seat 4: Rey Murga ($1.67 in chips) 
Seat 5: dangerasdave ($1.67 in chips) 
Seat 6: DelaneyJack ($2.11 in chips) 
NotEnough77: posts small blind $0.01
Lorpugo: posts big blind $0.02
*** HOLE CARDS ***
Dealt to Lorpugo [Ac 5c]
BruPhi12: folds 
Rey Murga: folds 
dangerasdave: folds 
DelaneyJack: folds 
NotEnough77: raises $0.04 to $0.06
Lorpugo: raises $0.10 to $0.16
NotEnough77: raises $0.34 to $0.50
Lorpugo: folds 
Uncalled bet ($0.34) returned to NotEnough77
NotEnough77 collected $0.32 from pot
NotEnough77: doesn't show hand 
*** SUMMARY ***
Total pot $0.32 | Rake $0 
Seat 1: NotEnough77 (small blind) collected ($0.32)
Seat 2: Lorpugo (big blind) folded before Flop
Seat 3: BruPhi12 folded before Flop (didn't bet)
Seat 4: Rey Murga folded before Flop (didn't bet)
Seat 5: dangerasdave folded before Flop (didn't bet)
Seat 6: DelaneyJack (button) folded before Flop (didn't bet)



PokerStars Hand #240916270955:  Hold'em No Limit ($0.01/$0.02 USD) - 2023/01/04 17:45:30 ET
Table 'Cremona II' 6-max Seat #1 is the button
Seat 1: NotEnough77 ($4.55 in chips) 
Seat 2: Lorpugo ($4.44 in chips) 
Seat 3: BruPhi12 ($0.98 in chips) 
Seat 4: Rey Murga ($1.67 in chips) 
Seat 5: dangerasdave ($1.67 in chips) 
Seat 6: DelaneyJack ($2.11 in chips) 
Lorpugo: posts small blind $0.01
BruPhi12: posts big blind $0.02
*** HOLE CARDS ***
Dealt to Lorpugo [9c Jd]
Rey Murga: folds 
dangerasdave: calls $0.02
DelaneyJack: folds 
NotEnough77: folds 
Lorpugo: calls $0.01
BruPhi12: checks 
*** FLOP *** [9d 5c Js]
Lorpugo: bets $0.02
BruPhi12: raises $0.02 to $0.04
dangerasdave: calls $0.04
Lorpugo: raises $0.09 to $0.13
BruPhi12: calls $0.09
dangerasdave: folds 
*** TURN *** [9d 5c Js] [Ah]
Lorpugo: bets $0.23
BruPhi12: raises $0.23 to $0.46
Lorpugo: raises $3.83 to $4.29 and is all-in
BruPhi12: calls $0.37 and is all-in
Uncalled bet ($3.46) returned to Lorpugo
*** RIVER *** [9d 5c Js Ah] [Qh]
*** SHOW DOWN ***
Lorpugo: shows [9c Jd] (two pair, Jacks and Nines)
BruPhi12: shows [Jh Ad] (two pair, Aces and Jacks)
BruPhi12 collected $1.95 from pot
*** SUMMARY ***
Total pot $2.02 | Rake $0.07 
Board [9d 5c Js Ah Qh]
Seat 1: NotEnough77 (button) folded before Flop (didn't bet)
Seat 2: Lorpugo (small blind) showed [9c Jd] and lost with two pair, Jacks and Nines
Seat 3: BruPhi12 (big blind) showed [Jh Ad] and won ($1.95) with two pair, Aces and Jacks
Seat 4: Rey Murga folded before Flop (didn't bet)
Seat 5: dangerasdave folded on the Flop
Seat 6: DelaneyJack folded before Flop (didn't bet)



PokerStars Hand #240916296584:  Hold'em No Limit ($0.01/$0.02 USD) - 2023/01/04 17:46:32 ET
Table 'Cremona II' 6-max Seat #2 is the button
Seat 1: NotEnough77 ($4.55 in chips) 
Seat 2: Lorpugo ($3.46 in chips) 
Seat 3: BruPhi12 ($1.95 in chips) 
Seat 4: Rey Murga ($1.67 in chips) 
Seat 5: dangerasdave ($1.61 in chips) 
Seat 6: DelaneyJack ($2.11 in chips) 
BruPhi12: posts small blind $0.01
Rey Murga: posts big blind $0.02
*** HOLE CARDS ***
Dealt to Lorpugo [Qs 7h]
dangerasdave: calls $0.02
DelaneyJack: folds 
NotEnough77: raises $0.04 to $0.06
Lorpugo: folds 
BruPhi12: folds 
Rey Murga: folds 
dangerasdave: calls $0.04
*** FLOP *** [8h 8s Tc]
dangerasdave: bets $0.14
NotEnough77: folds 
Uncalled bet ($0.14) returned to dangerasdave
dangerasdave collected $0.14 from pot
*** SUMMARY ***
Total pot $0.15 | Rake $0.01 
Board [8h 8s Tc]
Seat 1: NotEnough77 folded on the Flop
Seat 2: Lorpugo (button) folded before Flop (didn't bet)
Seat 3: BruPhi12 (small blind) folded before Flop
Seat 4: Rey Murga (big blind) folded before Flop
Seat 5: dangerasdave collected ($0.14)
Seat 6: DelaneyJack folded before Flop (didn't bet)



PokerStars Hand #240916320230:  Hold'em No Limit ($0.01/$0.02 USD) - 2023/01/04 17:47:29 ET
Table 'Cremona II' 6-max Seat #3 is the button
Seat 1: NotEnough77 ($4.49 in chips) 
Seat 2: Lorpugo ($3.46 in chips) 
Seat 3: BruPhi12 ($1.94 in chips) 
Seat 4: Rey Murga ($1.65 in chips) 
Seat 5: dangerasdave ($1.69 in chips) 
Seat 6: DelaneyJack ($2.11 in chips) 
Rey Murga: posts small blind $0.01
dangerasdave: posts big blind $0.02
*** HOLE CARDS ***
Dealt to Lorpugo [8d 2d]
DelaneyJack: folds 
NotEnough77: folds 
Lorpugo: raises $0.02 to $0.04
BruPhi12: folds 
Rey Murga: folds 
dangerasdave: calls $0.02
*** FLOP *** [7s 5c 2c]
dangerasdave: bets $0.09
Lorpugo: calls $0.09
*** TURN *** [7s 5c 2c] [8h]
dangerasdave: bets $0.26
Lorpugo: raises $3.07 to $3.33 and is all-in
dangerasdave: calls $1.30 and is all-in
Uncalled bet ($1.77) returned to Lorpugo
*** RIVER *** [7s 5c 2c 8h] [As]
*** SHOW DOWN ***
dangerasdave: shows [2s 5s] (two pair, Fives and Deuces)
Lorpugo: shows [8d 2d] (two pair, Eights and Deuces)
Lorpugo collected $3.27 from pot
dangerasdave cashed out the hand for $0.15
*** SUMMARY ***
Total pot $3.39 | Rake $0.12 
Board [7s 5c 2c 8h As]
Seat 1: NotEnough77 folded before Flop (didn't bet)
Seat 2: Lorpugo showed [8d 2d] and won ($3.27) with two pair, Eights and Deuces
Seat 3: BruPhi12 (button) folded before Flop (didn't bet)
Seat 4: Rey Murga (small blind) folded before Flop
Seat 5: dangerasdave (big blind) showed [2s 5s] and lost with two pair, Fives and Deuces (cashed out).
Seat 6: DelaneyJack folded before Flop (didn't bet)



PokerStars Hand #240916341876:  Hold'em No Limit ($0.01/$0.02 USD) - 2023/01/04 17:48:22 ET
Table 'Cremona II' 6-max Seat #4 is the button
Seat 1: NotEnough77 ($4.49 in chips) 
Seat 2: Lorpugo ($5.04 in chips) 
Seat 3: BruPhi12 ($1.94 in chips) 
Seat 4: Rey Murga ($1.64 in chips) 
Seat 5: dangerasdave ($0.15 in chips) 
Seat 6: DelaneyJack ($2.11 in chips) 
dangerasdave: posts small blind $0.01
DelaneyJack: posts big blind $0.02
*** HOLE CARDS ***
Dealt to Lorpugo [3c 8d]
NotEnough77: folds 
Lorpugo: folds 
BruPhi12: folds 
Rey Murga: raises $0.04 to $0.06
dangerasdave: folds 
DelaneyJack: folds 
Uncalled bet ($0.04) returned to Rey Murga
Rey Murga collected $0.05 from pot
*** SUMMARY ***
Total pot $0.05 | Rake $0 
Seat 1: NotEnough77 folded before Flop (didn't bet)
Seat 2: Lorpugo folded before Flop (didn't bet)
Seat 3: BruPhi12 folded before Flop (didn't bet)
Seat 4: Rey Murga (button) collected ($0.05)
Seat 5: dangerasdave (small blind) folded before Flop
Seat 6: DelaneyJack (big blind) folded before Flop



PokerStars Hand #240916353742:  Hold'em No Limit ($0.01/$0.02 USD) - 2023/01/04 17:48:50 ET
Table 'Cremona II' 6-max Seat #5 is the button
Seat 1: NotEnough77 ($4.49 in chips) 
Seat 2: Lorpugo ($5.04 in chips) 
Seat 3: BruPhi12 ($1.94 in chips) 
Seat 4: Rey Murga ($1.67 in chips) 
Seat 5: dangerasdave ($0.14 in chips) 
Seat 6: DelaneyJack ($2.09 in chips) 
DelaneyJack: posts small blind $0.01
NotEnough77: posts big blind $0.02
*** HOLE CARDS ***
Dealt to Lorpugo [Qc 6c]
Lorpugo: raises $0.02 to $0.04
BruPhi12: folds 
Rey Murga: folds 
dangerasdave: folds 
DelaneyJack: calls $0.03
NotEnough77: folds 
*** FLOP *** [3d 6s 3c]
DelaneyJack: checks 
Lorpugo: bets $0.07
DelaneyJack: calls $0.07
*** TURN *** [3d 6s 3c] [Jh]
DelaneyJack: bets $0.05
Lorpugo: calls $0.05
*** RIVER *** [3d 6s 3c Jh] [5d]
DelaneyJack: checks 
Lorpugo: bets $0.02
DelaneyJack: raises $0.31 to $0.33
Lorpugo: calls $0.31
*** SHOW DOWN ***
DelaneyJack: shows [Ah As] (two pair, Aces and Threes)
Lorpugo: mucks hand 
DelaneyJack collected $0.96 from pot
*** SUMMARY ***
Total pot $1 | Rake $0.04 
Board [3d 6s 3c Jh 5d]
Seat 1: NotEnough77 (big blind) folded before Flop
Seat 2: Lorpugo mucked [Qc 6c]
Seat 3: BruPhi12 folded before Flop (didn't bet)
Seat 4: Rey Murga folded before Flop (didn't bet)
Seat 5: dangerasdave (button) folded before Flop (didn't bet)
Seat 6: DelaneyJack (small blind) showed [Ah As] and won ($0.96) with two pair, Aces and Threes



PokerStars Hand #240916393288:  Hold'em No Limit ($0.01/$0.02 USD) - 2023/01/04 17:50:28 ET
Table 'Cremona II' 6-max Seat #6 is the button
Seat 1: NotEnough77 ($4.47 in chips) 
Seat 2: Lorpugo ($4.55 in chips) 
Seat 3: BruPhi12 ($1.94 in chips) 
Seat 4: Rey Murga ($1.67 in chips) 
Seat 5: dangerasdave ($0.14 in chips) 
Seat 6: DelaneyJack ($2.56 in chips) 
NotEnough77: posts small blind $0.01
Lorpugo: posts big blind $0.02
*** HOLE CARDS ***
Dealt to Lorpugo [Kh 9d]
BruPhi12: folds 
Rey Murga: folds 
dangerasdave: raises $0.12 to $0.14 and is all-in
DelaneyJack: folds 
NotEnough77: folds 
Lorpugo: calls $0.12
*** FLOP *** [3d 9c 3c]
*** TURN *** [3d 9c 3c] [8c]
*** RIVER *** [3d 9c 3c 8c] [Js]
*** SHOW DOWN ***
Lorpugo: shows [Kh 9d] (two pair, Nines and Threes)
dangerasdave: shows [Jh Ac] (two pair, Jacks and Threes)
dangerasdave collected $0.28 from pot
*** SUMMARY ***
Total pot $0.29 | Rake $0.01 
Board [3d 9c 3c 8c Js]
Seat 1: NotEnough77 (small blind) folded before Flop
Seat 2: Lorpugo (big blind) showed [Kh 9d] and lost with two pair, Nines and Threes
Seat 3: BruPhi12 folded before Flop (didn't bet)
Seat 4: Rey Murga folded before Flop (didn't bet)
Seat 5: dangerasdave showed [Jh Ac] and won ($0.28) with two pair, Jacks and Threes
Seat 6: DelaneyJack (button) folded before Flop (didn't bet)



PokerStars Hand #240916407732:  Hold'em No Limit ($0.01/$0.02 USD) - 2023/01/04 17:51:04 ET
Table 'Cremona II' 6-max Seat #1 is the button
Seat 1: NotEnough77 ($4.46 in chips) 
Seat 2: Lorpugo ($4.41 in chips) 
Seat 3: BruPhi12 ($1.94 in chips) 
Seat 4: Rey Murga ($1.67 in chips) 
Seat 5: dangerasdave ($0.28 in chips) 
Seat 6: DelaneyJack ($2.56 in chips) 
Lorpugo: posts small blind $0.01
BruPhi12: posts big blind $0.02
*** HOLE CARDS ***
Dealt to Lorpugo [Jh 3d]
Rey Murga: folds 
dangerasdave: folds 
DelaneyJack: folds 
NotEnough77: folds 
Lorpugo: raises $0.02 to $0.04
BruPhi12: calls $0.02
*** FLOP *** [Qc 2h 2d]
Lorpugo: bets $0.05
BruPhi12: calls $0.05
*** TURN *** [Qc 2h 2d] [8s]
Lorpugo: checks 
BruPhi12: checks 
*** RIVER *** [Qc 2h 2d 8s] [Js]
Lorpugo: bets $0.02
BruPhi12: raises $0.04 to $0.06
Lorpugo: calls $0.04
*** SHOW DOWN ***
BruPhi12: shows [9d Jd] (two pair, Jacks and Deuces)
Lorpugo: shows [Jh 3d] (two pair, Jacks and Deuces)
Lorpugo collected $0.15 from pot
BruPhi12 collected $0.14 from pot
*** SUMMARY ***
Total pot $0.30 | Rake $0.01 
Board [Qc 2h 2d 8s Js]
Seat 1: NotEnough77 (button) folded before Flop (didn't bet)
Seat 2: Lorpugo (small blind) showed [Jh 3d] and won ($0.15) with two pair, Jacks and Deuces
Seat 3: BruPhi12 (big blind) showed [9d Jd] and won ($0.14) with two pair, Jacks and Deuces
Seat 4: Rey Murga folded before Flop (didn't bet)
Seat 5: dangerasdave folded before Flop (didn't bet)
Seat 6: DelaneyJack folded before Flop (didn't bet)



PokerStars Hand #240916425787:  Hold'em No Limit ($0.01/$0.02 USD) - 2023/01/04 17:51:49 ET
Table 'Cremona II' 6-max Seat #2 is the button
Seat 1: NotEnough77 ($4.46 in chips) 
Seat 2: Lorpugo ($4.41 in chips) 
Seat 3: BruPhi12 ($1.93 in chips) 
Seat 4: Rey Murga ($1.67 in chips) 
Seat 5: dangerasdave ($0.28 in chips) 
Seat 6: DelaneyJack ($2.56 in chips) 
BruPhi12: posts small blind $0.01
Rey Murga: posts big blind $0.02
*** HOLE CARDS ***
Dealt to Lorpugo [6c Qd]
dangerasdave: calls $0.02
DelaneyJack: folds 
NotEnough77: folds 
Lorpugo: folds 
BruPhi12: calls $0.01
Rey Murga: checks 
*** FLOP *** [Ah 7c Qc]
BruPhi12: checks 
Rey Murga: bets $0.06
dangerasdave: calls $0.06
BruPhi12: folds 
*** TURN *** [Ah 7c Qc] [Qs]
Rey Murga: checks 
dangerasdave: bets $0.17
Rey Murga: raises $0.17 to $0.34
dangerasdave: calls $0.03 and is all-in
Uncalled bet ($0.14) returned to Rey Murga
*** RIVER *** [Ah 7c Qc Qs] [Tc]
*** SHOW DOWN ***
Rey Murga: shows [As 3h] (two pair, Aces and Queens)
dangerasdave: shows [6h Ac] (two pair, Aces and Queens)
Rey Murga collected $0.28 from pot
dangerasdave collected $0.28 from pot
*** SUMMARY ***
Total pot $0.58 | Rake $0.02 
Board [Ah 7c Qc Qs Tc]
Seat 1: NotEnough77 folded before Flop (didn't bet)
Seat 2: Lorpugo (button) folded before Flop (didn't bet)
Seat 3: BruPhi12 (small blind) folded on the Flop
Seat 4: Rey Murga (big blind) showed [As 3h] and won ($0.28) with two pair, Aces and Queens
Seat 5: dangerasdave showed [6h Ac] and won ($0.28) with two pair, Aces and Queens
Seat 6: DelaneyJack folded before Flop (didn't bet)



PokerStars Hand #240916443689:  Hold'em No Limit ($0.01/$0.02 USD) - 2023/01/04 17:52:34 ET
Table 'Cremona II' 6-max Seat #3 is the button
Seat 1: NotEnough77 ($4.46 in chips) 
Seat 2: Lorpugo ($4.41 in chips) 
Seat 3: BruPhi12 ($1.91 in chips) 
Seat 4: Rey Murga ($1.67 in chips) 
Seat 5: dangerasdave ($0.28 in chips) 
Seat 6: DelaneyJack ($2.56 in chips) 
Rey Murga: posts small blind $0.01
dangerasdave: posts big blind $0.02
*** HOLE CARDS ***
Dealt to Lorpugo [5d 3c]
DelaneyJack: folds 
NotEnough77: raises $0.03 to $0.05
Lorpugo: folds 
BruPhi12: calls $0.05
Rey Murga: folds 
dangerasdave: folds 
*** FLOP *** [As 9s Kh]
NotEnough77: bets $0.04
BruPhi12: calls $0.04
*** TURN *** [As 9s Kh] [Qs]
NotEnough77: checks 
BruPhi12: bets $0.06
NotEnough77: calls $0.06
*** RIVER *** [As 9s Kh Qs] [Kd]
NotEnough77: checks 
BruPhi12: checks 
*** SHOW DOWN ***
NotEnough77: shows [Ac 2c] (two pair, Aces and Kings)
BruPhi12: mucks hand 
NotEnough77 collected $0.32 from pot
*** SUMMARY ***
Total pot $0.33 | Rake $0.01 
Board [As 9s Kh Qs Kd]
Seat 1: NotEnough77 showed [Ac 2c] and won ($0.32) with two pair, Aces and Kings
Seat 2: Lorpugo folded before Flop (didn't bet)
Seat 3: BruPhi12 (button) mucked [9c Jd]
Seat 4: Rey Murga (small blind) folded before Flop
Seat 5: dangerasdave (big blind) folded before Flop
Seat 6: DelaneyJack folded before Flop (didn't bet)



PokerStars Hand #240916464955:  Hold'em No Limit ($0.01/$0.02 USD) - 2023/01/04 17:53:27 ET
Table 'Cremona II' 6-max Seat #4 is the button
Seat 1: NotEnough77 ($4.63 in chips) 
Seat 2: Lorpugo ($4.41 in chips) 
Seat 3: BruPhi12 ($1.76 in chips) 
Seat 4: Rey Murga ($1.66 in chips) 
Seat 5: dangerasdave ($0.26 in chips) 
Seat 6: DelaneyJack ($2.56 in chips) 
dangerasdave: posts small blind $0.01
DelaneyJack: posts big blind $0.02
*** HOLE CARDS ***
Dealt to Lorpugo [Jh 2d]
NotEnough77: folds 
Lorpugo: folds 
BruPhi12: folds 
Rey Murga: raises $0.04 to $0.06
dangerasdave: folds 
DelaneyJack: folds 
Uncalled bet ($0.04) returned to Rey Murga
Rey Murga collected $0.05 from pot
*** SUMMARY ***
Total pot $0.05 | Rake $0 
Seat 1: NotEnough77 folded before Flop (didn't bet)
Seat 2: Lorpugo folded before Flop (didn't bet)
Seat 3: BruPhi12 folded before Flop (didn't bet)
Seat 4: Rey Murga (button) collected ($0.05)
Seat 5: dangerasdave (small blind) folded before Flop
Seat 6: DelaneyJack (big blind) folded before Flop



PokerStars Hand #240916473994:  Hold'em No Limit ($0.01/$0.02 USD) - 2023/01/04 17:53:50 ET
Table 'Cremona II' 6-max Seat #5 is the button
Seat 1: NotEnough77 ($4.63 in chips) 
Seat 2: Lorpugo ($4.41 in chips) 
Seat 3: BruPhi12 ($1.76 in chips) 
Seat 4: Rey Murga ($1.69 in chips) 
Seat 5: dangerasdave ($0.25 in chips) 
Seat 6: DelaneyJack ($2.54 in chips) 
DelaneyJack: posts small blind $0.01
NotEnough77: posts big blind $0.02
*** HOLE CARDS ***
Dealt to Lorpugo [8c 8s]
Lorpugo: raises $0.02 to $0.04
BruPhi12: calls $0.04
Rey Murga: folds 
dangerasdave: folds 
DelaneyJack: folds 
NotEnough77: raises $0.14 to $0.18
Lorpugo: folds 
BruPhi12: calls $0.14
*** FLOP *** [2d Qd 3d]
NotEnough77: checks 
BruPhi12: checks 
*** TURN *** [2d Qd 3d] [Th]
NotEnough77: bets $0.20
BruPhi12: calls $0.20
*** RIVER *** [2d Qd 3d Th] [4s]
NotEnough77: bets $0.40
BruPhi12: calls $0.40
*** SHOW DOWN ***
NotEnough77: shows [Ac Qh] (a pair of Queens)
BruPhi12: mucks hand 
NotEnough77 collected $1.55 from pot
*** SUMMARY ***
Total pot $1.61 | Rake $0.06 
Board [2d Qd 3d Th 4s]
Seat 1: NotEnough77 (big blind) showed [Ac Qh] and won ($1.55) with a pair of Queens
Seat 2: Lorpugo folded before Flop
Seat 3: BruPhi12 mucked [Tc Ah]
Seat 4: Rey Murga folded before Flop (didn't bet)
Seat 5: dangerasdave (button) folded before Flop (didn't bet)
Seat 6: DelaneyJack (small blind) folded before Flop



PokerStars Hand #240916498377:  Hold'em No Limit ($0.01/$0.02 USD) - 2023/01/04 17:54:51 ET
Table 'Cremona II' 6-max Seat #6 is the button
Seat 1: NotEnough77 ($5.40 in chips) 
Seat 2: Lorpugo ($4.37 in chips) 
Seat 3: BruPhi12 ($0.98 in chips) 
Seat 4: Rey Murga ($1.69 in chips) 
Seat 5: dangerasdave ($0.25 in chips) 
Seat 6: DelaneyJack ($2.53 in chips) 
NotEnough77: posts small blind $0.01
Lorpugo: posts big blind $0.02
*** HOLE CARDS ***
Dealt to Lorpugo [9d As]
BruPhi12: folds 
Rey Murga: folds 
dangerasdave: calls $0.02
DelaneyJack: raises $0.04 to $0.06
NotEnough77: raises $0.16 to $0.22
Lorpugo: folds 
dangerasdave: folds 
DelaneyJack: calls $0.16
*** FLOP *** [Jd 2s Jh]
NotEnough77: bets $0.23
DelaneyJack: folds 
Uncalled bet ($0.23) returned to NotEnough77
NotEnough77 collected $0.46 from pot
NotEnough77: doesn't show hand 
*** SUMMARY ***
Total pot $0.48 | Rake $0.02 
Board [Jd 2s Jh]
Seat 1: NotEnough77 (small blind) collected ($0.46)
Seat 2: Lorpugo (big blind) folded before Flop
Seat 3: BruPhi12 folded before Flop (didn't bet)
Seat 4: Rey Murga folded before Flop (didn't bet)
Seat 5: dangerasdave folded before Flop
Seat 6: DelaneyJack (button) folded on the Flop



PokerStars Hand #240916510612:  Hold'em No Limit ($0.01/$0.02 USD) - 2023/01/04 17:55:27 ET
Table 'Cremona II' 6-max Seat #1 is the button
Seat 1: NotEnough77 ($5.64 in chips) 
Seat 2: Lorpugo ($4.35 in chips) 
Seat 3: BruPhi12 ($0.98 in chips) 
Seat 4: Rey Murga ($1.69 in chips) 
Seat 5: dangerasdave ($0.23 in chips) 
Seat 6: DelaneyJack ($2.31 in chips) 
Lorpugo: posts small blind $0.01
BruPhi12: posts big blind $0.02
*** HOLE CARDS ***
Dealt to Lorpugo [7d 8h]
Rey Murga: folds 
dangerasdave: calls $0.02
DelaneyJack: folds 
NotEnough77: folds 
Lorpugo: folds 
BruPhi12: checks 
*** FLOP *** [9c Jd Kh]
BruPhi12: checks 
dangerasdave: bets $0.21 and is all-in
BruPhi12: folds 
Uncalled bet ($0.21) returned to dangerasdave
dangerasdave collected $0.05 from pot
*** SUMMARY ***
Total pot $0.05 | Rake $0 
Board [9c Jd Kh]
Seat 1: NotEnough77 (button) folded before Flop (didn't bet)
Seat 2: Lorpugo (small blind) folded before Flop
Seat 3: BruPhi12 (big blind) folded on the Flop
Seat 4: Rey Murga folded before Flop (didn't bet)
Seat 5: dangerasdave collected ($0.05)
Seat 6: DelaneyJack folded before Flop (didn't bet)



PokerStars Hand #240916517684:  Hold'em No Limit ($0.01/$0.02 USD) - 2023/01/04 17:55:50 ET
Table 'Cremona II' 6-max Seat #2 is the button
Seat 1: NotEnough77 ($5.64 in chips) 
Seat 2: Lorpugo ($4.34 in chips) 
Seat 3: BruPhi12 ($0.96 in chips) 
Seat 4: Rey Murga ($1.69 in chips) 
Seat 5: dangerasdave ($0.26 in chips) 
Seat 6: DelaneyJack ($2.31 in chips) 
BruPhi12: posts small blind $0.01
Rey Murga: posts big blind $0.02
*** HOLE CARDS ***
Dealt to Lorpugo [Ac 8c]
dangerasdave: folds 
DelaneyJack: folds 
NotEnough77: folds 
Lorpugo: raises $0.02 to $0.04
BruPhi12: folds 
Rey Murga: folds 
Uncalled bet ($0.02) returned to Lorpugo
Lorpugo collected $0.05 from pot
Lorpugo: doesn't show hand 
*** SUMMARY ***
Total pot $0.05 | Rake $0 
Seat 1: NotEnough77 folded before Flop (didn't bet)
Seat 2: Lorpugo (button) collected ($0.05)
Seat 3: BruPhi12 (small blind) folded before Flop
Seat 4: Rey Murga (big blind) folded before Flop
Seat 5: dangerasdave folded before Flop (didn't bet)
Seat 6: DelaneyJack folded before Flop (didn't bet)



PokerStars Hand #240916522889:  Hold'em No Limit ($0.01/$0.02 USD) - 2023/01/04 17:56:07 ET
Table 'Cremona II' 6-max Seat #3 is the button
Seat 1: NotEnough77 ($5.64 in chips) 
Seat 2: Lorpugo ($4.37 in chips) 
Seat 3: BruPhi12 ($0.95 in chips) 
Seat 4: Rey Murga ($1.67 in chips) 
Seat 5: dangerasdave ($0.26 in chips) 
Seat 6: DelaneyJack ($2.31 in chips) 
Rey Murga: posts small blind $0.01
dangerasdave: posts big blind $0.02
*** HOLE CARDS ***
Dealt to Lorpugo [9c Kh]
DelaneyJack: folds 
NotEnough77: raises $0.03 to $0.05
Lorpugo: folds 
BruPhi12: folds 
Rey Murga: folds 
dangerasdave: calls $0.03
*** FLOP *** [Ts Ah Qc]
dangerasdave: checks 
NotEnough77: checks 
*** TURN *** [Ts Ah Qc] [9s]
dangerasdave: checks 
NotEnough77: checks 
*** RIVER *** [Ts Ah Qc 9s] [7c]
dangerasdave: checks 
NotEnough77: checks 
*** SHOW DOWN ***
dangerasdave: shows [6d 6c] (a pair of Sixes)
NotEnough77: mucks hand 
dangerasdave collected $0.11 from pot
*** SUMMARY ***
Total pot $0.11 | Rake $0 
Board [Ts Ah Qc 9s 7c]
Seat 1: NotEnough77 mucked [2h 2c]
Seat 2: Lorpugo folded before Flop (didn't bet)
Seat 3: BruPhi12 (button) folded before Flop (didn't bet)
Seat 4: Rey Murga (small blind) folded before Flop
Seat 5: dangerasdave (big blind) showed [6d 6c] and won ($0.11) with a pair of Sixes
Seat 6: DelaneyJack folded before Flop (didn't bet)



PokerStars Hand #240916534111:  Hold'em No Limit ($0.01/$0.02 USD) - 2023/01/04 17:56:44 ET
Table 'Cremona II' 6-max Seat #4 is the button
Seat 1: NotEnough77 ($5.59 in chips) 
Seat 2: Lorpugo ($4.37 in chips) 
Seat 3: BruPhi12 ($0.95 in chips) 
Seat 4: Rey Murga ($1.66 in chips) 
Seat 5: dangerasdave ($0.32 in chips) 
Seat 6: DelaneyJack ($2.31 in chips) 
dangerasdave: posts small blind $0.01
DelaneyJack: posts big blind $0.02
*** HOLE CARDS ***
Dealt to Lorpugo [6c 9c]
NotEnough77: raises $0.03 to $0.05
Lorpugo: folds 
BruPhi12: folds 
Rey Murga: folds 
dangerasdave: folds 
DelaneyJack: folds 
Uncalled bet ($0.03) returned to NotEnough77
NotEnough77 collected $0.05 from pot
NotEnough77: doesn't show hand 
*** SUMMARY ***
Total pot $0.05 | Rake $0 
Seat 1: NotEnough77 collected ($0.05)
Seat 2: Lorpugo folded before Flop (didn't bet)
Seat 3: BruPhi12 folded before Flop (didn't bet)
Seat 4: Rey Murga (button) folded before Flop (didn't bet)
Seat 5: dangerasdave (small blind) folded before Flop
Seat 6: DelaneyJack (big blind) folded before Flop



PokerStars Hand #240916542720:  Hold'em No Limit ($0.01/$0.02 USD) - 2023/01/04 17:57:12 ET
Table 'Cremona II' 6-max Seat #5 is the button
Seat 1: NotEnough77 ($5.62 in chips) 
Seat 2: Lorpugo ($4.37 in chips) 
Seat 3: BruPhi12 ($0.95 in chips) 
Seat 4: Rey Murga ($1.66 in chips) 
Seat 5: dangerasdave ($0.31 in chips) 
Seat 6: DelaneyJack ($2.29 in chips) 
DelaneyJack: posts small blind $0.01
NotEnough77: posts big blind $0.02
*** HOLE CARDS ***
Dealt to Lorpugo [Jc Ad]
Lorpugo: raises $0.02 to $0.04
BruPhi12: folds 
Rey Murga: folds 
dangerasdave: folds 
DelaneyJack: calls $0.03
NotEnough77: raises $0.11 to $0.15
Lorpugo: calls $0.11
DelaneyJack: calls $0.11
*** FLOP *** [2h 4c Ks]
DelaneyJack: checks 
NotEnough77: bets $0.29
Lorpugo: folds 
DelaneyJack: folds 
Uncalled bet ($0.29) returned to NotEnough77
NotEnough77 collected $0.43 from pot
NotEnough77: doesn't show hand 
*** SUMMARY ***
Total pot $0.45 | Rake $0.02 
Board [2h 4c Ks]
Seat 1: NotEnough77 (big blind) collected ($0.43)
Seat 2: Lorpugo folded on the Flop
Seat 3: BruPhi12 folded before Flop (didn't bet)
Seat 4: Rey Murga folded before Flop (didn't bet)
Seat 5: dangerasdave (button) folded before Flop (didn't bet)
Seat 6: DelaneyJack (small blind) folded on the Flop



