PokerStars Hand #240732694287:  Hold'em No Limit ($0.01/$0.02 USD) - 2022/12/27 14:40:34 ET
Table 'Galvarino II' 6-max Seat #2 is the button
Seat 1: xK1R1Lx ($2.03 in chips) 
Seat 2: humor28st ($2.03 in chips) 
Seat 3: snowmandoman ($2.27 in chips) 
Seat 5: Lorpugo ($1.60 in chips) 
Seat 6: Soròzim ($1.45 in chips) 
snowmandoman: posts small blind $0.01
Lorpugo: posts big blind $0.02
*** HOLE CARDS ***
Dealt to Lorpugo [Ac 7h]
Soròzim: raises $0.03 to $0.05
xK1R1Lx: folds 
humor28st: folds 
snowmandoman: folds 
Lorpugo: folds 
Uncalled bet ($0.03) returned to Soròzim
Soròzim collected $0.05 from pot
Soròzim: doesn't show hand 
*** SUMMARY ***
Total pot $0.05 | Rake $0 
Seat 1: xK1R1Lx folded before Flop (didn't bet)
Seat 2: humor28st (button) folded before Flop (didn't bet)
Seat 3: snowmandoman (small blind) folded before Flop
Seat 5: Lorpugo (big blind) folded before Flop
Seat 6: Soròzim collected ($0.05)



PokerStars Hand #240732706346:  Hold'em No Limit ($0.01/$0.02 USD) - 2022/12/27 14:41:01 ET
Table 'Galvarino II' 6-max Seat #3 is the button
Seat 1: xK1R1Lx ($2.03 in chips) 
Seat 2: humor28st ($2.03 in chips) 
Seat 3: snowmandoman ($2.26 in chips) 
Seat 5: Lorpugo ($1.58 in chips) 
Seat 6: Soròzim ($1.48 in chips) 
Lorpugo: posts small blind $0.01
Soròzim: posts big blind $0.02
*** HOLE CARDS ***
Dealt to Lorpugo [3s 8h]
xK1R1Lx: folds 
humor28st: folds 
snowmandoman: raises $0.03 to $0.05
Lorpugo: folds 
Soròzim: raises $0.15 to $0.20
snowmandoman: calls $0.15
*** FLOP *** [2s Qd Td]
Soròzim: bets $0.27
snowmandoman: calls $0.27
*** TURN *** [2s Qd Td] [6c]
Soròzim: bets $0.78
snowmandoman: calls $0.78
*** RIVER *** [2s Qd Td 6c] [Jd]
Soròzim: bets $0.23 and is all-in
snowmandoman: calls $0.23
*** SHOW DOWN ***
Soròzim: shows [Ah Ad] (a pair of Aces)
snowmandoman: shows [Qh Jh] (two pair, Queens and Jacks)
snowmandoman collected $2.87 from pot
*** SUMMARY ***
Total pot $2.97 | Rake $0.10 
Board [2s Qd Td 6c Jd]
Seat 1: xK1R1Lx folded before Flop (didn't bet)
Seat 2: humor28st folded before Flop (didn't bet)
Seat 3: snowmandoman (button) showed [Qh Jh] and won ($2.87) with two pair, Queens and Jacks
Seat 5: Lorpugo (small blind) folded before Flop
Seat 6: Soròzim (big blind) showed [Ah Ad] and lost with a pair of Aces



PokerStars Hand #240732733958:  Hold'em No Limit ($0.01/$0.02 USD) - 2022/12/27 14:42:03 ET
Table 'Galvarino II' 6-max Seat #5 is the button
Seat 1: xK1R1Lx ($2.03 in chips) 
Seat 2: humor28st ($2.03 in chips) 
Seat 5: Lorpugo ($1.57 in chips) 
xK1R1Lx: posts small blind $0.01
humor28st: posts big blind $0.02
*** HOLE CARDS ***
Dealt to Lorpugo [7h Ac]
Lorpugo: raises $0.04 to $0.06
Soròzim leaves the table
xK1R1Lx: folds 
humor28st: folds 
Uncalled bet ($0.04) returned to Lorpugo
Lorpugo collected $0.05 from pot
Lorpugo: doesn't show hand 
*** SUMMARY ***
Total pot $0.05 | Rake $0 
Seat 1: xK1R1Lx (small blind) folded before Flop
Seat 2: humor28st (big blind) folded before Flop
Seat 5: Lorpugo (button) collected ($0.05)



PokerStars Hand #240732740778:  Hold'em No Limit ($0.01/$0.02 USD) - 2022/12/27 14:42:18 ET
Table 'Galvarino II' 6-max Seat #1 is the button
Seat 1: xK1R1Lx ($2.02 in chips) 
Seat 2: humor28st ($2.01 in chips) 
Seat 5: Lorpugo ($1.60 in chips) 
humor28st: posts small blind $0.01
Lorpugo: posts big blind $0.02
*** HOLE CARDS ***
Dealt to Lorpugo [3s 2s]
xK1R1Lx: folds 
humor28st: folds 
Uncalled bet ($0.01) returned to Lorpugo
Lorpugo collected $0.02 from pot
Lorpugo: doesn't show hand 
*** SUMMARY ***
Total pot $0.02 | Rake $0 
Seat 1: xK1R1Lx (button) folded before Flop (didn't bet)
Seat 2: humor28st (small blind) folded before Flop
Seat 5: Lorpugo (big blind) collected ($0.02)



PokerStars Hand #240732744859:  Hold'em No Limit ($0.01/$0.02 USD) - 2022/12/27 14:42:27 ET
Table 'Galvarino II' 6-max Seat #5 is the button
Seat 2: humor28st ($2 in chips) 
Seat 5: Lorpugo ($1.61 in chips) 
Lorpugo: posts small blind $0.01
humor28st: posts big blind $0.02
*** HOLE CARDS ***
Dealt to Lorpugo [8d Kc]
Lorpugo: raises $0.04 to $0.06
humor28st: folds 
Uncalled bet ($0.04) returned to Lorpugo
Lorpugo collected $0.04 from pot
Lorpugo: doesn't show hand 
*** SUMMARY ***
Total pot $0.04 | Rake $0 
Seat 2: humor28st (big blind) folded before Flop
Seat 5: Lorpugo (button) (small blind) collected ($0.04)



PokerStars Hand #240732749024:  Hold'em No Limit ($0.01/$0.02 USD) - 2022/12/27 14:42:37 ET
Table 'Galvarino II' 6-max Seat #2 is the button
Seat 2: humor28st ($2 in chips) 
Seat 5: Lorpugo ($1.63 in chips) 
humor28st: posts small blind $0.01
Lorpugo: posts big blind $0.02
*** HOLE CARDS ***
Dealt to Lorpugo [3s 2h]
humor28st: raises $0.04 to $0.06
Lorpugo: folds 
Uncalled bet ($0.04) returned to humor28st
humor28st collected $0.04 from pot
*** SUMMARY ***
Total pot $0.04 | Rake $0 
Seat 2: humor28st (button) (small blind) collected ($0.04)
Seat 5: Lorpugo (big blind) folded before Flop



PokerStars Hand #240732752752:  Hold'em No Limit ($0.01/$0.02 USD) - 2022/12/27 14:42:45 ET
Table 'Galvarino II' 6-max Seat #5 is the button
Seat 2: humor28st ($2.02 in chips) 
Seat 5: Lorpugo ($1.61 in chips) 
Lorpugo: posts small blind $0.01
humor28st: posts big blind $0.02
*** HOLE CARDS ***
Dealt to Lorpugo [Th Ac]
PaulBacku joins the table at seat #6 
Lorpugo: raises $0.04 to $0.06
humor28st: raises $0.18 to $0.24
Lorpugo: calls $0.18
*** FLOP *** [Qc 7d Qh]
humor28st: bets $0.25
Lorpugo: calls $0.25
*** TURN *** [Qc 7d Qh] [4s]
xK1R1Lx leaves the table
humor28st: bets $0.50
Motoboy Zulinha joins the table at seat #1 
Lorpugo: folds 
Uncalled bet ($0.50) returned to humor28st
humor28st collected $0.95 from pot
*** SUMMARY ***
Total pot $0.98 | Rake $0.03 
Board [Qc 7d Qh 4s]
Seat 2: humor28st (big blind) collected ($0.95)
Seat 5: Lorpugo (button) (small blind) folded on the Turn



PokerStars Hand #240732767591:  Hold'em No Limit ($0.01/$0.02 USD) - 2022/12/27 14:43:18 ET
Table 'Galvarino II' 6-max Seat #2 is the button
Seat 2: humor28st ($2.48 in chips) 
Seat 5: Lorpugo ($1.12 in chips) 
Seat 6: PaulBacku ($1.60 in chips) 
Lorpugo: posts small blind $0.01
PaulBacku: posts big blind $0.02
*** HOLE CARDS ***
Dealt to Lorpugo [As 3s]
humor28st: raises $0.03 to $0.05
Lorpugo: calls $0.04
PaulBacku: calls $0.03
*** FLOP *** [5c Ah Qd]
Lorpugo: checks 
PaulBacku: bets $0.02
humor28st: calls $0.02
Lorpugo: calls $0.02
*** TURN *** [5c Ah Qd] [Tc]
Lorpugo: checks 
PaulBacku: bets $0.02
humor28st: calls $0.02
Motoboy Zulinha leaves the table
Lorpugo: raises $0.17 to $0.19
PaulBacku: calls $0.17
humor28st: folds 
*** RIVER *** [5c Ah Qd Tc] [4s]
soufiane110 joins the table at seat #1 
Lorpugo: checks 
PaulBacku: bets $1.34 and is all-in
Lorpugo: calls $0.86 and is all-in
Uncalled bet ($0.48) returned to PaulBacku
*** SHOW DOWN ***
PaulBacku: shows [4c 5h] (two pair, Fives and Fours)
Lorpugo: shows [As 3s] (a pair of Aces)
PaulBacku collected $2.25 from pot
*** SUMMARY ***
Total pot $2.33 | Rake $0.08 
Board [5c Ah Qd Tc 4s]
Seat 2: humor28st (button) folded on the Turn
Seat 5: Lorpugo (small blind) showed [As 3s] and lost with a pair of Aces
Seat 6: PaulBacku (big blind) showed [4c 5h] and won ($2.25) with two pair, Fives and Fours



PokerStars Hand #240732830091:  Hold'em No Limit ($0.01/$0.02 USD) - 2022/12/27 14:45:38 ET
Table 'Galvarino II' 6-max Seat #6 is the button
Seat 1: soufiane110 ($0.74 in chips) 
Seat 2: humor28st ($2.43 in chips) 
Seat 5: Lorpugo ($1.60 in chips) 
Seat 6: PaulBacku ($2.75 in chips) 
soufiane110: posts small blind $0.01
humor28st: posts big blind $0.02
Lorpugo: posts small & big blinds $0.03
*** HOLE CARDS ***
Dealt to Lorpugo [7c 2c]
Lorpugo: checks 
Marola93 joins the table at seat #4 
PaulBacku: raises $0.02 to $0.04
soufiane110: calls $0.03
humor28st: folds 
Lorpugo: calls $0.02
*** FLOP *** [Js 6h Tc]
soufiane110: checks 
Lorpugo: checks 
PaulBacku: bets $0.02
soufiane110: folds 
Lorpugo: folds 
Uncalled bet ($0.02) returned to PaulBacku
PaulBacku collected $0.14 from pot
*** SUMMARY ***
Total pot $0.15 | Rake $0.01 
Board [Js 6h Tc]
Seat 1: soufiane110 (small blind) folded on the Flop
Seat 2: humor28st (big blind) folded before Flop
Seat 5: Lorpugo folded on the Flop
Seat 6: PaulBacku (button) collected ($0.14)



PokerStars Hand #240732844528:  Hold'em No Limit ($0.01/$0.02 USD) - 2022/12/27 14:46:10 ET
Table 'Galvarino II' 6-max Seat #1 is the button
Seat 1: soufiane110 ($0.70 in chips) 
Seat 2: humor28st ($2.41 in chips) 
Seat 3: Mikeloko182 ($2 in chips) 
Seat 5: Lorpugo ($1.55 in chips) 
Seat 6: PaulBacku ($2.85 in chips) 
humor28st: posts small blind $0.01
Mikeloko182: posts big blind $0.02
*** HOLE CARDS ***
Dealt to Lorpugo [3h 9h]
Lorpugo: folds 
PaulBacku: calls $0.02
soufiane110: folds 
humor28st: folds 
Mikeloko182: checks 
*** FLOP *** [5d 4h 6h]
Mikeloko182: checks 
PaulBacku: bets $0.02
Mikeloko182: calls $0.02
*** TURN *** [5d 4h 6h] [2h]
Mikeloko182: checks 
PaulBacku: bets $0.02
Mikeloko182: calls $0.02
*** RIVER *** [5d 4h 6h 2h] [Kc]
Mikeloko182: checks 
PaulBacku: checks 
*** SHOW DOWN ***
Mikeloko182: shows [5s 7d] (a pair of Fives)
PaulBacku: mucks hand 
Mikeloko182 collected $0.13 from pot
*** SUMMARY ***
Total pot $0.13 | Rake $0 
Board [5d 4h 6h 2h Kc]
Seat 1: soufiane110 (button) folded before Flop (didn't bet)
Seat 2: humor28st (small blind) folded before Flop
Seat 3: Mikeloko182 (big blind) showed [5s 7d] and won ($0.13) with a pair of Fives
Seat 5: Lorpugo folded before Flop (didn't bet)
Seat 6: PaulBacku mucked [Ad 4c]



PokerStars Hand #240732865967:  Hold'em No Limit ($0.01/$0.02 USD) - 2022/12/27 14:46:59 ET
Table 'Galvarino II' 6-max Seat #2 is the button
Seat 1: soufiane110 ($0.70 in chips) 
Seat 2: humor28st ($2.40 in chips) 
Seat 3: Mikeloko182 ($2.07 in chips) 
Seat 4: Marola93 ($2 in chips) 
Seat 5: Lorpugo ($1.55 in chips) 
Seat 6: PaulBacku ($2.79 in chips) 
Mikeloko182: posts small blind $0.01
Marola93: posts big blind $0.02
*** HOLE CARDS ***
Dealt to Lorpugo [8c Js]
Lorpugo: folds 
PaulBacku: calls $0.02
soufiane110: folds 
humor28st: folds 
Mikeloko182: raises $0.06 to $0.08
Marola93: folds 
PaulBacku: calls $0.06
*** FLOP *** [8s Kh 9s]
Mikeloko182: checks 
PaulBacku: bets $0.02
Mikeloko182: folds 
Uncalled bet ($0.02) returned to PaulBacku
PaulBacku collected $0.17 from pot
*** SUMMARY ***
Total pot $0.18 | Rake $0.01 
Board [8s Kh 9s]
Seat 1: soufiane110 folded before Flop (didn't bet)
Seat 2: humor28st (button) folded before Flop (didn't bet)
Seat 3: Mikeloko182 (small blind) folded on the Flop
Seat 4: Marola93 (big blind) folded before Flop
Seat 5: Lorpugo folded before Flop (didn't bet)
Seat 6: PaulBacku collected ($0.17)



PokerStars Hand #240732884505:  Hold'em No Limit ($0.01/$0.02 USD) - 2022/12/27 14:47:40 ET
Table 'Galvarino II' 6-max Seat #3 is the button
Seat 1: soufiane110 ($0.70 in chips) 
Seat 2: humor28st ($2.40 in chips) 
Seat 3: Mikeloko182 ($2 in chips) 
Seat 4: Marola93 ($2 in chips) 
Seat 5: Lorpugo ($1.55 in chips) 
Seat 6: PaulBacku ($2.88 in chips) 
Marola93: posts small blind $0.01
Lorpugo: posts big blind $0.02
*** HOLE CARDS ***
Dealt to Lorpugo [3c 4c]
PaulBacku: calls $0.02
soufiane110: folds 
humor28st: folds 
Mikeloko182: raises $0.07 to $0.09
Marola93: folds 
Lorpugo: folds 
PaulBacku: raises $0.07 to $0.16
Mikeloko182: calls $0.07
*** FLOP *** [Ac 7d 4d]
PaulBacku: bets $0.10
Mikeloko182: calls $0.10
*** TURN *** [Ac 7d 4d] [Qc]
PaulBacku: bets $0.20
Mikeloko182: calls $0.20
*** RIVER *** [Ac 7d 4d Qc] [7s]
PaulBacku: bets $0.20
Mikeloko182: calls $0.20
*** SHOW DOWN ***
PaulBacku: shows [Td Ad] (two pair, Aces and Sevens)
Mikeloko182: shows [As Jd] (two pair, Aces and Sevens)
PaulBacku collected $0.65 from pot
Mikeloko182 collected $0.65 from pot
*** SUMMARY ***
Total pot $1.35 | Rake $0.05 
Board [Ac 7d 4d Qc 7s]
Seat 1: soufiane110 folded before Flop (didn't bet)
Seat 2: humor28st folded before Flop (didn't bet)
Seat 3: Mikeloko182 (button) showed [As Jd] and won ($0.65) with two pair, Aces and Sevens
Seat 4: Marola93 (small blind) folded before Flop
Seat 5: Lorpugo (big blind) folded before Flop
Seat 6: PaulBacku showed [Td Ad] and won ($0.65) with two pair, Aces and Sevens



PokerStars Hand #240732907684:  Hold'em No Limit ($0.01/$0.02 USD) - 2022/12/27 14:48:32 ET
Table 'Galvarino II' 6-max Seat #4 is the button
Seat 1: soufiane110 ($0.70 in chips) 
Seat 2: humor28st ($2.40 in chips) 
Seat 3: Mikeloko182 ($2 in chips) 
Seat 4: Marola93 ($2 in chips) 
Seat 5: Lorpugo ($1.53 in chips) 
Seat 6: PaulBacku ($2.87 in chips) 
Lorpugo: posts small blind $0.01
PaulBacku: posts big blind $0.02
*** HOLE CARDS ***
Dealt to Lorpugo [6c 9d]
soufiane110: raises $0.06 to $0.08
humor28st: folds 
Mikeloko182: folds 
Marola93: folds 
Lorpugo: folds 
PaulBacku: calls $0.06
*** FLOP *** [7h 6d 3s]
PaulBacku: bets $0.02
soufiane110: raises $0.08 to $0.10
PaulBacku: calls $0.08
*** TURN *** [7h 6d 3s] [8d]
PaulBacku: checks 
soufiane110: bets $0.22
PaulBacku: folds 
Uncalled bet ($0.22) returned to soufiane110
soufiane110 collected $0.36 from pot
*** SUMMARY ***
Total pot $0.37 | Rake $0.01 
Board [7h 6d 3s 8d]
Seat 1: soufiane110 collected ($0.36)
Seat 2: humor28st folded before Flop (didn't bet)
Seat 3: Mikeloko182 folded before Flop (didn't bet)
Seat 4: Marola93 (button) folded before Flop (didn't bet)
Seat 5: Lorpugo (small blind) folded before Flop
Seat 6: PaulBacku (big blind) folded on the Turn



PokerStars Hand #240732930158:  Hold'em No Limit ($0.01/$0.02 USD) - 2022/12/27 14:49:22 ET
Table 'Galvarino II' 6-max Seat #5 is the button
Seat 1: soufiane110 ($0.88 in chips) 
Seat 2: humor28st ($2.40 in chips) 
Seat 3: Mikeloko182 ($2 in chips) 
Seat 4: Marola93 ($2 in chips) 
Seat 5: Lorpugo ($1.52 in chips) 
Seat 6: PaulBacku ($2.69 in chips) 
PaulBacku: posts small blind $0.01
soufiane110: posts big blind $0.02
*** HOLE CARDS ***
Dealt to Lorpugo [Kc Ad]
humor28st: folds 
Mikeloko182: folds 
Marola93: folds 
Lorpugo: raises $0.04 to $0.06
PaulBacku: calls $0.05
soufiane110: folds 
*** FLOP *** [3h 9s 9c]
PaulBacku: bets $0.02
Lorpugo: raises $0.09 to $0.11
PaulBacku: raises $0.09 to $0.20
Lorpugo: calls $0.09
*** TURN *** [3h 9s 9c] [4s]
PaulBacku: bets $0.20
Lorpugo: folds 
Uncalled bet ($0.20) returned to PaulBacku
PaulBacku collected $0.52 from pot
*** SUMMARY ***
Total pot $0.54 | Rake $0.02 
Board [3h 9s 9c 4s]
Seat 1: soufiane110 (big blind) folded before Flop
Seat 2: humor28st folded before Flop (didn't bet)
Seat 3: Mikeloko182 folded before Flop (didn't bet)
Seat 4: Marola93 folded before Flop (didn't bet)
Seat 5: Lorpugo (button) folded on the Turn
Seat 6: PaulBacku (small blind) collected ($0.52)



PokerStars Hand #240732948735:  Hold'em No Limit ($0.01/$0.02 USD) - 2022/12/27 14:50:04 ET
Table 'Galvarino II' 6-max Seat #6 is the button
Seat 1: soufiane110 ($0.86 in chips) 
Seat 2: humor28st ($2.40 in chips) 
Seat 3: Mikeloko182 ($2 in chips) 
Seat 4: Marola93 ($2 in chips) 
Seat 5: Lorpugo ($1.26 in chips) 
Seat 6: PaulBacku ($2.95 in chips) 
soufiane110: posts small blind $0.01
humor28st: posts big blind $0.02
*** HOLE CARDS ***
Dealt to Lorpugo [Qh Jh]
Mikeloko182: folds 
Marola93: folds 
Lorpugo: raises $0.04 to $0.06
PaulBacku: calls $0.06
soufiane110: calls $0.05
humor28st: folds 
*** FLOP *** [9c 4s Qc]
soufiane110: bets $0.10
Lorpugo: calls $0.10
PaulBacku: folds 
*** TURN *** [9c 4s Qc] [Ac]
soufiane110: bets $0.28
Lorpugo: folds 
Uncalled bet ($0.28) returned to soufiane110
soufiane110 collected $0.39 from pot
*** SUMMARY ***
Total pot $0.40 | Rake $0.01 
Board [9c 4s Qc Ac]
Seat 1: soufiane110 (small blind) collected ($0.39)
Seat 2: humor28st (big blind) folded before Flop
Seat 3: Mikeloko182 folded before Flop (didn't bet)
Seat 4: Marola93 folded before Flop (didn't bet)
Seat 5: Lorpugo folded on the Turn
Seat 6: PaulBacku (button) folded on the Flop



PokerStars Hand #240732968052:  Hold'em No Limit ($0.01/$0.02 USD) - 2022/12/27 14:50:47 ET
Table 'Galvarino II' 6-max Seat #1 is the button
Seat 1: soufiane110 ($1.09 in chips) 
Seat 2: humor28st ($2.38 in chips) 
Seat 3: Mikeloko182 ($2 in chips) 
Seat 4: Marola93 ($2 in chips) 
Seat 5: Lorpugo ($1.10 in chips) 
Seat 6: PaulBacku ($2.89 in chips) 
humor28st: posts small blind $0.01
Mikeloko182: posts big blind $0.02
*** HOLE CARDS ***
Dealt to Lorpugo [8h 9d]
Marola93: raises $0.04 to $0.06
Lorpugo: folds 
PaulBacku: folds 
soufiane110: folds 
humor28st: calls $0.05
PaulBacku leaves the table
DServusl joins the table at seat #6 
Mikeloko182: folds 
*** FLOP *** [Ac 3c Td]
humor28st: checks 
Marola93: checks 
*** TURN *** [Ac 3c Td] [Qs]
humor28st: checks 
Marola93: checks 
*** RIVER *** [Ac 3c Td Qs] [3s]
humor28st: bets $0.06
Marola93: folds 
Uncalled bet ($0.06) returned to humor28st
humor28st collected $0.14 from pot
*** SUMMARY ***
Total pot $0.14 | Rake $0 
Board [Ac 3c Td Qs 3s]
Seat 1: soufiane110 (button) folded before Flop (didn't bet)
Seat 2: humor28st (small blind) collected ($0.14)
Seat 3: Mikeloko182 (big blind) folded before Flop
Seat 4: Marola93 folded on the River
Seat 5: Lorpugo folded before Flop (didn't bet)
Seat 6: PaulBacku folded before Flop (didn't bet)



PokerStars Hand #240732992786:  Hold'em No Limit ($0.01/$0.02 USD) - 2022/12/27 14:51:42 ET
Table 'Galvarino II' 6-max Seat #2 is the button
Seat 1: soufiane110 ($1.09 in chips) 
Seat 2: humor28st ($2.46 in chips) 
Seat 3: Mikeloko182 ($2 in chips) 
Seat 4: Marola93 ($2 in chips) 
Seat 5: Lorpugo ($1.90 in chips) 
Mikeloko182: posts small blind $0.01
Marola93: posts big blind $0.02
*** HOLE CARDS ***
Dealt to Lorpugo [4c 2d]
Lorpugo: folds 
soufiane110: folds 
humor28st: folds 
Mikeloko182: raises $0.04 to $0.06
Marola93: folds 
Uncalled bet ($0.04) returned to Mikeloko182
Mikeloko182 collected $0.04 from pot
Mikeloko182: doesn't show hand 
*** SUMMARY ***
Total pot $0.04 | Rake $0 
Seat 1: soufiane110 folded before Flop (didn't bet)
Seat 2: humor28st (button) folded before Flop (didn't bet)
Seat 3: Mikeloko182 (small blind) collected ($0.04)
Seat 4: Marola93 (big blind) folded before Flop
Seat 5: Lorpugo folded before Flop (didn't bet)



PokerStars Hand #240733000443:  Hold'em No Limit ($0.01/$0.02 USD) - 2022/12/27 14:52:00 ET
Table 'Galvarino II' 6-max Seat #3 is the button
Seat 1: soufiane110 ($1.09 in chips) 
Seat 2: humor28st ($2.46 in chips) 
Seat 3: Mikeloko182 ($2.02 in chips) 
Seat 4: Marola93 ($2 in chips) 
Seat 5: Lorpugo ($1.90 in chips) 
Marola93: posts small blind $0.01
Lorpugo: posts big blind $0.02
*** HOLE CARDS ***
Dealt to Lorpugo [7s 8h]
soufiane110: folds 
humor28st: folds 
Mikeloko182: folds 
Marola93: folds 
Uncalled bet ($0.01) returned to Lorpugo
Lorpugo collected $0.02 from pot
Lorpugo: doesn't show hand 
*** SUMMARY ***
Total pot $0.02 | Rake $0 
Seat 1: soufiane110 folded before Flop (didn't bet)
Seat 2: humor28st folded before Flop (didn't bet)
Seat 3: Mikeloko182 (button) folded before Flop (didn't bet)
Seat 4: Marola93 (small blind) folded before Flop
Seat 5: Lorpugo (big blind) collected ($0.02)



PokerStars Hand #240733005934:  Hold'em No Limit ($0.01/$0.02 USD) - 2022/12/27 14:52:12 ET
Table 'Galvarino II' 6-max Seat #4 is the button
Seat 1: soufiane110 ($1.09 in chips) 
Seat 2: humor28st ($2.46 in chips) 
Seat 3: Mikeloko182 ($2.02 in chips) 
Seat 4: Marola93 ($2 in chips) 
Seat 5: Lorpugo ($1.91 in chips) 
Seat 6: DServusl ($2 in chips) 
Lorpugo: posts small blind $0.01
DServusl: posts big blind $0.02
*** HOLE CARDS ***
Dealt to Lorpugo [Qc Jc]
soufiane110: calls $0.02
humor28st: raises $0.08 to $0.10
Mikeloko182: folds 
Marola93: folds 
Lorpugo: folds 
DServusl: folds 
soufiane110: calls $0.08
*** FLOP *** [8s 8c 4c]
soufiane110: checks 
humor28st: bets $0.07
soufiane110: folds 
Uncalled bet ($0.07) returned to humor28st
humor28st collected $0.22 from pot
*** SUMMARY ***
Total pot $0.23 | Rake $0.01 
Board [8s 8c 4c]
Seat 1: soufiane110 folded on the Flop
Seat 2: humor28st collected ($0.22)
Seat 3: Mikeloko182 folded before Flop (didn't bet)
Seat 4: Marola93 (button) folded before Flop (didn't bet)
Seat 5: Lorpugo (small blind) folded before Flop
Seat 6: DServusl (big blind) folded before Flop



PokerStars Hand #240733024297:  Hold'em No Limit ($0.01/$0.02 USD) - 2022/12/27 14:52:53 ET
Table 'Galvarino II' 6-max Seat #5 is the button
Seat 1: soufiane110 ($0.99 in chips) 
Seat 2: humor28st ($2.58 in chips) 
Seat 3: Mikeloko182 ($2.02 in chips) 
Seat 4: Marola93 ($2 in chips) 
Seat 5: Lorpugo ($1.90 in chips) 
Seat 6: DServusl ($2 in chips) 
DServusl: posts small blind $0.01
soufiane110: posts big blind $0.02
*** HOLE CARDS ***
Dealt to Lorpugo [7d 2c]
humor28st: folds 
Mikeloko182: folds 
Marola93: folds 
Lorpugo: folds 
DServusl: folds 
Uncalled bet ($0.01) returned to soufiane110
soufiane110 collected $0.02 from pot
*** SUMMARY ***
Total pot $0.02 | Rake $0 
Seat 1: soufiane110 (big blind) collected ($0.02)
Seat 2: humor28st folded before Flop (didn't bet)
Seat 3: Mikeloko182 folded before Flop (didn't bet)
Seat 4: Marola93 folded before Flop (didn't bet)
Seat 5: Lorpugo (button) folded before Flop (didn't bet)
Seat 6: DServusl (small blind) folded before Flop



PokerStars Hand #240733028774:  Hold'em No Limit ($0.01/$0.02 USD) - 2022/12/27 14:53:03 ET
Table 'Galvarino II' 6-max Seat #6 is the button
Seat 1: soufiane110 ($1 in chips) 
Seat 2: humor28st ($2.58 in chips) 
Seat 3: Mikeloko182 ($2.02 in chips) 
Seat 4: Marola93 ($2 in chips) 
Seat 5: Lorpugo ($1.90 in chips) 
Seat 6: DServusl ($2 in chips) 
soufiane110: posts small blind $0.01
humor28st: posts big blind $0.02
*** HOLE CARDS ***
Dealt to Lorpugo [9d 6c]
Mikeloko182: folds 
Marola93: raises $0.04 to $0.06
Lorpugo: folds 
DServusl: folds 
soufiane110: folds 
humor28st: folds 
Uncalled bet ($0.04) returned to Marola93
Marola93 collected $0.05 from pot
Marola93: doesn't show hand 
*** SUMMARY ***
Total pot $0.05 | Rake $0 
Seat 1: soufiane110 (small blind) folded before Flop
Seat 2: humor28st (big blind) folded before Flop
Seat 3: Mikeloko182 folded before Flop (didn't bet)
Seat 4: Marola93 collected ($0.05)
Seat 5: Lorpugo folded before Flop (didn't bet)
Seat 6: DServusl (button) folded before Flop (didn't bet)



PokerStars Hand #240733036344:  Hold'em No Limit ($0.01/$0.02 USD) - 2022/12/27 14:53:20 ET
Table 'Galvarino II' 6-max Seat #1 is the button
Seat 1: soufiane110 ($0.99 in chips) 
Seat 2: humor28st ($2.56 in chips) 
Seat 3: Mikeloko182 ($2.02 in chips) 
Seat 4: Marola93 ($2.03 in chips) 
Seat 5: Lorpugo ($1.90 in chips) 
Seat 6: DServusl ($2 in chips) 
humor28st: posts small blind $0.01
Mikeloko182: posts big blind $0.02
*** HOLE CARDS ***
Dealt to Lorpugo [Jd 3c]
Marola93: folds 
Lorpugo: folds 
DServusl: folds 
soufiane110: calls $0.02
humor28st: folds 
Mikeloko182: checks 
*** FLOP *** [Kd Ac 9c]
Mikeloko182: checks 
soufiane110: checks 
*** TURN *** [Kd Ac 9c] [2s]
Mikeloko182: checks 
soufiane110: bets $0.06
Mikeloko182: folds 
Uncalled bet ($0.06) returned to soufiane110
soufiane110 collected $0.05 from pot
*** SUMMARY ***
Total pot $0.05 | Rake $0 
Board [Kd Ac 9c 2s]
Seat 1: soufiane110 (button) collected ($0.05)
Seat 2: humor28st (small blind) folded before Flop
Seat 3: Mikeloko182 (big blind) folded on the Turn
Seat 4: Marola93 folded before Flop (didn't bet)
Seat 5: Lorpugo folded before Flop (didn't bet)
Seat 6: DServusl folded before Flop (didn't bet)



PokerStars Hand #240733062931:  Hold'em No Limit ($0.01/$0.02 USD) - 2022/12/27 14:54:19 ET
Table 'Galvarino II' 6-max Seat #2 is the button
Seat 1: soufiane110 ($1.02 in chips) 
Seat 2: humor28st ($2.55 in chips) 
Seat 3: Mikeloko182 ($2 in chips) 
Seat 4: Marola93 ($2.03 in chips) 
Seat 5: Lorpugo ($1.90 in chips) 
Seat 6: DServusl ($2 in chips) 
Mikeloko182: posts small blind $0.01
Marola93: posts big blind $0.02
*** HOLE CARDS ***
Dealt to Lorpugo [Js Qc]
Lorpugo: folds 
DServusl: folds 
soufiane110: calls $0.02
humor28st: folds 
Mikeloko182: folds 
Marola93: checks 
*** FLOP *** [5s Qs Tc]
Marola93: checks 
soufiane110: bets $0.08
Marola93: folds 
Uncalled bet ($0.08) returned to soufiane110
soufiane110 collected $0.05 from pot
*** SUMMARY ***
Total pot $0.05 | Rake $0 
Board [5s Qs Tc]
Seat 1: soufiane110 collected ($0.05)
Seat 2: humor28st (button) folded before Flop (didn't bet)
Seat 3: Mikeloko182 (small blind) folded before Flop
Seat 4: Marola93 (big blind) folded on the Flop
Seat 5: Lorpugo folded before Flop (didn't bet)
Seat 6: DServusl folded before Flop (didn't bet)



PokerStars Hand #240733074265:  Hold'em No Limit ($0.01/$0.02 USD) - 2022/12/27 14:54:44 ET
Table 'Galvarino II' 6-max Seat #3 is the button
Seat 1: soufiane110 ($1.05 in chips) 
Seat 2: humor28st ($2.55 in chips) 
Seat 3: Mikeloko182 ($2 in chips) 
Seat 4: Marola93 ($2.01 in chips) 
Seat 5: Lorpugo ($1.90 in chips) 
Seat 6: DServusl ($2 in chips) 
Marola93: posts small blind $0.01
Lorpugo: posts big blind $0.02
*** HOLE CARDS ***
Dealt to Lorpugo [5s Ac]
DServusl: folds 
soufiane110: calls $0.02
humor28st: folds 
Mikeloko182: folds 
Marola93: folds 
Lorpugo: checks 
*** FLOP *** [Qs Jh 4d]
Lorpugo: checks 
soufiane110: checks 
*** TURN *** [Qs Jh 4d] [Th]
Lorpugo: checks 
soufiane110: checks 
*** RIVER *** [Qs Jh 4d Th] [Js]
Lorpugo: checks 
soufiane110: checks 
*** SHOW DOWN ***
Lorpugo: shows [5s Ac] (a pair of Jacks)
soufiane110: shows [7h 7d] (two pair, Jacks and Sevens)
soufiane110 collected $0.05 from pot
*** SUMMARY ***
Total pot $0.05 | Rake $0 
Board [Qs Jh 4d Th Js]
Seat 1: soufiane110 showed [7h 7d] and won ($0.05) with two pair, Jacks and Sevens
Seat 2: humor28st folded before Flop (didn't bet)
Seat 3: Mikeloko182 (button) folded before Flop (didn't bet)
Seat 4: Marola93 (small blind) folded before Flop
Seat 5: Lorpugo (big blind) showed [5s Ac] and lost with a pair of Jacks
Seat 6: DServusl folded before Flop (didn't bet)



PokerStars Hand #240733089140:  Hold'em No Limit ($0.01/$0.02 USD) - 2022/12/27 14:55:23 ET
Table 'Galvarino II' 6-max Seat #4 is the button
Seat 1: soufiane110 ($1.08 in chips) 
Seat 2: humor28st ($2.55 in chips) 
Seat 3: Mikeloko182 ($2 in chips) 
Seat 4: Marola93 ($2 in chips) 
Seat 5: Lorpugo ($1.88 in chips) 
Seat 6: DServusl ($2 in chips) 
Lorpugo: posts small blind $0.01
DServusl: posts big blind $0.02
*** HOLE CARDS ***
Dealt to Lorpugo [9s 5c]
soufiane110: folds 
humor28st: folds 
Mikeloko182: folds 
Marola93: folds 
Lorpugo: folds 
Uncalled bet ($0.01) returned to DServusl
DServusl collected $0.02 from pot
DServusl: doesn't show hand 
*** SUMMARY ***
Total pot $0.02 | Rake $0 
Seat 1: soufiane110 folded before Flop (didn't bet)
Seat 2: humor28st folded before Flop (didn't bet)
Seat 3: Mikeloko182 folded before Flop (didn't bet)
Seat 4: Marola93 (button) folded before Flop (didn't bet)
Seat 5: Lorpugo (small blind) folded before Flop
Seat 6: DServusl (big blind) collected ($0.02)



PokerStars Hand #240733093374:  Hold'em No Limit ($0.01/$0.02 USD) - 2022/12/27 14:55:37 ET
Table 'Galvarino II' 6-max Seat #5 is the button
Seat 1: soufiane110 ($1.08 in chips) 
Seat 2: humor28st ($2.55 in chips) 
Seat 3: Mikeloko182 ($2 in chips) 
Seat 4: Marola93 ($2 in chips) 
Seat 5: Lorpugo ($1.87 in chips) 
Seat 6: DServusl ($2.01 in chips) 
DServusl: posts small blind $0.01
soufiane110: posts big blind $0.02
*** HOLE CARDS ***
Dealt to Lorpugo [Qh Tc]
humor28st: folds 
Mikeloko182: folds 
Marola93: folds 
Lorpugo: raises $0.04 to $0.06
DServusl: folds 
soufiane110: raises $0.04 to $0.10
Lorpugo: calls $0.04
*** FLOP *** [Kd 3h 9s]
soufiane110: bets $0.06
Lorpugo: calls $0.06
*** TURN *** [Kd 3h 9s] [5c]
soufiane110: bets $0.12
Lorpugo: folds 
Uncalled bet ($0.12) returned to soufiane110
soufiane110 collected $0.32 from pot
*** SUMMARY ***
Total pot $0.33 | Rake $0.01 
Board [Kd 3h 9s 5c]
Seat 1: soufiane110 (big blind) collected ($0.32)
Seat 2: humor28st folded before Flop (didn't bet)
Seat 3: Mikeloko182 folded before Flop (didn't bet)
Seat 4: Marola93 folded before Flop (didn't bet)
Seat 5: Lorpugo (button) folded on the Turn
Seat 6: DServusl (small blind) folded before Flop



PokerStars Hand #240733109079:  Hold'em No Limit ($0.01/$0.02 USD) - 2022/12/27 14:56:27 ET
Table 'Galvarino II' 6-max Seat #6 is the button
Seat 1: soufiane110 ($1.24 in chips) 
Seat 2: humor28st ($2.55 in chips) 
Seat 3: Mikeloko182 ($2 in chips) 
Seat 4: Marola93 ($2 in chips) 
Seat 5: Lorpugo ($1.71 in chips) 
Seat 6: DServusl ($2 in chips) 
soufiane110: posts small blind $0.01
humor28st: posts big blind $0.02
*** HOLE CARDS ***
Dealt to Lorpugo [8c 4h]
Mikeloko182: folds 
Marola93: folds 
Lorpugo: folds 
DServusl: folds 
soufiane110: calls $0.01
humor28st: checks 
*** FLOP *** [9h Ac Kh]
soufiane110: checks 
humor28st: checks 
*** TURN *** [9h Ac Kh] [6s]
soufiane110: bets $0.06
humor28st: folds 
Uncalled bet ($0.06) returned to soufiane110
soufiane110 collected $0.04 from pot
*** SUMMARY ***
Total pot $0.04 | Rake $0 
Board [9h Ac Kh 6s]
Seat 1: soufiane110 (small blind) collected ($0.04)
Seat 2: humor28st (big blind) folded on the Turn
Seat 3: Mikeloko182 folded before Flop (didn't bet)
Seat 4: Marola93 folded before Flop (didn't bet)
Seat 5: Lorpugo folded before Flop (didn't bet)
Seat 6: DServusl (button) folded before Flop (didn't bet)



PokerStars Hand #240733118586:  Hold'em No Limit ($0.01/$0.02 USD) - 2022/12/27 14:56:57 ET
Table 'Galvarino II' 6-max Seat #1 is the button
Seat 1: soufiane110 ($1.26 in chips) 
Seat 2: humor28st ($2.53 in chips) 
Seat 3: Mikeloko182 ($2 in chips) 
Seat 4: Marola93 ($2 in chips) 
Seat 5: Lorpugo ($1.71 in chips) 
Seat 6: DServusl ($2 in chips) 
humor28st: posts small blind $0.01
Mikeloko182: posts big blind $0.02
*** HOLE CARDS ***
Dealt to Lorpugo [2d 4h]
Marola93: folds 
Lorpugo: folds 
DServusl: folds 
soufiane110: calls $0.02
humor28st: calls $0.01
Mikeloko182: raises $0.06 to $0.08
soufiane110: folds 
humor28st: folds 
Uncalled bet ($0.06) returned to Mikeloko182
Mikeloko182 collected $0.06 from pot
Mikeloko182: doesn't show hand 
*** SUMMARY ***
Total pot $0.06 | Rake $0 
Seat 1: soufiane110 (button) folded before Flop
Seat 2: humor28st (small blind) folded before Flop
Seat 3: Mikeloko182 (big blind) collected ($0.06)
Seat 4: Marola93 folded before Flop (didn't bet)
Seat 5: Lorpugo folded before Flop (didn't bet)
Seat 6: DServusl folded before Flop (didn't bet)



PokerStars Hand #240733125177:  Hold'em No Limit ($0.01/$0.02 USD) - 2022/12/27 14:57:18 ET
Table 'Galvarino II' 6-max Seat #2 is the button
Seat 1: soufiane110 ($1.24 in chips) 
Seat 2: humor28st ($2.51 in chips) 
Seat 3: Mikeloko182 ($2.04 in chips) 
Seat 4: Marola93 ($2 in chips) 
Seat 5: Lorpugo ($1.71 in chips) 
Seat 6: DServusl ($2 in chips) 
Mikeloko182: posts small blind $0.01
Marola93: posts big blind $0.02
*** HOLE CARDS ***
Dealt to Lorpugo [9h 7h]
Lorpugo has timed out
Lorpugo: folds 
DServusl: folds 
soufiane110: folds 
humor28st: folds 
Mikeloko182: folds 
Uncalled bet ($0.01) returned to Marola93
Marola93 collected $0.02 from pot
Marola93: doesn't show hand 
*** SUMMARY ***
Total pot $0.02 | Rake $0 
Seat 1: soufiane110 folded before Flop (didn't bet)
Seat 2: humor28st (button) folded before Flop (didn't bet)
Seat 3: Mikeloko182 (small blind) folded before Flop
Seat 4: Marola93 (big blind) collected ($0.02)
Seat 5: Lorpugo folded before Flop (didn't bet)
Seat 6: DServusl folded before Flop (didn't bet)



PokerStars Hand #240733132171:  Hold'em No Limit ($0.01/$0.02 USD) - 2022/12/27 14:57:40 ET
Table 'Galvarino II' 6-max Seat #3 is the button
Seat 1: soufiane110 ($1.24 in chips) 
Seat 2: humor28st ($2.51 in chips) 
Seat 3: Mikeloko182 ($2.03 in chips) 
Seat 4: Marola93 ($2.01 in chips) 
Seat 5: Lorpugo ($1.71 in chips) 
Seat 6: DServusl ($2 in chips) 
Marola93: posts small blind $0.01
Lorpugo: posts big blind $0.02
*** HOLE CARDS ***
Dealt to Lorpugo [3c Kc]
DServusl has timed out
DServusl: folds 
soufiane110: folds 
soufiane110 leaves the table
humor28st: raises $0.04 to $0.06
Mikeloko182: calls $0.06
Marola93: folds 
Lorpugo: calls $0.04
*** FLOP *** [6c 9d 4s]
Lorpugo: checks 
humor28st: checks 
Mikeloko182: checks 
*** TURN *** [6c 9d 4s] [Th]
Lorpugo: bets $0.12
humor28st: folds 
Mikeloko182: folds 
Uncalled bet ($0.12) returned to Lorpugo
Lorpugo collected $0.18 from pot
Lorpugo: doesn't show hand 
*** SUMMARY ***
Total pot $0.19 | Rake $0.01 
Board [6c 9d 4s Th]
Seat 1: soufiane110 folded before Flop (didn't bet)
Seat 2: humor28st folded on the Turn
Seat 3: Mikeloko182 (button) folded on the Turn
Seat 4: Marola93 (small blind) folded before Flop
Seat 5: Lorpugo (big blind) collected ($0.18)
Seat 6: DServusl folded before Flop (didn't bet)



PokerStars Hand #240733149148:  Hold'em No Limit ($0.01/$0.02 USD) - 2022/12/27 14:58:34 ET
Table 'Galvarino II' 6-max Seat #4 is the button
Seat 2: humor28st ($2.45 in chips) 
Seat 3: Mikeloko182 ($2 in chips) 
Seat 4: Marola93 ($2 in chips) 
Seat 5: Lorpugo ($1.83 in chips) 
Seat 6: DServusl ($2 in chips) 
Lorpugo: posts small blind $0.01
DServusl: posts big blind $0.02
*** HOLE CARDS ***
Dealt to Lorpugo [9s Ac]
humor28st: folds 
Mikeloko182: folds 
Marola93: folds 
Lorpugo: raises $0.04 to $0.06
DServusl: folds 
Uncalled bet ($0.04) returned to Lorpugo
Lorpugo collected $0.04 from pot
Lorpugo: doesn't show hand 
*** SUMMARY ***
Total pot $0.04 | Rake $0 
Seat 2: humor28st folded before Flop (didn't bet)
Seat 3: Mikeloko182 folded before Flop (didn't bet)
Seat 4: Marola93 (button) folded before Flop (didn't bet)
Seat 5: Lorpugo (small blind) collected ($0.04)
Seat 6: DServusl (big blind) folded before Flop



PokerStars Hand #240733154450:  Hold'em No Limit ($0.01/$0.02 USD) - 2022/12/27 14:58:51 ET
Table 'Galvarino II' 6-max Seat #5 is the button
Seat 2: humor28st ($2.45 in chips) 
Seat 3: Mikeloko182 ($2 in chips) 
Seat 4: Marola93 ($2 in chips) 
Seat 5: Lorpugo ($1.85 in chips) 
Seat 6: DServusl ($2 in chips) 
DServusl: posts small blind $0.01
humor28st: posts big blind $0.02
*** HOLE CARDS ***
Dealt to Lorpugo [Ts 6h]
Cocoshow369 joins the table at seat #1 
Mikeloko182: folds 
Marola93: folds 
Lorpugo: folds 
DServusl: raises $0.03 to $0.05
humor28st: folds 
Uncalled bet ($0.03) returned to DServusl
DServusl collected $0.04 from pot
DServusl: doesn't show hand 
*** SUMMARY ***
Total pot $0.04 | Rake $0 
Seat 2: humor28st (big blind) folded before Flop
Seat 3: Mikeloko182 folded before Flop (didn't bet)
Seat 4: Marola93 folded before Flop (didn't bet)
Seat 5: Lorpugo (button) folded before Flop (didn't bet)
Seat 6: DServusl (small blind) collected ($0.04)



PokerStars Hand #240733161053:  Hold'em No Limit ($0.01/$0.02 USD) - 2022/12/27 14:59:12 ET
Table 'Galvarino II' 6-max Seat #6 is the button
Seat 2: humor28st ($2.43 in chips) 
Seat 3: Mikeloko182 ($2 in chips) 
Seat 4: Marola93 ($2 in chips) 
Seat 5: Lorpugo ($1.85 in chips) 
Seat 6: DServusl ($2.02 in chips) 
humor28st: posts small blind $0.01
Mikeloko182: posts big blind $0.02
*** HOLE CARDS ***
Dealt to Lorpugo [7h 3d]
Marola93: folds 
Lorpugo: folds 
DServusl: raises $0.03 to $0.05
humor28st: raises $0.19 to $0.24
Mikeloko182: folds 
DServusl: folds 
Uncalled bet ($0.19) returned to humor28st
humor28st collected $0.12 from pot
*** SUMMARY ***
Total pot $0.12 | Rake $0 
Seat 2: humor28st (small blind) collected ($0.12)
Seat 3: Mikeloko182 (big blind) folded before Flop
Seat 4: Marola93 folded before Flop (didn't bet)
Seat 5: Lorpugo folded before Flop (didn't bet)
Seat 6: DServusl (button) folded before Flop



PokerStars Hand #240733167510:  Hold'em No Limit ($0.01/$0.02 USD) - 2022/12/27 14:59:33 ET
Table 'Galvarino II' 6-max Seat #2 is the button
Seat 2: humor28st ($2.50 in chips) 
Seat 3: Mikeloko182 ($2 in chips) 
Seat 4: Marola93 ($2 in chips) 
Seat 5: Lorpugo ($1.85 in chips) 
Seat 6: DServusl ($2 in chips) 
Mikeloko182: posts small blind $0.01
Marola93: posts big blind $0.02
*** HOLE CARDS ***
Dealt to Lorpugo [Qh Qs]
Lorpugo: raises $0.04 to $0.06
DServusl: folds 
humor28st: folds 
Mikeloko182: calls $0.05
Marola93: folds 
*** FLOP *** [5c 4d Qd]
Mikeloko182: checks 
Lorpugo: bets $0.07
Mikeloko182: calls $0.07
*** TURN *** [5c 4d Qd] [7h]
Mikeloko182: checks 
Lorpugo: bets $0.14
Mikeloko182: calls $0.14
*** RIVER *** [5c 4d Qd 7h] [7d]
Mikeloko182: checks 
Lorpugo: bets $0.32
Mikeloko182: calls $0.32
*** SHOW DOWN ***
Lorpugo: shows [Qh Qs] (a full house, Queens full of Sevens)
Mikeloko182: mucks hand 
Lorpugo collected $1.16 from pot
*** SUMMARY ***
Total pot $1.20 | Rake $0.04 
Board [5c 4d Qd 7h 7d]
Seat 2: humor28st (button) folded before Flop (didn't bet)
Seat 3: Mikeloko182 (small blind) mucked [Jd Jh]
Seat 4: Marola93 (big blind) folded before Flop
Seat 5: Lorpugo showed [Qh Qs] and won ($1.16) with a full house, Queens full of Sevens
Seat 6: DServusl folded before Flop (didn't bet)



PokerStars Hand #240733191498:  Hold'em No Limit ($0.01/$0.02 USD) - 2022/12/27 15:00:45 ET
Table 'Galvarino II' 6-max Seat #3 is the button
Seat 2: humor28st ($2.50 in chips) 
Seat 3: Mikeloko182 ($2 in chips) 
Seat 4: Marola93 ($2 in chips) 
Seat 5: Lorpugo ($2.42 in chips) 
Seat 6: DServusl ($2 in chips) 
Marola93: posts small blind $0.01
Lorpugo: posts big blind $0.02
*** HOLE CARDS ***
Dealt to Lorpugo [6s 3c]
DServusl: folds 
humor28st: folds 
Mikeloko182: raises $0.04 to $0.06
Marola93: folds 
Lorpugo: folds 
Uncalled bet ($0.04) returned to Mikeloko182
Mikeloko182 collected $0.05 from pot
Mikeloko182: doesn't show hand 
*** SUMMARY ***
Total pot $0.05 | Rake $0 
Seat 2: humor28st folded before Flop (didn't bet)
Seat 3: Mikeloko182 (button) collected ($0.05)
Seat 4: Marola93 (small blind) folded before Flop
Seat 5: Lorpugo (big blind) folded before Flop
Seat 6: DServusl folded before Flop (didn't bet)



PokerStars Hand #240733199937:  Hold'em No Limit ($0.01/$0.02 USD) - 2022/12/27 15:01:08 ET
Table 'Galvarino II' 6-max Seat #4 is the button
Seat 2: humor28st ($2.50 in chips) 
Seat 3: Mikeloko182 ($2.03 in chips) 
Seat 4: Marola93 ($2 in chips) 
Seat 5: Lorpugo ($2.40 in chips) 
Seat 6: DServusl ($2 in chips) 
Lorpugo: posts small blind $0.01
DServusl: posts big blind $0.02
*** HOLE CARDS ***
Dealt to Lorpugo [Qd 8s]
humor28st: folds 
Mikeloko182: folds 
Marola93: folds 
Lorpugo: raises $0.04 to $0.06
DServusl: folds 
Uncalled bet ($0.04) returned to Lorpugo
Lorpugo collected $0.04 from pot
Lorpugo: doesn't show hand 
*** SUMMARY ***
Total pot $0.04 | Rake $0 
Seat 2: humor28st folded before Flop (didn't bet)
Seat 3: Mikeloko182 folded before Flop (didn't bet)
Seat 4: Marola93 (button) folded before Flop (didn't bet)
Seat 5: Lorpugo (small blind) collected ($0.04)
Seat 6: DServusl (big blind) folded before Flop



PokerStars Hand #240733206391:  Hold'em No Limit ($0.01/$0.02 USD) - 2022/12/27 15:01:25 ET
Table 'Galvarino II' 6-max Seat #5 is the button
Seat 1: Cocoshow369 ($2 in chips) 
Seat 2: humor28st ($2.50 in chips) 
Seat 3: Mikeloko182 ($2.03 in chips) 
Seat 4: Marola93 ($2 in chips) 
Seat 5: Lorpugo ($2.42 in chips) 
Seat 6: DServusl ($2 in chips) 
DServusl: posts small blind $0.01
Cocoshow369: posts big blind $0.02
*** HOLE CARDS ***
Dealt to Lorpugo [Ks 8d]
humor28st: folds 
Mikeloko182: folds 
Marola93: folds 
Lorpugo: raises $0.04 to $0.06
DServusl: folds 
Cocoshow369: calls $0.04
*** FLOP *** [Kd 5s As]
Cocoshow369: bets $0.07
Lorpugo: calls $0.07
*** TURN *** [Kd 5s As] [6d]
Cocoshow369: checks 
Lorpugo: checks 
*** RIVER *** [Kd 5s As 6d] [8h]
Cocoshow369: checks 
Lorpugo: bets $0.30
Cocoshow369: calls $0.30
*** SHOW DOWN ***
Lorpugo: shows [Ks 8d] (two pair, Kings and Eights)
Cocoshow369: mucks hand 
Lorpugo collected $0.84 from pot
*** SUMMARY ***
Total pot $0.87 | Rake $0.03 
Board [Kd 5s As 6d 8h]
Seat 1: Cocoshow369 (big blind) mucked [Ac 4s]
Seat 2: humor28st folded before Flop (didn't bet)
Seat 3: Mikeloko182 folded before Flop (didn't bet)
Seat 4: Marola93 folded before Flop (didn't bet)
Seat 5: Lorpugo (button) showed [Ks 8d] and won ($0.84) with two pair, Kings and Eights
Seat 6: DServusl (small blind) folded before Flop



PokerStars Hand #240733230804:  Hold'em No Limit ($0.01/$0.02 USD) - 2022/12/27 15:02:23 ET
Table 'Galvarino II' 6-max Seat #6 is the button
Seat 1: Cocoshow369 ($2 in chips) 
Seat 2: humor28st ($2.50 in chips) 
Seat 3: Mikeloko182 ($2.03 in chips) 
Seat 4: Marola93 ($2 in chips) 
Seat 5: Lorpugo ($2.83 in chips) 
Seat 6: DServusl ($2 in chips) 
Cocoshow369: posts small blind $0.01
humor28st: posts big blind $0.02
*** HOLE CARDS ***
Dealt to Lorpugo [2h 5h]
Mikeloko182: folds 
Marola93: raises $0.04 to $0.06
Lorpugo: folds 
DServusl: raises $0.12 to $0.18
Cocoshow369: folds 
humor28st: folds 
Marola93: folds 
Uncalled bet ($0.12) returned to DServusl
DServusl collected $0.15 from pot
DServusl: doesn't show hand 
*** SUMMARY ***
Total pot $0.15 | Rake $0 
Seat 1: Cocoshow369 (small blind) folded before Flop
Seat 2: humor28st (big blind) folded before Flop
Seat 3: Mikeloko182 folded before Flop (didn't bet)
Seat 4: Marola93 folded before Flop
Seat 5: Lorpugo folded before Flop (didn't bet)
Seat 6: DServusl (button) collected ($0.15)



PokerStars Hand #240733241248:  Hold'em No Limit ($0.01/$0.02 USD) - 2022/12/27 15:02:47 ET
Table 'Galvarino II' 6-max Seat #1 is the button
Seat 1: Cocoshow369 ($2 in chips) 
Seat 2: humor28st ($2.48 in chips) 
Seat 3: Mikeloko182 ($2.03 in chips) 
Seat 4: Marola93 ($2 in chips) 
Seat 5: Lorpugo ($2.83 in chips) 
Seat 6: DServusl ($2.09 in chips) 
humor28st: posts small blind $0.01
Mikeloko182: posts big blind $0.02
*** HOLE CARDS ***
Dealt to Lorpugo [8s 8d]
Marola93: raises $0.04 to $0.06
Lorpugo: calls $0.06
DServusl: folds 
Cocoshow369: folds 
humor28st: folds 
Mikeloko182: calls $0.04
*** FLOP *** [6h 4d 3s]
Mikeloko182: checks 
Marola93: checks 
Lorpugo: bets $0.12
Mikeloko182: calls $0.12
Marola93: folds 
*** TURN *** [6h 4d 3s] [As]
Mikeloko182: checks 
Lorpugo: checks 
*** RIVER *** [6h 4d 3s As] [2s]
Mikeloko182: checks 
Lorpugo: checks 
*** SHOW DOWN ***
Mikeloko182: shows [9h 7s] (high card Ace)
Lorpugo: shows [8s 8d] (a pair of Eights)
Lorpugo collected $0.41 from pot
*** SUMMARY ***
Total pot $0.43 | Rake $0.02 
Board [6h 4d 3s As 2s]
Seat 1: Cocoshow369 (button) folded before Flop (didn't bet)
Seat 2: humor28st (small blind) folded before Flop
Seat 3: Mikeloko182 (big blind) showed [9h 7s] and lost with high card Ace
Seat 4: Marola93 folded on the Flop
Seat 5: Lorpugo showed [8s 8d] and won ($0.41) with a pair of Eights
Seat 6: DServusl folded before Flop (didn't bet)



PokerStars Hand #240733273774:  Hold'em No Limit ($0.01/$0.02 USD) - 2022/12/27 15:04:00 ET
Table 'Galvarino II' 6-max Seat #2 is the button
Seat 1: Cocoshow369 ($2 in chips) 
Seat 2: humor28st ($2.47 in chips) 
Seat 3: Mikeloko182 ($2 in chips) 
Seat 4: Marola93 ($2 in chips) 
Seat 5: Lorpugo ($3.06 in chips) 
Seat 6: DServusl ($2.09 in chips) 
Mikeloko182: posts small blind $0.01
Marola93: posts big blind $0.02
*** HOLE CARDS ***
Dealt to Lorpugo [2c 3s]
Lorpugo: folds 
DServusl: folds 
Cocoshow369: raises $0.04 to $0.06
humor28st: folds 
Mikeloko182: calls $0.05
Marola93: folds 
*** FLOP *** [6s Jd Kd]
Mikeloko182: checks 
Cocoshow369: bets $0.08
Mikeloko182: folds 
Uncalled bet ($0.08) returned to Cocoshow369
Cocoshow369 collected $0.14 from pot
*** SUMMARY ***
Total pot $0.14 | Rake $0 
Board [6s Jd Kd]
Seat 1: Cocoshow369 collected ($0.14)
Seat 2: humor28st (button) folded before Flop (didn't bet)
Seat 3: Mikeloko182 (small blind) folded on the Flop
Seat 4: Marola93 (big blind) folded before Flop
Seat 5: Lorpugo folded before Flop (didn't bet)
Seat 6: DServusl folded before Flop (didn't bet)



PokerStars Hand #240733290450:  Hold'em No Limit ($0.01/$0.02 USD) - 2022/12/27 15:04:36 ET
Table 'Galvarino II' 6-max Seat #3 is the button
Seat 1: Cocoshow369 ($2.08 in chips) 
Seat 2: humor28st ($2.47 in chips) 
Seat 3: Mikeloko182 ($2 in chips) 
Seat 4: Marola93 ($2 in chips) 
Seat 5: Lorpugo ($3.06 in chips) 
Seat 6: DServusl ($2.09 in chips) 
Marola93: posts small blind $0.01
Lorpugo: posts big blind $0.02
*** HOLE CARDS ***
Dealt to Lorpugo [7s Td]
DServusl: folds 
Cocoshow369: folds 
humor28st: raises $0.04 to $0.06
Mikeloko182: folds 
Marola93: folds 
Lorpugo: folds 
Uncalled bet ($0.04) returned to humor28st
humor28st collected $0.05 from pot
*** SUMMARY ***
Total pot $0.05 | Rake $0 
Seat 1: Cocoshow369 folded before Flop (didn't bet)
Seat 2: humor28st collected ($0.05)
Seat 3: Mikeloko182 (button) folded before Flop (didn't bet)
Seat 4: Marola93 (small blind) folded before Flop
Seat 5: Lorpugo (big blind) folded before Flop
Seat 6: DServusl folded before Flop (didn't bet)



PokerStars Hand #240733297625:  Hold'em No Limit ($0.01/$0.02 USD) - 2022/12/27 15:04:52 ET
Table 'Galvarino II' 6-max Seat #4 is the button
Seat 1: Cocoshow369 ($2.08 in chips) 
Seat 2: humor28st ($2.50 in chips) 
Seat 3: Mikeloko182 ($2 in chips) 
Seat 4: Marola93 ($2 in chips) 
Seat 5: Lorpugo ($3.04 in chips) 
Seat 6: DServusl ($2.09 in chips) 
Lorpugo: posts small blind $0.01
DServusl: posts big blind $0.02
*** HOLE CARDS ***
Dealt to Lorpugo [Ts 4c]
Cocoshow369: folds 
humor28st: folds 
Mikeloko182: folds 
Marola93: raises $0.04 to $0.06
Lorpugo: folds 
DServusl: folds 
Uncalled bet ($0.04) returned to Marola93
Marola93 collected $0.05 from pot
Marola93: doesn't show hand 
*** SUMMARY ***
Total pot $0.05 | Rake $0 
Seat 1: Cocoshow369 folded before Flop (didn't bet)
Seat 2: humor28st folded before Flop (didn't bet)
Seat 3: Mikeloko182 folded before Flop (didn't bet)
Seat 4: Marola93 (button) collected ($0.05)
Seat 5: Lorpugo (small blind) folded before Flop
Seat 6: DServusl (big blind) folded before Flop



PokerStars Hand #240733307593:  Hold'em No Limit ($0.01/$0.02 USD) - 2022/12/27 15:05:11 ET
Table 'Galvarino II' 6-max Seat #5 is the button
Seat 1: Cocoshow369 ($2.08 in chips) 
Seat 2: humor28st ($2.50 in chips) 
Seat 3: Mikeloko182 ($2 in chips) 
Seat 4: Marola93 ($2.03 in chips) 
Seat 5: Lorpugo ($3.03 in chips) 
Seat 6: DServusl ($2.07 in chips) 
DServusl: posts small blind $0.01
Cocoshow369: posts big blind $0.02
*** HOLE CARDS ***
Dealt to Lorpugo [8c Kc]
humor28st: folds 
Mikeloko182: raises $0.04 to $0.06
Marola93: folds 
Lorpugo: folds 
DServusl: folds 
Cocoshow369: folds 
Uncalled bet ($0.04) returned to Mikeloko182
Mikeloko182 collected $0.05 from pot
Mikeloko182: doesn't show hand 
*** SUMMARY ***
Total pot $0.05 | Rake $0 
Seat 1: Cocoshow369 (big blind) folded before Flop
Seat 2: humor28st folded before Flop (didn't bet)
Seat 3: Mikeloko182 collected ($0.05)
Seat 4: Marola93 folded before Flop (didn't bet)
Seat 5: Lorpugo (button) folded before Flop (didn't bet)
Seat 6: DServusl (small blind) folded before Flop



PokerStars Hand #240733316885:  Hold'em No Limit ($0.01/$0.02 USD) - 2022/12/27 15:05:31 ET
Table 'Galvarino II' 6-max Seat #6 is the button
Seat 1: Cocoshow369 ($2.06 in chips) 
Seat 3: Mikeloko182 ($2.03 in chips) 
Seat 4: Marola93 ($2.03 in chips) 
Seat 5: Lorpugo ($3.03 in chips) 
Seat 6: DServusl ($2.06 in chips) 
Cocoshow369: posts small blind $0.01
Mikeloko182: posts big blind $0.02
*** HOLE CARDS ***
Dealt to Lorpugo [2d 3s]
Marola93: folds 
Lorpugo: folds 
DServusl: raises $0.03 to $0.05
humor28st leaves the table
Cocoshow369: raises $0.11 to $0.16
Mikeloko182: folds 
DServusl: folds 
Uncalled bet ($0.11) returned to Cocoshow369
Cocoshow369 collected $0.12 from pot
*** SUMMARY ***
Total pot $0.12 | Rake $0 
Seat 1: Cocoshow369 (small blind) collected ($0.12)
Seat 3: Mikeloko182 (big blind) folded before Flop
Seat 4: Marola93 folded before Flop (didn't bet)
Seat 5: Lorpugo folded before Flop (didn't bet)
Seat 6: DServusl (button) folded before Flop



