PokerStars Hand #240642092769:  Hold'em No Limit ($0.01/$0.02 USD) - 2022/12/23 11:40:17 ET
Table 'Telamon II' 6-max Seat #2 is the button
Seat 1: EddiChu01 ($3.80 in chips) 
Seat 2: Cismo6 ($3.14 in chips) 
Seat 3: TIMOZA ($2 in chips) 
Seat 4: Lorpugo ($1.60 in chips) 
Seat 5: JollyViK ($2 in chips) 
Seat 6: sergeyf132 ($1.91 in chips) 
TIMOZA: posts small blind $0.01
Lorpugo: posts big blind $0.02
*** HOLE CARDS ***
Dealt to Lorpugo [Jc 7c]
JollyViK: folds 
sergeyf132: folds 
EddiChu01: folds 
Cismo6: folds 
TIMOZA: folds 
Uncalled bet ($0.01) returned to Lorpugo
Lorpugo collected $0.02 from pot
Lorpugo: doesn't show hand 
*** SUMMARY ***
Total pot $0.02 | Rake $0 
Seat 1: EddiChu01 folded before Flop (didn't bet)
Seat 2: Cismo6 (button) folded before Flop (didn't bet)
Seat 3: TIMOZA (small blind) folded before Flop
Seat 4: Lorpugo (big blind) collected ($0.02)
Seat 5: JollyViK folded before Flop (didn't bet)
Seat 6: sergeyf132 folded before Flop (didn't bet)



PokerStars Hand #240642096030:  Hold'em No Limit ($0.01/$0.02 USD) - 2022/12/23 11:40:28 ET
Table 'Telamon II' 6-max Seat #3 is the button
Seat 1: EddiChu01 ($3.80 in chips) 
Seat 2: Cismo6 ($3.14 in chips) 
Seat 3: TIMOZA ($2 in chips) 
Seat 4: Lorpugo ($1.61 in chips) 
Seat 5: JollyViK ($2 in chips) 
Seat 6: sergeyf132 ($1.91 in chips) 
Lorpugo: posts small blind $0.01
JollyViK: posts big blind $0.02
*** HOLE CARDS ***
Dealt to Lorpugo [7h 6c]
sergeyf132: folds 
EddiChu01: folds 
Cismo6: folds 
TIMOZA: folds 
Lorpugo: raises $0.04 to $0.06
JollyViK: calls $0.04
*** FLOP *** [2h Ad 4s]
Lorpugo: bets $0.08
JollyViK: folds 
Uncalled bet ($0.08) returned to Lorpugo
Lorpugo collected $0.12 from pot
Lorpugo: doesn't show hand 
*** SUMMARY ***
Total pot $0.12 | Rake $0 
Board [2h Ad 4s]
Seat 1: EddiChu01 folded before Flop (didn't bet)
Seat 2: Cismo6 folded before Flop (didn't bet)
Seat 3: TIMOZA (button) folded before Flop (didn't bet)
Seat 4: Lorpugo (small blind) collected ($0.12)
Seat 5: JollyViK (big blind) folded on the Flop
Seat 6: sergeyf132 folded before Flop (didn't bet)



PokerStars Hand #240642109142:  Hold'em No Limit ($0.01/$0.02 USD) - 2022/12/23 11:41:10 ET
Table 'Telamon II' 6-max Seat #4 is the button
Seat 1: EddiChu01 ($3.80 in chips) 
Seat 2: Cismo6 ($3.14 in chips) 
Seat 3: TIMOZA ($2 in chips) 
Seat 4: Lorpugo ($1.67 in chips) 
Seat 5: JollyViK ($2 in chips) 
Seat 6: sergeyf132 ($1.91 in chips) 
JollyViK: posts small blind $0.01
sergeyf132: posts big blind $0.02
*** HOLE CARDS ***
Dealt to Lorpugo [Ks Kh]
EddiChu01: folds 
Cismo6: calls $0.02
TIMOZA: raises $0.04 to $0.06
Lorpugo: calls $0.06
JollyViK: folds 
sergeyf132: folds 
Cismo6: folds 
*** FLOP *** [4s Ad 9h]
TIMOZA: checks 
Lorpugo: checks 
*** TURN *** [4s Ad 9h] [5h]
TIMOZA: checks 
Lorpugo: bets $0.05
TIMOZA: calls $0.05
*** RIVER *** [4s Ad 9h 5h] [7c]
TIMOZA: checks 
Lorpugo: checks 
*** SHOW DOWN ***
TIMOZA: shows [Td 9d] (a pair of Nines)
Lorpugo: shows [Ks Kh] (a pair of Kings)
Lorpugo collected $0.26 from pot
*** SUMMARY ***
Total pot $0.27 | Rake $0.01 
Board [4s Ad 9h 5h 7c]
Seat 1: EddiChu01 folded before Flop (didn't bet)
Seat 2: Cismo6 folded before Flop
Seat 3: TIMOZA showed [Td 9d] and lost with a pair of Nines
Seat 4: Lorpugo (button) showed [Ks Kh] and won ($0.26) with a pair of Kings
Seat 5: JollyViK (small blind) folded before Flop
Seat 6: sergeyf132 (big blind) folded before Flop



PokerStars Hand #240642122019:  Hold'em No Limit ($0.01/$0.02 USD) - 2022/12/23 11:41:52 ET
Table 'Telamon II' 6-max Seat #5 is the button
Seat 1: EddiChu01 ($3.80 in chips) 
Seat 2: Cismo6 ($3.12 in chips) 
Seat 3: TIMOZA ($2 in chips) 
Seat 4: Lorpugo ($1.82 in chips) 
Seat 5: JollyViK ($2 in chips) 
Seat 6: sergeyf132 ($1.89 in chips) 
sergeyf132: posts small blind $0.01
EddiChu01: posts big blind $0.02
*** HOLE CARDS ***
Dealt to Lorpugo [9s Kc]
Cismo6: calls $0.02
TIMOZA: folds 
Lorpugo: folds 
JollyViK: folds 
sergeyf132: folds 
EddiChu01: raises $0.08 to $0.10
Cismo6: folds 
Uncalled bet ($0.08) returned to EddiChu01
EddiChu01 collected $0.05 from pot
EddiChu01: doesn't show hand 
*** SUMMARY ***
Total pot $0.05 | Rake $0 
Seat 1: EddiChu01 (big blind) collected ($0.05)
Seat 2: Cismo6 folded before Flop
Seat 3: TIMOZA folded before Flop (didn't bet)
Seat 4: Lorpugo folded before Flop (didn't bet)
Seat 5: JollyViK (button) folded before Flop (didn't bet)
Seat 6: sergeyf132 (small blind) folded before Flop



PokerStars Hand #240642127300:  Hold'em No Limit ($0.01/$0.02 USD) - 2022/12/23 11:42:09 ET
Table 'Telamon II' 6-max Seat #6 is the button
Seat 1: EddiChu01 ($3.83 in chips) 
Seat 2: Cismo6 ($3.10 in chips) 
Seat 3: TIMOZA ($2 in chips) 
Seat 4: Lorpugo ($1.82 in chips) 
Seat 5: JollyViK ($2 in chips) 
Seat 6: sergeyf132 ($1.88 in chips) 
EddiChu01: posts small blind $0.01
Cismo6: posts big blind $0.02
*** HOLE CARDS ***
Dealt to Lorpugo [9h 3s]
TIMOZA: raises $0.03 to $0.05
Lorpugo: folds 
JollyViK: folds 
sergeyf132: calls $0.05
EddiChu01: folds 
Cismo6: folds 
*** FLOP *** [Qh Kc Tc]
TIMOZA: checks 
sergeyf132: bets $0.13
TIMOZA: folds 
Uncalled bet ($0.13) returned to sergeyf132
sergeyf132 collected $0.13 from pot
sergeyf132: doesn't show hand 
*** SUMMARY ***
Total pot $0.13 | Rake $0 
Board [Qh Kc Tc]
Seat 1: EddiChu01 (small blind) folded before Flop
Seat 2: Cismo6 (big blind) folded before Flop
Seat 3: TIMOZA folded on the Flop
Seat 4: Lorpugo folded before Flop (didn't bet)
Seat 5: JollyViK folded before Flop (didn't bet)
Seat 6: sergeyf132 (button) collected ($0.13)



PokerStars Hand #240642138528:  Hold'em No Limit ($0.01/$0.02 USD) - 2022/12/23 11:42:46 ET
Table 'Telamon II' 6-max Seat #1 is the button
Seat 1: EddiChu01 ($3.82 in chips) 
Seat 2: Cismo6 ($3.08 in chips) 
Seat 3: TIMOZA ($2 in chips) 
Seat 4: Lorpugo ($1.82 in chips) 
Seat 5: JollyViK ($2 in chips) 
Seat 6: sergeyf132 ($1.96 in chips) 
Cismo6: posts small blind $0.01
TIMOZA: posts big blind $0.02
*** HOLE CARDS ***
Dealt to Lorpugo [6h 4d]
Lorpugo: folds 
JollyViK: folds 
sergeyf132: folds 
EddiChu01: raises $0.03 to $0.05
Cismo6: calls $0.04
TIMOZA: folds 
*** FLOP *** [4s Tc 7c]
Cismo6: checks 
EddiChu01: checks 
*** TURN *** [4s Tc 7c] [Qh]
Cismo6: checks 
EddiChu01: checks 
*** RIVER *** [4s Tc 7c Qh] [7h]
Cismo6: checks 
EddiChu01: bets $0.06
Cismo6: folds 
Uncalled bet ($0.06) returned to EddiChu01
EddiChu01 collected $0.12 from pot
EddiChu01: doesn't show hand 
*** SUMMARY ***
Total pot $0.12 | Rake $0 
Board [4s Tc 7c Qh 7h]
Seat 1: EddiChu01 (button) collected ($0.12)
Seat 2: Cismo6 (small blind) folded on the River
Seat 3: TIMOZA (big blind) folded before Flop
Seat 4: Lorpugo folded before Flop (didn't bet)
Seat 5: JollyViK folded before Flop (didn't bet)
Seat 6: sergeyf132 folded before Flop (didn't bet)



PokerStars Hand #240642155192:  Hold'em No Limit ($0.01/$0.02 USD) - 2022/12/23 11:43:40 ET
Table 'Telamon II' 6-max Seat #2 is the button
Seat 1: EddiChu01 ($3.89 in chips) 
Seat 2: Cismo6 ($3.03 in chips) 
Seat 3: TIMOZA ($2 in chips) 
Seat 4: Lorpugo ($1.82 in chips) 
Seat 5: JollyViK ($2 in chips) 
Seat 6: sergeyf132 ($1.96 in chips) 
TIMOZA: posts small blind $0.01
Lorpugo: posts big blind $0.02
*** HOLE CARDS ***
Dealt to Lorpugo [Ah 8s]
JollyViK: folds 
sergeyf132: folds 
EddiChu01: raises $0.03 to $0.05
Cismo6: folds 
TIMOZA: folds 
Lorpugo: calls $0.03
*** FLOP *** [5s 8h 7s]
Lorpugo: checks 
EddiChu01: checks 
*** TURN *** [5s 8h 7s] [3s]
Lorpugo: bets $0.14
EddiChu01: folds 
Uncalled bet ($0.14) returned to Lorpugo
Lorpugo collected $0.11 from pot
Lorpugo: doesn't show hand 
*** SUMMARY ***
Total pot $0.11 | Rake $0 
Board [5s 8h 7s 3s]
Seat 1: EddiChu01 folded on the Turn
Seat 2: Cismo6 (button) folded before Flop (didn't bet)
Seat 3: TIMOZA (small blind) folded before Flop
Seat 4: Lorpugo (big blind) collected ($0.11)
Seat 5: JollyViK folded before Flop (didn't bet)
Seat 6: sergeyf132 folded before Flop (didn't bet)



PokerStars Hand #240642164496:  Hold'em No Limit ($0.01/$0.02 USD) - 2022/12/23 11:44:11 ET
Table 'Telamon II' 6-max Seat #3 is the button
Seat 1: EddiChu01 ($3.84 in chips) 
Seat 2: Cismo6 ($3.03 in chips) 
Seat 3: TIMOZA ($2 in chips) 
Seat 4: Lorpugo ($1.88 in chips) 
Seat 5: JollyViK ($2 in chips) 
Seat 6: sergeyf132 ($1.96 in chips) 
Lorpugo: posts small blind $0.01
JollyViK: posts big blind $0.02
*** HOLE CARDS ***
Dealt to Lorpugo [Jc 9d]
sergeyf132: folds 
EddiChu01: folds 
Cismo6: folds 
TIMOZA: folds 
Lorpugo: raises $0.04 to $0.06
JollyViK: folds 
Uncalled bet ($0.04) returned to Lorpugo
Lorpugo collected $0.04 from pot
Lorpugo: doesn't show hand 
*** SUMMARY ***
Total pot $0.04 | Rake $0 
Seat 1: EddiChu01 folded before Flop (didn't bet)
Seat 2: Cismo6 folded before Flop (didn't bet)
Seat 3: TIMOZA (button) folded before Flop (didn't bet)
Seat 4: Lorpugo (small blind) collected ($0.04)
Seat 5: JollyViK (big blind) folded before Flop
Seat 6: sergeyf132 folded before Flop (didn't bet)



PokerStars Hand #240642169339:  Hold'em No Limit ($0.01/$0.02 USD) - 2022/12/23 11:44:27 ET
Table 'Telamon II' 6-max Seat #4 is the button
Seat 1: EddiChu01 ($3.84 in chips) 
Seat 2: Cismo6 ($3.03 in chips) 
Seat 3: TIMOZA ($2 in chips) 
Seat 4: Lorpugo ($1.90 in chips) 
Seat 5: JollyViK ($2 in chips) 
Seat 6: sergeyf132 ($1.96 in chips) 
JollyViK: posts small blind $0.01
sergeyf132: posts big blind $0.02
*** HOLE CARDS ***
Dealt to Lorpugo [8h Qh]
EddiChu01: folds 
Cismo6: calls $0.02
TIMOZA: raises $0.03 to $0.05
Lorpugo: calls $0.05
JollyViK: folds 
sergeyf132: calls $0.03
Cismo6: calls $0.03
*** FLOP *** [4c 5s 3d]
sergeyf132: checks 
Cismo6: checks 
TIMOZA: checks 
Lorpugo: checks 
*** TURN *** [4c 5s 3d] [2s]
sergeyf132: bets $0.20
Cismo6: folds 
TIMOZA: calls $0.20
Lorpugo: folds 
*** RIVER *** [4c 5s 3d 2s] [6h]
sergeyf132: bets $0.59
TIMOZA: folds 
Uncalled bet ($0.59) returned to sergeyf132
sergeyf132 collected $0.59 from pot
sergeyf132: doesn't show hand 
*** SUMMARY ***
Total pot $0.61 | Rake $0.02 
Board [4c 5s 3d 2s 6h]
Seat 1: EddiChu01 folded before Flop (didn't bet)
Seat 2: Cismo6 folded on the Turn
Seat 3: TIMOZA folded on the River
Seat 4: Lorpugo (button) folded on the Turn
Seat 5: JollyViK (small blind) folded before Flop
Seat 6: sergeyf132 (big blind) collected ($0.59)



PokerStars Hand #240642187537:  Hold'em No Limit ($0.01/$0.02 USD) - 2022/12/23 11:45:27 ET
Table 'Telamon II' 6-max Seat #5 is the button
Seat 1: EddiChu01 ($3.84 in chips) 
Seat 2: Cismo6 ($2.98 in chips) 
Seat 3: TIMOZA ($2 in chips) 
Seat 4: Lorpugo ($1.85 in chips) 
Seat 5: JollyViK ($2 in chips) 
Seat 6: sergeyf132 ($2.30 in chips) 
sergeyf132: posts small blind $0.01
EddiChu01: posts big blind $0.02
*** HOLE CARDS ***
Dealt to Lorpugo [3c Ad]
Cismo6: raises $0.02 to $0.04
TIMOZA: folds 
Lorpugo: folds 
JollyViK: folds 
sergeyf132: folds 
EddiChu01: calls $0.02
*** FLOP *** [4c 5c 8c]
EddiChu01: checks 
Cismo6: checks 
*** TURN *** [4c 5c 8c] [Td]
EddiChu01: bets $0.07
Cismo6: folds 
Uncalled bet ($0.07) returned to EddiChu01
EddiChu01 collected $0.09 from pot
EddiChu01: doesn't show hand 
*** SUMMARY ***
Total pot $0.09 | Rake $0 
Board [4c 5c 8c Td]
Seat 1: EddiChu01 (big blind) collected ($0.09)
Seat 2: Cismo6 folded on the Turn
Seat 3: TIMOZA folded before Flop (didn't bet)
Seat 4: Lorpugo folded before Flop (didn't bet)
Seat 5: JollyViK (button) folded before Flop (didn't bet)
Seat 6: sergeyf132 (small blind) folded before Flop



PokerStars Hand #240642194328:  Hold'em No Limit ($0.01/$0.02 USD) - 2022/12/23 11:45:50 ET
Table 'Telamon II' 6-max Seat #6 is the button
Seat 1: EddiChu01 ($3.89 in chips) 
Seat 2: Cismo6 ($2.94 in chips) 
Seat 3: TIMOZA ($2 in chips) 
Seat 4: Lorpugo ($1.85 in chips) 
Seat 5: JollyViK ($2 in chips) 
Seat 6: sergeyf132 ($2.29 in chips) 
EddiChu01: posts small blind $0.01
Cismo6: posts big blind $0.02
*** HOLE CARDS ***
Dealt to Lorpugo [8c Jd]
TIMOZA: folds 
Lorpugo: folds 
JollyViK: folds 
sergeyf132: folds 
EddiChu01: folds 
Uncalled bet ($0.01) returned to Cismo6
Cismo6 collected $0.02 from pot
*** SUMMARY ***
Total pot $0.02 | Rake $0 
Seat 1: EddiChu01 (small blind) folded before Flop
Seat 2: Cismo6 (big blind) collected ($0.02)
Seat 3: TIMOZA folded before Flop (didn't bet)
Seat 4: Lorpugo folded before Flop (didn't bet)
Seat 5: JollyViK folded before Flop (didn't bet)
Seat 6: sergeyf132 (button) folded before Flop (didn't bet)



PokerStars Hand #240642201470:  Hold'em No Limit ($0.01/$0.02 USD) - 2022/12/23 11:46:13 ET
Table 'Telamon II' 6-max Seat #1 is the button
Seat 1: EddiChu01 ($3.88 in chips) 
Seat 2: Cismo6 ($2.95 in chips) 
Seat 3: TIMOZA ($2 in chips) 
Seat 4: Lorpugo ($1.85 in chips) 
Seat 5: JollyViK ($2 in chips) 
Seat 6: sergeyf132 ($2.29 in chips) 
Cismo6: posts small blind $0.01
TIMOZA: posts big blind $0.02
*** HOLE CARDS ***
Dealt to Lorpugo [As 9c]
Lorpugo: folds 
JollyViK: raises $0.03 to $0.05
sergeyf132: folds 
EddiChu01: folds 
Cismo6: calls $0.04
TIMOZA: folds 
*** FLOP *** [9d 9h 3h]
Cismo6: checks 
JollyViK: checks 
*** TURN *** [9d 9h 3h] [Jh]
Cismo6: checks 
JollyViK: checks 
*** RIVER *** [9d 9h 3h Jh] [4c]
Cismo6: checks 
JollyViK: checks 
*** SHOW DOWN ***
Cismo6: shows [6d Qd] (a pair of Nines)
JollyViK: mucks hand 
Cismo6 collected $0.12 from pot
*** SUMMARY ***
Total pot $0.12 | Rake $0 
Board [9d 9h 3h Jh 4c]
Seat 1: EddiChu01 (button) folded before Flop (didn't bet)
Seat 2: Cismo6 (small blind) showed [6d Qd] and won ($0.12) with a pair of Nines
Seat 3: TIMOZA (big blind) folded before Flop
Seat 4: Lorpugo folded before Flop (didn't bet)
Seat 5: JollyViK mucked [8c 7c]
Seat 6: sergeyf132 folded before Flop (didn't bet)



PokerStars Hand #240642208365:  Hold'em No Limit ($0.01/$0.02 USD) - 2022/12/23 11:46:36 ET
Table 'Telamon II' 6-max Seat #2 is the button
Seat 1: EddiChu01 ($3.88 in chips) 
Seat 2: Cismo6 ($3.02 in chips) 
Seat 3: TIMOZA ($2 in chips) 
Seat 4: Lorpugo ($1.85 in chips) 
Seat 5: JollyViK ($2 in chips) 
Seat 6: sergeyf132 ($2.29 in chips) 
TIMOZA: posts small blind $0.01
Lorpugo: posts big blind $0.02
*** HOLE CARDS ***
Dealt to Lorpugo [9s 4c]
JollyViK: folds 
sergeyf132: folds 
EddiChu01 has timed out
EddiChu01: folds 
Cismo6: folds 
TIMOZA: folds 
Uncalled bet ($0.01) returned to Lorpugo
Lorpugo collected $0.02 from pot
Lorpugo: doesn't show hand 
*** SUMMARY ***
Total pot $0.02 | Rake $0 
Seat 1: EddiChu01 folded before Flop (didn't bet)
Seat 2: Cismo6 (button) folded before Flop (didn't bet)
Seat 3: TIMOZA (small blind) folded before Flop
Seat 4: Lorpugo (big blind) collected ($0.02)
Seat 5: JollyViK folded before Flop (didn't bet)
Seat 6: sergeyf132 folded before Flop (didn't bet)



PokerStars Hand #240642214199:  Hold'em No Limit ($0.01/$0.02 USD) - 2022/12/23 11:46:55 ET
Table 'Telamon II' 6-max Seat #3 is the button
Seat 1: EddiChu01 ($3.88 in chips) 
Seat 2: Cismo6 ($3.02 in chips) 
Seat 3: TIMOZA ($2 in chips) 
Seat 4: Lorpugo ($1.86 in chips) 
Seat 5: JollyViK ($2 in chips) 
Seat 6: sergeyf132 ($2.29 in chips) 
Lorpugo: posts small blind $0.01
JollyViK: posts big blind $0.02
*** HOLE CARDS ***
Dealt to Lorpugo [Jc 2c]
sergeyf132: raises $0.04 to $0.06
EddiChu01: folds 
Cismo6: folds 
TIMOZA: folds 
Lorpugo: folds 
JollyViK: folds 
Uncalled bet ($0.04) returned to sergeyf132
sergeyf132 collected $0.05 from pot
*** SUMMARY ***
Total pot $0.05 | Rake $0 
Seat 1: EddiChu01 folded before Flop (didn't bet)
Seat 2: Cismo6 folded before Flop (didn't bet)
Seat 3: TIMOZA (button) folded before Flop (didn't bet)
Seat 4: Lorpugo (small blind) folded before Flop
Seat 5: JollyViK (big blind) folded before Flop
Seat 6: sergeyf132 collected ($0.05)



PokerStars Hand #240642217646:  Hold'em No Limit ($0.01/$0.02 USD) - 2022/12/23 11:47:06 ET
Table 'Telamon II' 6-max Seat #4 is the button
Seat 1: EddiChu01 ($3.88 in chips) 
Seat 2: Cismo6 ($3.02 in chips) 
Seat 3: TIMOZA ($2 in chips) 
Seat 4: Lorpugo ($1.85 in chips) 
Seat 5: JollyViK ($2 in chips) 
Seat 6: sergeyf132 ($2.32 in chips) 
JollyViK: posts small blind $0.01
sergeyf132: posts big blind $0.02
*** HOLE CARDS ***
Dealt to Lorpugo [7d 3h]
EddiChu01: folds 
Cismo6: calls $0.02
TIMOZA: folds 
Lorpugo: folds 
JollyViK: folds 
sergeyf132: checks 
*** FLOP *** [5d 2h Jd]
sergeyf132: checks 
Cismo6: checks 
*** TURN *** [5d 2h Jd] [6h]
sergeyf132: checks 
Cismo6: checks 
*** RIVER *** [5d 2h Jd 6h] [9h]
sergeyf132: checks 
Cismo6: checks 
*** SHOW DOWN ***
sergeyf132: shows [6c Kc] (a pair of Sixes)
Cismo6: mucks hand 
sergeyf132 collected $0.05 from pot
*** SUMMARY ***
Total pot $0.05 | Rake $0 
Board [5d 2h Jd 6h 9h]
Seat 1: EddiChu01 folded before Flop (didn't bet)
Seat 2: Cismo6 mucked [Kd Th]
Seat 3: TIMOZA folded before Flop (didn't bet)
Seat 4: Lorpugo (button) folded before Flop (didn't bet)
Seat 5: JollyViK (small blind) folded before Flop
Seat 6: sergeyf132 (big blind) showed [6c Kc] and won ($0.05) with a pair of Sixes



PokerStars Hand #240642228641:  Hold'em No Limit ($0.01/$0.02 USD) - 2022/12/23 11:47:41 ET
Table 'Telamon II' 6-max Seat #5 is the button
Seat 1: EddiChu01 ($3.88 in chips) 
Seat 2: Cismo6 ($3 in chips) 
Seat 3: TIMOZA ($2 in chips) 
Seat 4: Lorpugo ($1.85 in chips) 
Seat 5: JollyViK ($2 in chips) 
Seat 6: sergeyf132 ($2.35 in chips) 
sergeyf132: posts small blind $0.01
EddiChu01: posts big blind $0.02
*** HOLE CARDS ***
Dealt to Lorpugo [8c Ad]
Cismo6: folds 
TIMOZA: folds 
Lorpugo: raises $0.04 to $0.06
JollyViK: folds 
sergeyf132: folds 
EddiChu01: calls $0.04
*** FLOP *** [5c Ks Qh]
EddiChu01: checks 
Lorpugo: checks 
*** TURN *** [5c Ks Qh] [6s]
EddiChu01: bets $0.20
Lorpugo: folds 
Uncalled bet ($0.20) returned to EddiChu01
EddiChu01 collected $0.13 from pot
EddiChu01: doesn't show hand 
*** SUMMARY ***
Total pot $0.13 | Rake $0 
Board [5c Ks Qh 6s]
Seat 1: EddiChu01 (big blind) collected ($0.13)
Seat 2: Cismo6 folded before Flop (didn't bet)
Seat 3: TIMOZA folded before Flop (didn't bet)
Seat 4: Lorpugo folded on the Turn
Seat 5: JollyViK (button) folded before Flop (didn't bet)
Seat 6: sergeyf132 (small blind) folded before Flop



PokerStars Hand #240642239530:  Hold'em No Limit ($0.01/$0.02 USD) - 2022/12/23 11:48:16 ET
Table 'Telamon II' 6-max Seat #6 is the button
Seat 1: EddiChu01 ($3.95 in chips) 
Seat 2: Cismo6 ($3 in chips) 
Seat 3: TIMOZA ($2 in chips) 
Seat 4: Lorpugo ($1.79 in chips) 
Seat 5: JollyViK ($2 in chips) 
Seat 6: sergeyf132 ($2.34 in chips) 
EddiChu01: posts small blind $0.01
Cismo6: posts big blind $0.02
*** HOLE CARDS ***
Dealt to Lorpugo [8h Ad]
TIMOZA: folds 
Lorpugo: raises $0.04 to $0.06
JollyViK: folds 
sergeyf132: calls $0.06
EddiChu01: folds 
Cismo6: folds 
*** FLOP *** [4s 4c 2h]
Lorpugo: bets $0.07
sergeyf132: raises $0.07 to $0.14
Lorpugo: calls $0.07
*** TURN *** [4s 4c 2h] [Qd]
Lorpugo: checks 
sergeyf132: bets $0.41
Lorpugo: folds 
Uncalled bet ($0.41) returned to sergeyf132
sergeyf132 collected $0.41 from pot
sergeyf132: doesn't show hand 
*** SUMMARY ***
Total pot $0.43 | Rake $0.02 
Board [4s 4c 2h Qd]
Seat 1: EddiChu01 (small blind) folded before Flop
Seat 2: Cismo6 (big blind) folded before Flop
Seat 3: TIMOZA folded before Flop (didn't bet)
Seat 4: Lorpugo folded on the Turn
Seat 5: JollyViK folded before Flop (didn't bet)
Seat 6: sergeyf132 (button) collected ($0.41)



PokerStars Hand #240642251321:  Hold'em No Limit ($0.01/$0.02 USD) - 2022/12/23 11:48:54 ET
Table 'Telamon II' 6-max Seat #1 is the button
Seat 1: EddiChu01 ($3.94 in chips) 
Seat 2: Cismo6 ($2.98 in chips) 
Seat 3: TIMOZA ($2 in chips) 
Seat 4: Lorpugo ($1.59 in chips) 
Seat 5: JollyViK ($2 in chips) 
Seat 6: sergeyf132 ($2.55 in chips) 
Cismo6: posts small blind $0.01
TIMOZA: posts big blind $0.02
*** HOLE CARDS ***
Dealt to Lorpugo [Jh 2c]
Lorpugo: folds 
JollyViK: folds 
sergeyf132: raises $0.02 to $0.04
EddiChu01: folds 
Cismo6: calls $0.03
TIMOZA: calls $0.02
*** FLOP *** [8h Th 3s]
Cismo6: checks 
TIMOZA: checks 
sergeyf132: checks 
*** TURN *** [8h Th 3s] [Qd]
Cismo6: checks 
TIMOZA: checks 
sergeyf132: checks 
*** RIVER *** [8h Th 3s Qd] [3h]
Cismo6: checks 
TIMOZA: checks 
sergeyf132: bets $0.12
Cismo6: folds 
TIMOZA: folds 
Uncalled bet ($0.12) returned to sergeyf132
sergeyf132 collected $0.12 from pot
sergeyf132: doesn't show hand 
*** SUMMARY ***
Total pot $0.12 | Rake $0 
Board [8h Th 3s Qd 3h]
Seat 1: EddiChu01 (button) folded before Flop (didn't bet)
Seat 2: Cismo6 (small blind) folded on the River
Seat 3: TIMOZA (big blind) folded on the River
Seat 4: Lorpugo folded before Flop (didn't bet)
Seat 5: JollyViK folded before Flop (didn't bet)
Seat 6: sergeyf132 collected ($0.12)



PokerStars Hand #240642270721:  Hold'em No Limit ($0.01/$0.02 USD) - 2022/12/23 11:49:56 ET
Table 'Telamon II' 6-max Seat #2 is the button
Seat 1: EddiChu01 ($3.94 in chips) 
Seat 2: Cismo6 ($2.94 in chips) 
Seat 3: TIMOZA ($2 in chips) 
Seat 4: Lorpugo ($1.59 in chips) 
Seat 5: JollyViK ($2 in chips) 
Seat 6: sergeyf132 ($2.63 in chips) 
TIMOZA: posts small blind $0.01
Lorpugo: posts big blind $0.02
*** HOLE CARDS ***
Dealt to Lorpugo [Ah 4h]
JollyViK: folds 
sergeyf132: folds 
EddiChu01: raises $0.03 to $0.05
Cismo6: folds 
TIMOZA: calls $0.04
Lorpugo: calls $0.03
*** FLOP *** [Ts 4c Ks]
TIMOZA has timed out
TIMOZA: checks 
Lorpugo: checks 
EddiChu01: checks 
*** TURN *** [Ts 4c Ks] [9s]
TIMOZA has timed out
TIMOZA: checks 
Lorpugo: checks 
EddiChu01: bets $0.06
TIMOZA: folds 
Lorpugo: folds 
Uncalled bet ($0.06) returned to EddiChu01
EddiChu01 collected $0.14 from pot
EddiChu01: doesn't show hand 
*** SUMMARY ***
Total pot $0.15 | Rake $0.01 
Board [Ts 4c Ks 9s]
Seat 1: EddiChu01 collected ($0.14)
Seat 2: Cismo6 (button) folded before Flop (didn't bet)
Seat 3: TIMOZA (small blind) folded on the Turn
Seat 4: Lorpugo (big blind) folded on the Turn
Seat 5: JollyViK folded before Flop (didn't bet)
Seat 6: sergeyf132 folded before Flop (didn't bet)



PokerStars Hand #240642300866:  Hold'em No Limit ($0.01/$0.02 USD) - 2022/12/23 11:51:32 ET
Table 'Telamon II' 6-max Seat #3 is the button
Seat 1: EddiChu01 ($4.03 in chips) 
Seat 2: Cismo6 ($2.94 in chips) 
Seat 3: TIMOZA ($2 in chips) 
Seat 4: Lorpugo ($1.54 in chips) 
Seat 5: JollyViK ($2 in chips) 
Seat 6: sergeyf132 ($2.63 in chips) 
Lorpugo: posts small blind $0.01
JollyViK: posts big blind $0.02
*** HOLE CARDS ***
Dealt to Lorpugo [7s 2d]
sergeyf132: raises $0.04 to $0.06
EddiChu01: folds 
Cismo6: folds 
TIMOZA: folds 
Lorpugo: folds 
JollyViK: folds 
Uncalled bet ($0.04) returned to sergeyf132
sergeyf132 collected $0.05 from pot
sergeyf132: doesn't show hand 
*** SUMMARY ***
Total pot $0.05 | Rake $0 
Seat 1: EddiChu01 folded before Flop (didn't bet)
Seat 2: Cismo6 folded before Flop (didn't bet)
Seat 3: TIMOZA (button) folded before Flop (didn't bet)
Seat 4: Lorpugo (small blind) folded before Flop
Seat 5: JollyViK (big blind) folded before Flop
Seat 6: sergeyf132 collected ($0.05)



PokerStars Hand #240642308451:  Hold'em No Limit ($0.01/$0.02 USD) - 2022/12/23 11:51:57 ET
Table 'Telamon II' 6-max Seat #4 is the button
Seat 1: EddiChu01 ($4.03 in chips) 
Seat 2: Cismo6 ($2.94 in chips) 
Seat 4: Lorpugo ($1.53 in chips) 
Seat 5: JollyViK ($2 in chips) 
Seat 6: sergeyf132 ($2.66 in chips) 
JollyViK: posts small blind $0.01
sergeyf132: posts big blind $0.02
*** HOLE CARDS ***
Dealt to Lorpugo [Ks 5h]
EddiChu01: raises $0.03 to $0.05
Cismo6: calls $0.05
Lorpugo: folds 
JollyViK: folds 
sergeyf132: folds 
*** FLOP *** [7s Qc 7d]
EddiChu01: bets $0.06
Cismo6: folds 
Uncalled bet ($0.06) returned to EddiChu01
EddiChu01 collected $0.13 from pot
EddiChu01: doesn't show hand 
*** SUMMARY ***
Total pot $0.13 | Rake $0 
Board [7s Qc 7d]
Seat 1: EddiChu01 collected ($0.13)
Seat 2: Cismo6 folded on the Flop
Seat 4: Lorpugo (button) folded before Flop (didn't bet)
Seat 5: JollyViK (small blind) folded before Flop
Seat 6: sergeyf132 (big blind) folded before Flop



PokerStars Hand #240642316091:  Hold'em No Limit ($0.01/$0.02 USD) - 2022/12/23 11:52:21 ET
Table 'Telamon II' 6-max Seat #5 is the button
Seat 1: EddiChu01 ($4.11 in chips) 
Seat 2: Cismo6 ($2.89 in chips) 
Seat 4: Lorpugo ($1.53 in chips) 
Seat 5: JollyViK ($2 in chips) 
Seat 6: sergeyf132 ($2.64 in chips) 
sergeyf132: posts small blind $0.01
EddiChu01: posts big blind $0.02
*** HOLE CARDS ***
Dealt to Lorpugo [3d 6s]
Cismo6: folds 
Lorpugo: folds 
JollyViK: raises $0.03 to $0.05
sergeyf132: folds 
EddiChu01: calls $0.03
*** FLOP *** [9h Qd 6h]
EddiChu01: checks 
JollyViK: checks 
*** TURN *** [9h Qd 6h] [5s]
EddiChu01: checks 
JollyViK: checks 
*** RIVER *** [9h Qd 6h 5s] [4h]
EddiChu01: checks 
JollyViK: checks 
*** SHOW DOWN ***
EddiChu01: shows [Js Ah] (high card Ace)
JollyViK: shows [9s Ts] (a pair of Nines)
JollyViK collected $0.11 from pot
*** SUMMARY ***
Total pot $0.11 | Rake $0 
Board [9h Qd 6h 5s 4h]
Seat 1: EddiChu01 (big blind) showed [Js Ah] and lost with high card Ace
Seat 2: Cismo6 folded before Flop (didn't bet)
Seat 4: Lorpugo folded before Flop (didn't bet)
Seat 5: JollyViK (button) showed [9s Ts] and won ($0.11) with a pair of Nines
Seat 6: sergeyf132 (small blind) folded before Flop



PokerStars Hand #240642327318:  Hold'em No Limit ($0.01/$0.02 USD) - 2022/12/23 11:52:57 ET
Table 'Telamon II' 6-max Seat #6 is the button
Seat 1: EddiChu01 ($4.06 in chips) 
Seat 2: Cismo6 ($2.89 in chips) 
Seat 4: Lorpugo ($1.53 in chips) 
Seat 5: JollyViK ($2.06 in chips) 
Seat 6: sergeyf132 ($2.63 in chips) 
EddiChu01: posts small blind $0.01
Cismo6: posts big blind $0.02
*** HOLE CARDS ***
Dealt to Lorpugo [Ks 3s]
Lorpugo: folds 
JollyViK: folds 
sergeyf132: folds 
EddiChu01: folds 
Uncalled bet ($0.01) returned to Cismo6
Cismo6 collected $0.02 from pot
*** SUMMARY ***
Total pot $0.02 | Rake $0 
Seat 1: EddiChu01 (small blind) folded before Flop
Seat 2: Cismo6 (big blind) collected ($0.02)
Seat 4: Lorpugo folded before Flop (didn't bet)
Seat 5: JollyViK folded before Flop (didn't bet)
Seat 6: sergeyf132 (button) folded before Flop (didn't bet)



PokerStars Hand #240642330507:  Hold'em No Limit ($0.01/$0.02 USD) - 2022/12/23 11:53:07 ET
Table 'Telamon II' 6-max Seat #1 is the button
Seat 1: EddiChu01 ($4.05 in chips) 
Seat 2: Cismo6 ($2.90 in chips) 
Seat 4: Lorpugo ($1.53 in chips) 
Seat 5: JollyViK ($2.06 in chips) 
Seat 6: sergeyf132 ($2.63 in chips) 
Cismo6: posts small blind $0.01
Lorpugo: posts big blind $0.02
*** HOLE CARDS ***
Dealt to Lorpugo [4h Jd]
JollyViK: folds 
sergeyf132: raises $0.02 to $0.04
EddiChu01: folds 
Cismo6: folds 
Lorpugo: folds 
Uncalled bet ($0.02) returned to sergeyf132
sergeyf132 collected $0.05 from pot
sergeyf132: doesn't show hand 
*** SUMMARY ***
Total pot $0.05 | Rake $0 
Seat 1: EddiChu01 (button) folded before Flop (didn't bet)
Seat 2: Cismo6 (small blind) folded before Flop
Seat 4: Lorpugo (big blind) folded before Flop
Seat 5: JollyViK folded before Flop (didn't bet)
Seat 6: sergeyf132 collected ($0.05)



PokerStars Hand #240642334923:  Hold'em No Limit ($0.01/$0.02 USD) - 2022/12/23 11:53:21 ET
Table 'Telamon II' 6-max Seat #2 is the button
Seat 1: EddiChu01 ($4.05 in chips) 
Seat 2: Cismo6 ($2.89 in chips) 
Seat 4: Lorpugo ($1.51 in chips) 
Seat 5: JollyViK ($2.06 in chips) 
Seat 6: sergeyf132 ($2.66 in chips) 
Lorpugo: posts small blind $0.01
JollyViK: posts big blind $0.02
*** HOLE CARDS ***
Dealt to Lorpugo [6d Tc]
sergeyf132: raises $0.04 to $0.06
EddiChu01: folds 
Cismo6: calls $0.06
Lorpugo: folds 
JollyViK: folds 
*** FLOP *** [Td Qd Kd]
sergeyf132: checks 
Cismo6: checks 
*** TURN *** [Td Qd Kd] [6h]
sergeyf132: checks 
Cismo6: checks 
*** RIVER *** [Td Qd Kd 6h] [8h]
sergeyf132: checks 
Cismo6: checks 
*** SHOW DOWN ***
sergeyf132: shows [As Qc] (a pair of Queens)
Cismo6: mucks hand 
sergeyf132 collected $0.14 from pot
*** SUMMARY ***
Total pot $0.15 | Rake $0.01 
Board [Td Qd Kd 6h 8h]
Seat 1: EddiChu01 folded before Flop (didn't bet)
Seat 2: Cismo6 (button) mucked [Js 8s]
Seat 4: Lorpugo (small blind) folded before Flop
Seat 5: JollyViK (big blind) folded before Flop
Seat 6: sergeyf132 showed [As Qc] and won ($0.14) with a pair of Queens



PokerStars Hand #240642342640:  Hold'em No Limit ($0.01/$0.02 USD) - 2022/12/23 11:53:45 ET
Table 'Telamon II' 6-max Seat #4 is the button
Seat 1: EddiChu01 ($4.05 in chips) 
Seat 2: Cismo6 ($2.83 in chips) 
Seat 4: Lorpugo ($1.50 in chips) 
Seat 5: JollyViK ($2.04 in chips) 
Seat 6: sergeyf132 ($2.74 in chips) 
JollyViK: posts small blind $0.01
sergeyf132: posts big blind $0.02
*** HOLE CARDS ***
Dealt to Lorpugo [Ks 5d]
EddiChu01: folds 
Cismo6: calls $0.02
Lorpugo: folds 
JollyViK: folds 
sergeyf132: checks 
*** FLOP *** [9h 9s 2h]
sergeyf132: checks 
Cismo6: checks 
*** TURN *** [9h 9s 2h] [7s]
sergeyf132: checks 
Cismo6: checks 
*** RIVER *** [9h 9s 2h 7s] [3h]
sergeyf132: checks 
Cismo6: checks 
*** SHOW DOWN ***
sergeyf132: shows [Qc 8s] (a pair of Nines)
Cismo6: shows [Ts 3s] (two pair, Nines and Threes)
Cismo6 collected $0.05 from pot
*** SUMMARY ***
Total pot $0.05 | Rake $0 
Board [9h 9s 2h 7s 3h]
Seat 1: EddiChu01 folded before Flop (didn't bet)
Seat 2: Cismo6 showed [Ts 3s] and won ($0.05) with two pair, Nines and Threes
Seat 4: Lorpugo (button) folded before Flop (didn't bet)
Seat 5: JollyViK (small blind) folded before Flop
Seat 6: sergeyf132 (big blind) showed [Qc 8s] and lost with a pair of Nines



PokerStars Hand #240642351262:  Hold'em No Limit ($0.01/$0.02 USD) - 2022/12/23 11:54:13 ET
Table 'Telamon II' 6-max Seat #5 is the button
Seat 1: EddiChu01 ($4.05 in chips) 
Seat 2: Cismo6 ($2.86 in chips) 
Seat 4: Lorpugo ($1.50 in chips) 
Seat 5: JollyViK ($2.03 in chips) 
Seat 6: sergeyf132 ($2.72 in chips) 
sergeyf132: posts small blind $0.01
EddiChu01: posts big blind $0.02
*** HOLE CARDS ***
Dealt to Lorpugo [5d 4h]
Cismo6: calls $0.02
Lorpugo: folds 
JollyViK: folds 
sergeyf132: raises $0.02 to $0.04
EddiChu01: folds 
Cismo6: calls $0.02
*** FLOP *** [Ah Qc 3d]
sergeyf132: checks 
Cismo6: checks 
*** TURN *** [Ah Qc 3d] [4s]
sergeyf132: checks 
Cismo6: checks 
*** RIVER *** [Ah Qc 3d 4s] [Tc]
sergeyf132: checks 
Cismo6: checks 
*** SHOW DOWN ***
sergeyf132: shows [Td Jd] (a pair of Tens)
Cismo6: mucks hand 
sergeyf132 collected $0.10 from pot
*** SUMMARY ***
Total pot $0.10 | Rake $0 
Board [Ah Qc 3d 4s Tc]
Seat 1: EddiChu01 (big blind) folded before Flop
Seat 2: Cismo6 mucked [4c Jc]
Seat 4: Lorpugo folded before Flop (didn't bet)
Seat 5: JollyViK (button) folded before Flop (didn't bet)
Seat 6: sergeyf132 (small blind) showed [Td Jd] and won ($0.10) with a pair of Tens



PokerStars Hand #240642359659:  Hold'em No Limit ($0.01/$0.02 USD) - 2022/12/23 11:54:39 ET
Table 'Telamon II' 6-max Seat #6 is the button
Seat 1: EddiChu01 ($4.03 in chips) 
Seat 2: Cismo6 ($2.82 in chips) 
Seat 4: Lorpugo ($1.50 in chips) 
Seat 5: JollyViK ($2.03 in chips) 
Seat 6: sergeyf132 ($2.78 in chips) 
EddiChu01: posts small blind $0.01
Cismo6: posts big blind $0.02
*** HOLE CARDS ***
Dealt to Lorpugo [5c 3d]
Lorpugo: folds 
JollyViK: folds 
sergeyf132: folds 
EddiChu01: folds 
Uncalled bet ($0.01) returned to Cismo6
Cismo6 collected $0.02 from pot
*** SUMMARY ***
Total pot $0.02 | Rake $0 
Seat 1: EddiChu01 (small blind) folded before Flop
Seat 2: Cismo6 (big blind) collected ($0.02)
Seat 4: Lorpugo folded before Flop (didn't bet)
Seat 5: JollyViK folded before Flop (didn't bet)
Seat 6: sergeyf132 (button) folded before Flop (didn't bet)



PokerStars Hand #240642361746:  Hold'em No Limit ($0.01/$0.02 USD) - 2022/12/23 11:54:46 ET
Table 'Telamon II' 6-max Seat #1 is the button
Seat 1: EddiChu01 ($4.02 in chips) 
Seat 2: Cismo6 ($2.83 in chips) 
Seat 4: Lorpugo ($1.50 in chips) 
Seat 5: JollyViK ($2.03 in chips) 
Seat 6: sergeyf132 ($2.78 in chips) 
Cismo6: posts small blind $0.01
Lorpugo: posts big blind $0.02
*** HOLE CARDS ***
Dealt to Lorpugo [8d Ts]
JollyViK: folds 
sergeyf132: folds 
EddiChu01: raises $0.03 to $0.05
Cismo6: raises $0.03 to $0.08
Lorpugo: folds 
EddiChu01: calls $0.03
*** FLOP *** [7d Td Qc]
Cismo6: bets $0.02
EddiChu01: raises $0.08 to $0.10
Cismo6: raises $0.08 to $0.18
EddiChu01: calls $0.08
*** TURN *** [7d Td Qc] [3d]
Cismo6: bets $0.02
EddiChu01: calls $0.02
*** RIVER *** [7d Td Qc 3d] [7s]
Cismo6: bets $0.02
EddiChu01: calls $0.02
*** SHOW DOWN ***
Cismo6: shows [Kh Kd] (two pair, Kings and Sevens)
EddiChu01: mucks hand 
Cismo6 collected $0.60 from pot
*** SUMMARY ***
Total pot $0.62 | Rake $0.02 
Board [7d Td Qc 3d 7s]
Seat 1: EddiChu01 (button) mucked [Qs Ac]
Seat 2: Cismo6 (small blind) showed [Kh Kd] and won ($0.60) with two pair, Kings and Sevens
Seat 4: Lorpugo (big blind) folded before Flop
Seat 5: JollyViK folded before Flop (didn't bet)
Seat 6: sergeyf132 folded before Flop (didn't bet)



PokerStars Hand #240642373865:  Hold'em No Limit ($0.01/$0.02 USD) - 2022/12/23 11:55:29 ET
Table 'Telamon II' 6-max Seat #2 is the button
Seat 1: EddiChu01 ($3.72 in chips) 
Seat 2: Cismo6 ($3.13 in chips) 
Seat 4: Lorpugo ($1.48 in chips) 
Seat 5: JollyViK ($2.03 in chips) 
Seat 6: sergeyf132 ($2.78 in chips) 
Lorpugo: posts small blind $0.01
JollyViK: posts big blind $0.02
*** HOLE CARDS ***
Dealt to Lorpugo [4c 9h]
sergeyf132: folds 
EddiChu01: folds 
Cismo6: calls $0.02
Lorpugo: folds 
JollyViK: checks 
*** FLOP *** [Ts 4d 5h]
JollyViK: checks 
Cismo6: checks 
*** TURN *** [Ts 4d 5h] [Ah]
JollyViK: checks 
Cismo6: checks 
*** RIVER *** [Ts 4d 5h Ah] [6c]
JollyViK: checks 
Cismo6: checks 
*** SHOW DOWN ***
JollyViK: shows [5c Qd] (a pair of Fives)
Cismo6: mucks hand 
JollyViK collected $0.05 from pot
*** SUMMARY ***
Total pot $0.05 | Rake $0 
Board [Ts 4d 5h Ah 6c]
Seat 1: EddiChu01 folded before Flop (didn't bet)
Seat 2: Cismo6 (button) mucked [4s Jd]
Seat 4: Lorpugo (small blind) folded before Flop
Seat 5: JollyViK (big blind) showed [5c Qd] and won ($0.05) with a pair of Fives
Seat 6: sergeyf132 folded before Flop (didn't bet)



PokerStars Hand #240642384057:  Hold'em No Limit ($0.01/$0.02 USD) - 2022/12/23 11:56:09 ET
Table 'Telamon II' 6-max Seat #4 is the button
Seat 1: EddiChu01 ($3.72 in chips) 
Seat 2: Cismo6 ($3.11 in chips) 
Seat 4: Lorpugo ($1.47 in chips) 
Seat 5: JollyViK ($2.06 in chips) 
Seat 6: sergeyf132 ($2.78 in chips) 
JollyViK: posts small blind $0.01
sergeyf132: posts big blind $0.02
*** HOLE CARDS ***
Dealt to Lorpugo [8c 2h]
EddiChu01: folds 
Cismo6: raises $0.02 to $0.04
Lorpugo: folds 
JollyViK: raises $0.18 to $0.22
sergeyf132: folds 
Cismo6: calls $0.18
*** FLOP *** [9s 7h 6c]
JollyViK: bets $0.29
Cismo6: calls $0.29
*** TURN *** [9s 7h 6c] [4d]
JollyViK: bets $0.67
Cismo6: folds 
Uncalled bet ($0.67) returned to JollyViK
JollyViK collected $1 from pot
*** SUMMARY ***
Total pot $1.04 | Rake $0.04 
Board [9s 7h 6c 4d]
Seat 1: EddiChu01 folded before Flop (didn't bet)
Seat 2: Cismo6 folded on the Turn
Seat 4: Lorpugo (button) folded before Flop (didn't bet)
Seat 5: JollyViK (small blind) collected ($1)
Seat 6: sergeyf132 (big blind) folded before Flop



PokerStars Hand #240642389313:  Hold'em No Limit ($0.01/$0.02 USD) - 2022/12/23 11:56:31 ET
Table 'Telamon II' 6-max Seat #5 is the button
Seat 1: EddiChu01 ($3.72 in chips) 
Seat 2: Cismo6 ($2.60 in chips) 
Seat 4: Lorpugo ($1.47 in chips) 
Seat 5: JollyViK ($2.55 in chips) 
Seat 6: sergeyf132 ($2.76 in chips) 
sergeyf132: posts small blind $0.01
EddiChu01: posts big blind $0.02
*** HOLE CARDS ***
Dealt to Lorpugo [3h Ks]
Cismo6: raises $0.02 to $0.04
Lorpugo: folds 
JollyViK: folds 
sergeyf132: folds 
EddiChu01: calls $0.02
*** FLOP *** [9h 3c 2s]
EddiChu01: checks 
Cismo6: checks 
*** TURN *** [9h 3c 2s] [5d]
EddiChu01: checks 
Cismo6: checks 
*** RIVER *** [9h 3c 2s 5d] [9c]
EddiChu01: checks 
Cismo6: checks 
*** SHOW DOWN ***
EddiChu01: shows [Jc Qc] (a pair of Nines)
Cismo6: shows [Kc As] (a pair of Nines - Ace kicker)
Cismo6 collected $0.09 from pot
*** SUMMARY ***
Total pot $0.09 | Rake $0 
Board [9h 3c 2s 5d 9c]
Seat 1: EddiChu01 (big blind) showed [Jc Qc] and lost with a pair of Nines
Seat 2: Cismo6 showed [Kc As] and won ($0.09) with a pair of Nines
Seat 4: Lorpugo folded before Flop (didn't bet)
Seat 5: JollyViK (button) folded before Flop (didn't bet)
Seat 6: sergeyf132 (small blind) folded before Flop



PokerStars Hand #240642395073:  Hold'em No Limit ($0.01/$0.02 USD) - 2022/12/23 11:56:54 ET
Table 'Telamon II' 6-max Seat #6 is the button
Seat 1: EddiChu01 ($3.68 in chips) 
Seat 2: Cismo6 ($2.65 in chips) 
Seat 4: Lorpugo ($1.47 in chips) 
Seat 5: JollyViK ($2.55 in chips) 
Seat 6: sergeyf132 ($2.75 in chips) 
EddiChu01: posts small blind $0.01
Cismo6: posts big blind $0.02
*** HOLE CARDS ***
Dealt to Lorpugo [Kd 2s]
Lorpugo: folds 
JollyViK: raises $0.04 to $0.06
sergeyf132: folds 
EddiChu01: folds 
Cismo6: folds 
Uncalled bet ($0.04) returned to JollyViK
JollyViK collected $0.05 from pot
*** SUMMARY ***
Total pot $0.05 | Rake $0 
Seat 1: EddiChu01 (small blind) folded before Flop
Seat 2: Cismo6 (big blind) folded before Flop
Seat 4: Lorpugo folded before Flop (didn't bet)
Seat 5: JollyViK collected ($0.05)
Seat 6: sergeyf132 (button) folded before Flop (didn't bet)



PokerStars Hand #240642399197:  Hold'em No Limit ($0.01/$0.02 USD) - 2022/12/23 11:57:10 ET
Table 'Telamon II' 6-max Seat #1 is the button
Seat 1: EddiChu01 ($3.67 in chips) 
Seat 2: Cismo6 ($2.63 in chips) 
Seat 4: Lorpugo ($1.47 in chips) 
Seat 5: JollyViK ($2.58 in chips) 
Seat 6: sergeyf132 ($2.75 in chips) 
Cismo6: posts small blind $0.01
Lorpugo: posts big blind $0.02
*** HOLE CARDS ***
Dealt to Lorpugo [7h 5h]
JollyViK: raises $0.04 to $0.06
sergeyf132: calls $0.06
EddiChu01: folds 
Cismo6: calls $0.05
Lorpugo: raises $0.24 to $0.30
JollyViK: folds 
sergeyf132: raises $2.45 to $2.75 and is all-in
Cismo6: folds 
TIMOZA leaves the table
Lorpugo: calls $1.17 and is all-in
Uncalled bet ($1.28) returned to sergeyf132
4oAses joins the table at seat #3 
*** FLOP *** [Js 3h 9d]
*** TURN *** [Js 3h 9d] [4s]
*** RIVER *** [Js 3h 9d 4s] [As]
*** SHOW DOWN ***
Lorpugo: shows [7h 5h] (high card Ace)
sergeyf132: shows [Ad Kc] (a pair of Aces)
sergeyf132 cashed out the hand for $1.72 | Cash Out Fee $0.02
*** SUMMARY ***
Total pot $3.06 | Rake $0.11 
Board [Js 3h 9d 4s As]
Seat 1: EddiChu01 (button) folded before Flop (didn't bet)
Seat 2: Cismo6 (small blind) folded before Flop
Seat 4: Lorpugo (big blind) showed [7h 5h] and lost with high card Ace
Seat 5: JollyViK folded before Flop
Seat 6: sergeyf132 showed [Ad Kc] and won ($2.95) with a pair of Aces (pot not awarded as player cashed out)



PokerStars Hand #240642418279:  Hold'em No Limit ($0.01/$0.02 USD) - 2022/12/23 11:58:27 ET
Table 'Telamon II' 6-max Seat #5 is the button
Seat 1: EddiChu01 ($3.67 in chips) 
Seat 2: Cismo6 ($2.49 in chips) 
Seat 4: Lorpugo ($1.60 in chips) 
Seat 5: JollyViK ($2.61 in chips) 
Seat 6: sergeyf132 ($2.98 in chips) 
sergeyf132: posts small blind $0.01
EddiChu01: posts big blind $0.02
Lorpugo: posts small blind $0.01
*** HOLE CARDS ***
Dealt to Lorpugo [Kc 7h]
Cismo6: raises $0.02 to $0.04
Lorpugo: folds 
JollyViK: folds 
sergeyf132: folds 
EddiChu01: calls $0.02
*** FLOP *** [Td Jh Qd]
EddiChu01: checks 
Cismo6: bets $0.02
EddiChu01: calls $0.02
*** TURN *** [Td Jh Qd] [8d]
EddiChu01: checks 
Cismo6: bets $0.92
EddiChu01: folds 
Uncalled bet ($0.92) returned to Cismo6
Cismo6 collected $0.14 from pot
*** SUMMARY ***
Total pot $0.14 | Rake $0 
Board [Td Jh Qd 8d]
Seat 1: EddiChu01 (big blind) folded on the Turn
Seat 2: Cismo6 collected ($0.14)
Seat 4: Lorpugo folded before Flop (didn't bet)
Seat 5: JollyViK (button) folded before Flop (didn't bet)
Seat 6: sergeyf132 (small blind) folded before Flop



PokerStars Hand #240642425325:  Hold'em No Limit ($0.01/$0.02 USD) - 2022/12/23 11:58:54 ET
Table 'Telamon II' 6-max Seat #6 is the button
Seat 1: EddiChu01 ($3.61 in chips) 
Seat 2: Cismo6 ($2.57 in chips) 
Seat 4: Lorpugo ($1.59 in chips) 
Seat 5: JollyViK ($2.61 in chips) 
Seat 6: sergeyf132 ($2.97 in chips) 
EddiChu01: posts small blind $0.01
Cismo6: posts big blind $0.02
*** HOLE CARDS ***
Dealt to Lorpugo [8d Ac]
Lorpugo: raises $0.04 to $0.06
JollyViK: folds 
sergeyf132: folds 
EddiChu01: folds 
Cismo6: folds 
Uncalled bet ($0.04) returned to Lorpugo
Lorpugo collected $0.05 from pot
Lorpugo: doesn't show hand 
*** SUMMARY ***
Total pot $0.05 | Rake $0 
Seat 1: EddiChu01 (small blind) folded before Flop
Seat 2: Cismo6 (big blind) folded before Flop
Seat 4: Lorpugo collected ($0.05)
Seat 5: JollyViK folded before Flop (didn't bet)
Seat 6: sergeyf132 (button) folded before Flop (didn't bet)



PokerStars Hand #240642427307:  Hold'em No Limit ($0.01/$0.02 USD) - 2022/12/23 11:59:02 ET
Table 'Telamon II' 6-max Seat #1 is the button
Seat 1: EddiChu01 ($3.60 in chips) 
Seat 2: Cismo6 ($2.55 in chips) 
Seat 3: 4oAses ($2 in chips) 
Seat 4: Lorpugo ($1.62 in chips) 
Seat 5: JollyViK ($2.61 in chips) 
Seat 6: sergeyf132 ($2.97 in chips) 
Cismo6: posts small blind $0.01
4oAses: posts big blind $0.02
*** HOLE CARDS ***
Dealt to Lorpugo [9h Jc]
Lorpugo: folds 
JollyViK: folds 
sergeyf132: folds 
EddiChu01: raises $0.03 to $0.05
Cismo6: folds 
4oAses: folds 
Uncalled bet ($0.03) returned to EddiChu01
EddiChu01 collected $0.05 from pot
EddiChu01: doesn't show hand 
*** SUMMARY ***
Total pot $0.05 | Rake $0 
Seat 1: EddiChu01 (button) collected ($0.05)
Seat 2: Cismo6 (small blind) folded before Flop
Seat 3: 4oAses (big blind) folded before Flop
Seat 4: Lorpugo folded before Flop (didn't bet)
Seat 5: JollyViK folded before Flop (didn't bet)
Seat 6: sergeyf132 folded before Flop (didn't bet)



PokerStars Hand #240642432601:  Hold'em No Limit ($0.01/$0.02 USD) - 2022/12/23 11:59:23 ET
Table 'Telamon II' 6-max Seat #2 is the button
Seat 1: EddiChu01 ($3.63 in chips) 
Seat 2: Cismo6 ($2.54 in chips) 
Seat 3: 4oAses ($2 in chips) 
Seat 4: Lorpugo ($1.62 in chips) 
Seat 5: JollyViK ($2.61 in chips) 
Seat 6: sergeyf132 ($2.97 in chips) 
4oAses: posts small blind $0.01
Lorpugo: posts big blind $0.02
*** HOLE CARDS ***
Dealt to Lorpugo [Kc Td]
JollyViK: folds 
sergeyf132: folds 
EddiChu01: folds 
Cismo6: folds 
4oAses: folds 
Uncalled bet ($0.01) returned to Lorpugo
Lorpugo collected $0.02 from pot
Lorpugo: doesn't show hand 
*** SUMMARY ***
Total pot $0.02 | Rake $0 
Seat 1: EddiChu01 folded before Flop (didn't bet)
Seat 2: Cismo6 (button) folded before Flop (didn't bet)
Seat 3: 4oAses (small blind) folded before Flop
Seat 4: Lorpugo (big blind) collected ($0.02)
Seat 5: JollyViK folded before Flop (didn't bet)
Seat 6: sergeyf132 folded before Flop (didn't bet)



PokerStars Hand #240642438081:  Hold'em No Limit ($0.01/$0.02 USD) - 2022/12/23 11:59:45 ET
Table 'Telamon II' 6-max Seat #3 is the button
Seat 1: EddiChu01 ($3.63 in chips) 
Seat 2: Cismo6 ($2.54 in chips) 
Seat 3: 4oAses ($2 in chips) 
Seat 4: Lorpugo ($1.63 in chips) 
Seat 5: JollyViK ($2.61 in chips) 
Seat 6: sergeyf132 ($2.97 in chips) 
Lorpugo: posts small blind $0.01
JollyViK: posts big blind $0.02
*** HOLE CARDS ***
Dealt to Lorpugo [7c Ah]
sergeyf132: raises $0.04 to $0.06
EddiChu01: folds 
Cismo6: calls $0.06
4oAses: folds 
Lorpugo: calls $0.05
JollyViK: folds 
*** FLOP *** [6c Kd Qh]
Lorpugo: checks 
sergeyf132: checks 
Cismo6: checks 
*** TURN *** [6c Kd Qh] [5c]
Lorpugo: checks 
sergeyf132: checks 
Cismo6: checks 
*** RIVER *** [6c Kd Qh 5c] [2s]
Lorpugo: checks 
sergeyf132: checks 
Cismo6: checks 
*** SHOW DOWN ***
Lorpugo: shows [7c Ah] (high card Ace)
sergeyf132: shows [Jh As] (high card Ace - King+Queen+Jack kicker)
Cismo6: mucks hand 
sergeyf132 collected $0.19 from pot
*** SUMMARY ***
Total pot $0.20 | Rake $0.01 
Board [6c Kd Qh 5c 2s]
Seat 1: EddiChu01 folded before Flop (didn't bet)
Seat 2: Cismo6 mucked [Ac Th]
Seat 3: 4oAses (button) folded before Flop (didn't bet)
Seat 4: Lorpugo (small blind) showed [7c Ah] and lost with high card Ace
Seat 5: JollyViK (big blind) folded before Flop
Seat 6: sergeyf132 showed [Jh As] and won ($0.19) with high card Ace



PokerStars Hand #240642450204:  Hold'em No Limit ($0.01/$0.02 USD) - 2022/12/23 12:00:32 ET
Table 'Telamon II' 6-max Seat #4 is the button
Seat 1: EddiChu01 ($3.63 in chips) 
Seat 2: Cismo6 ($2.48 in chips) 
Seat 3: 4oAses ($2 in chips) 
Seat 4: Lorpugo ($1.57 in chips) 
Seat 5: JollyViK ($2.59 in chips) 
Seat 6: sergeyf132 ($3.10 in chips) 
JollyViK: posts small blind $0.01
sergeyf132: posts big blind $0.02
*** HOLE CARDS ***
Dealt to Lorpugo [7c 4d]
EddiChu01: folds 
Cismo6: folds 
4oAses: folds 
Lorpugo: folds 
JollyViK: folds 
Uncalled bet ($0.01) returned to sergeyf132
sergeyf132 collected $0.02 from pot
sergeyf132: doesn't show hand 
*** SUMMARY ***
Total pot $0.02 | Rake $0 
Seat 1: EddiChu01 folded before Flop (didn't bet)
Seat 2: Cismo6 folded before Flop (didn't bet)
Seat 3: 4oAses folded before Flop (didn't bet)
Seat 4: Lorpugo (button) folded before Flop (didn't bet)
Seat 5: JollyViK (small blind) folded before Flop
Seat 6: sergeyf132 (big blind) collected ($0.02)



PokerStars Hand #240642454965:  Hold'em No Limit ($0.01/$0.02 USD) - 2022/12/23 12:00:49 ET
Table 'Telamon II' 6-max Seat #5 is the button
Seat 1: EddiChu01 ($3.63 in chips) 
Seat 2: Cismo6 ($2.48 in chips) 
Seat 3: 4oAses ($2 in chips) 
Seat 4: Lorpugo ($1.57 in chips) 
Seat 5: JollyViK ($2.58 in chips) 
Seat 6: sergeyf132 ($3.11 in chips) 
sergeyf132: posts small blind $0.01
EddiChu01: posts big blind $0.02
*** HOLE CARDS ***
Dealt to Lorpugo [Td Ts]
Cismo6: calls $0.02
4oAses: folds 
Lorpugo: raises $0.10 to $0.12
JollyViK: calls $0.12
sergeyf132: folds 
EddiChu01: folds 
Cismo6: calls $0.10
*** FLOP *** [Ah Tc 2d]
Cismo6: checks 
Lorpugo: bets $0.20
JollyViK: calls $0.20
Cismo6: folds 
*** TURN *** [Ah Tc 2d] [8d]
Lorpugo: bets $0.38
JollyViK: calls $0.38
*** RIVER *** [Ah Tc 2d 8d] [7d]
Lorpugo: bets $0.87 and is all-in
JollyViK: calls $0.87
*** SHOW DOWN ***
Lorpugo: shows [Td Ts] (three of a kind, Tens)
JollyViK: shows [9s As] (a pair of Aces)
Lorpugo collected $3.17 from pot
*** SUMMARY ***
Total pot $3.29 | Rake $0.12 
Board [Ah Tc 2d 8d 7d]
Seat 1: EddiChu01 (big blind) folded before Flop
Seat 2: Cismo6 folded on the Flop
Seat 3: 4oAses folded before Flop (didn't bet)
Seat 4: Lorpugo showed [Td Ts] and won ($3.17) with three of a kind, Tens
Seat 5: JollyViK (button) showed [9s As] and lost with a pair of Aces
Seat 6: sergeyf132 (small blind) folded before Flop



PokerStars Hand #240642469324:  Hold'em No Limit ($0.01/$0.02 USD) - 2022/12/23 12:01:38 ET
Table 'Telamon II' 6-max Seat #6 is the button
Seat 1: EddiChu01 ($3.61 in chips) 
Seat 2: Cismo6 ($2.36 in chips) 
Seat 3: 4oAses ($2 in chips) 
Seat 4: Lorpugo ($3.17 in chips) 
Seat 5: JollyViK ($2 in chips) 
Seat 6: sergeyf132 ($3.10 in chips) 
EddiChu01: posts small blind $0.01
Cismo6: posts big blind $0.02
*** HOLE CARDS ***
Dealt to Lorpugo [Kc 5s]
4oAses: folds 
Lorpugo: folds 
JollyViK: folds 
sergeyf132: folds 
EddiChu01: raises $0.04 to $0.06
Cismo6: folds 
Uncalled bet ($0.04) returned to EddiChu01
EddiChu01 collected $0.04 from pot
EddiChu01: doesn't show hand 
*** SUMMARY ***
Total pot $0.04 | Rake $0 
Seat 1: EddiChu01 (small blind) collected ($0.04)
Seat 2: Cismo6 (big blind) folded before Flop
Seat 3: 4oAses folded before Flop (didn't bet)
Seat 4: Lorpugo folded before Flop (didn't bet)
Seat 5: JollyViK folded before Flop (didn't bet)
Seat 6: sergeyf132 (button) folded before Flop (didn't bet)



PokerStars Hand #240642477980:  Hold'em No Limit ($0.01/$0.02 USD) - 2022/12/23 12:02:06 ET
Table 'Telamon II' 6-max Seat #1 is the button
Seat 1: EddiChu01 ($3.63 in chips) 
Seat 2: Cismo6 ($2.34 in chips) 
Seat 3: 4oAses ($2 in chips) 
Seat 4: Lorpugo ($3.17 in chips) 
Seat 5: JollyViK ($2 in chips) 
Seat 6: sergeyf132 ($3.10 in chips) 
Cismo6: posts small blind $0.01
4oAses: posts big blind $0.02
*** HOLE CARDS ***
Dealt to Lorpugo [As 4c]
Lorpugo: folds 
JollyViK: folds 
sergeyf132: folds 
EddiChu01: raises $0.03 to $0.05
Cismo6: calls $0.04
4oAses: folds 
*** FLOP *** [4s 9h 8d]
Cismo6: checks 
EddiChu01: checks 
*** TURN *** [4s 9h 8d] [8c]
Cismo6: checks 
EddiChu01: checks 
*** RIVER *** [4s 9h 8d 8c] [Ac]
Cismo6: checks 
EddiChu01: checks 
*** SHOW DOWN ***
Cismo6: shows [Kd 5c] (a pair of Eights)
EddiChu01: mucks hand 
Cismo6 collected $0.12 from pot
*** SUMMARY ***
Total pot $0.12 | Rake $0 
Board [4s 9h 8d 8c Ac]
Seat 1: EddiChu01 (button) mucked [Qd Jc]
Seat 2: Cismo6 (small blind) showed [Kd 5c] and won ($0.12) with a pair of Eights
Seat 3: 4oAses (big blind) folded before Flop
Seat 4: Lorpugo folded before Flop (didn't bet)
Seat 5: JollyViK folded before Flop (didn't bet)
Seat 6: sergeyf132 folded before Flop (didn't bet)



PokerStars Hand #240642486066:  Hold'em No Limit ($0.01/$0.02 USD) - 2022/12/23 12:02:31 ET
Table 'Telamon II' 6-max Seat #2 is the button
Seat 1: EddiChu01 ($3.58 in chips) 
Seat 2: Cismo6 ($2.41 in chips) 
Seat 3: 4oAses ($2 in chips) 
Seat 4: Lorpugo ($3.17 in chips) 
Seat 5: JollyViK ($2 in chips) 
Seat 6: sergeyf132 ($3.10 in chips) 
4oAses: posts small blind $0.01
Lorpugo: posts big blind $0.02
*** HOLE CARDS ***
Dealt to Lorpugo [Kh 7d]
JollyViK: folds 
sergeyf132: folds 
EddiChu01: folds 
Cismo6: raises $0.02 to $0.04
4oAses: folds 
Lorpugo: calls $0.02
*** FLOP *** [8d 2s Th]
Lorpugo: checks 
Cismo6: bets $0.02
Lorpugo: folds 
Uncalled bet ($0.02) returned to Cismo6
Cismo6 collected $0.09 from pot
*** SUMMARY ***
Total pot $0.09 | Rake $0 
Board [8d 2s Th]
Seat 1: EddiChu01 folded before Flop (didn't bet)
Seat 2: Cismo6 (button) collected ($0.09)
Seat 3: 4oAses (small blind) folded before Flop
Seat 4: Lorpugo (big blind) folded on the Flop
Seat 5: JollyViK folded before Flop (didn't bet)
Seat 6: sergeyf132 folded before Flop (didn't bet)



PokerStars Hand #240642496403:  Hold'em No Limit ($0.01/$0.02 USD) - 2022/12/23 12:03:04 ET
Table 'Telamon II' 6-max Seat #3 is the button
Seat 1: EddiChu01 ($3.58 in chips) 
Seat 2: Cismo6 ($2.46 in chips) 
Seat 3: 4oAses ($2 in chips) 
Seat 4: Lorpugo ($3.13 in chips) 
Seat 5: JollyViK ($2 in chips) 
Seat 6: sergeyf132 ($3.10 in chips) 
Lorpugo: posts small blind $0.01
JollyViK: posts big blind $0.02
*** HOLE CARDS ***
Dealt to Lorpugo [Ks 5h]
sergeyf132: folds 
EddiChu01: raises $0.03 to $0.05
Cismo6: calls $0.05
4oAses: folds 
Lorpugo: folds 
JollyViK: folds 
*** FLOP *** [8d 6h Jh]
EddiChu01: bets $0.03
Cismo6: folds 
Uncalled bet ($0.03) returned to EddiChu01
EddiChu01 collected $0.13 from pot
EddiChu01: doesn't show hand 
*** SUMMARY ***
Total pot $0.13 | Rake $0 
Board [8d 6h Jh]
Seat 1: EddiChu01 collected ($0.13)
Seat 2: Cismo6 folded on the Flop
Seat 3: 4oAses (button) folded before Flop (didn't bet)
Seat 4: Lorpugo (small blind) folded before Flop
Seat 5: JollyViK (big blind) folded before Flop
Seat 6: sergeyf132 folded before Flop (didn't bet)



PokerStars Hand #240642503712:  Hold'em No Limit ($0.01/$0.02 USD) - 2022/12/23 12:03:28 ET
Table 'Telamon II' 6-max Seat #4 is the button
Seat 1: EddiChu01 ($3.66 in chips) 
Seat 2: Cismo6 ($2.41 in chips) 
Seat 3: 4oAses ($2 in chips) 
Seat 4: Lorpugo ($3.12 in chips) 
Seat 5: JollyViK ($2 in chips) 
Seat 6: sergeyf132 ($3.10 in chips) 
JollyViK: posts small blind $0.01
sergeyf132: posts big blind $0.02
*** HOLE CARDS ***
Dealt to Lorpugo [Tc 5s]
EddiChu01: raises $0.03 to $0.05
Cismo6: calls $0.05
4oAses: folds 
Lorpugo: folds 
JollyViK: folds 
sergeyf132: folds 
*** FLOP *** [Th 9s 3h]
EddiChu01: checks 
Cismo6: checks 
*** TURN *** [Th 9s 3h] [Kd]
EddiChu01: bets $0.04
Cismo6: calls $0.04
*** RIVER *** [Th 9s 3h Kd] [Jh]
EddiChu01: checks 
Cismo6: checks 
*** SHOW DOWN ***
EddiChu01: shows [Jc Js] (three of a kind, Jacks)
Cismo6: shows [Kh 4h] (a flush, King high)
Cismo6 collected $0.20 from pot
*** SUMMARY ***
Total pot $0.21 | Rake $0.01 
Board [Th 9s 3h Kd Jh]
Seat 1: EddiChu01 showed [Jc Js] and lost with three of a kind, Jacks
Seat 2: Cismo6 showed [Kh 4h] and won ($0.20) with a flush, King high
Seat 3: 4oAses folded before Flop (didn't bet)
Seat 4: Lorpugo (button) folded before Flop (didn't bet)
Seat 5: JollyViK (small blind) folded before Flop
Seat 6: sergeyf132 (big blind) folded before Flop



PokerStars Hand #240642511287:  Hold'em No Limit ($0.01/$0.02 USD) - 2022/12/23 12:03:52 ET
Table 'Telamon II' 6-max Seat #5 is the button
Seat 1: EddiChu01 ($3.57 in chips) 
Seat 2: Cismo6 ($2.52 in chips) 
Seat 3: 4oAses ($2 in chips) 
Seat 4: Lorpugo ($3.12 in chips) 
Seat 5: JollyViK ($2 in chips) 
Seat 6: sergeyf132 ($3.08 in chips) 
sergeyf132: posts small blind $0.01
EddiChu01: posts big blind $0.02
*** HOLE CARDS ***
Dealt to Lorpugo [Ad 5s]
Cismo6: calls $0.02
4oAses: folds 
Lorpugo: raises $0.08 to $0.10
JollyViK: folds 
sergeyf132: folds 
EddiChu01: folds 
Cismo6: calls $0.08
*** FLOP *** [Jd 9c 7d]
Cismo6: checks 
Lorpugo: checks 
*** TURN *** [Jd 9c 7d] [Kd]
Cismo6: checks 
Lorpugo: bets $0.18
Cismo6: folds 
Uncalled bet ($0.18) returned to Lorpugo
Lorpugo collected $0.22 from pot
Lorpugo: doesn't show hand 
*** SUMMARY ***
Total pot $0.23 | Rake $0.01 
Board [Jd 9c 7d Kd]
Seat 1: EddiChu01 (big blind) folded before Flop
Seat 2: Cismo6 folded on the Turn
Seat 3: 4oAses folded before Flop (didn't bet)
Seat 4: Lorpugo collected ($0.22)
Seat 5: JollyViK (button) folded before Flop (didn't bet)
Seat 6: sergeyf132 (small blind) folded before Flop



PokerStars Hand #240642527712:  Hold'em No Limit ($0.01/$0.02 USD) - 2022/12/23 12:04:43 ET
Table 'Telamon II' 6-max Seat #6 is the button
Seat 1: EddiChu01 ($3.55 in chips) 
Seat 2: Cismo6 ($2.42 in chips) 
Seat 3: 4oAses ($2 in chips) 
Seat 4: Lorpugo ($3.24 in chips) 
Seat 5: JollyViK ($2 in chips) 
Seat 6: sergeyf132 ($3.07 in chips) 
EddiChu01: posts small blind $0.01
Cismo6: posts big blind $0.02
*** HOLE CARDS ***
Dealt to Lorpugo [9c 2s]
4oAses: folds 
Lorpugo: folds 
JollyViK: folds 
sergeyf132: folds 
EddiChu01: raises $0.04 to $0.06
Cismo6: calls $0.04
*** FLOP *** [7c Ac 8h]
EddiChu01: checks 
Cismo6: checks 
*** TURN *** [7c Ac 8h] [Ah]
EddiChu01: checks 
Cismo6: checks 
*** RIVER *** [7c Ac 8h Ah] [Kh]
EddiChu01: checks 
Cismo6: checks 
*** SHOW DOWN ***
EddiChu01: shows [5c 5s] (two pair, Aces and Fives)
Cismo6: mucks hand 
EddiChu01 collected $0.12 from pot
*** SUMMARY ***
Total pot $0.12 | Rake $0 
Board [7c Ac 8h Ah Kh]
Seat 1: EddiChu01 (small blind) showed [5c 5s] and won ($0.12) with two pair, Aces and Fives
Seat 2: Cismo6 (big blind) mucked [3c 3h]
Seat 3: 4oAses folded before Flop (didn't bet)
Seat 4: Lorpugo folded before Flop (didn't bet)
Seat 5: JollyViK folded before Flop (didn't bet)
Seat 6: sergeyf132 (button) folded before Flop (didn't bet)



PokerStars Hand #240642536855:  Hold'em No Limit ($0.01/$0.02 USD) - 2022/12/23 12:05:12 ET
Table 'Telamon II' 6-max Seat #1 is the button
Seat 1: EddiChu01 ($3.61 in chips) 
Seat 2: Cismo6 ($2.36 in chips) 
Seat 3: 4oAses ($2 in chips) 
Seat 4: Lorpugo ($3.24 in chips) 
Seat 5: JollyViK ($2 in chips) 
Cismo6: posts small blind $0.01
4oAses: posts big blind $0.02
*** HOLE CARDS ***
Dealt to Lorpugo [7s Td]
Lorpugo: folds 
sergeyf132 leaves the table
JollyViK: folds 
EddiChu01: folds 
Cismo6: folds 
Uncalled bet ($0.01) returned to 4oAses
4oAses collected $0.02 from pot
4oAses: doesn't show hand 
*** SUMMARY ***
Total pot $0.02 | Rake $0 
Seat 1: EddiChu01 (button) folded before Flop (didn't bet)
Seat 2: Cismo6 (small blind) folded before Flop
Seat 3: 4oAses (big blind) collected ($0.02)
Seat 4: Lorpugo folded before Flop (didn't bet)
Seat 5: JollyViK folded before Flop (didn't bet)



PokerStars Hand #240642541146:  Hold'em No Limit ($0.01/$0.02 USD) - 2022/12/23 12:05:25 ET
Table 'Telamon II' 6-max Seat #2 is the button
Seat 1: EddiChu01 ($3.61 in chips) 
Seat 2: Cismo6 ($2.35 in chips) 
Seat 3: 4oAses ($2.01 in chips) 
Seat 4: Lorpugo ($3.24 in chips) 
Seat 5: JollyViK ($2 in chips) 
4oAses: posts small blind $0.01
Lorpugo: posts big blind $0.02
*** HOLE CARDS ***
Dealt to Lorpugo [Qs 8d]
JollyViK: folds 
EddiChu01: raises $0.03 to $0.05
Cismo6: folds 
4oAses: calls $0.04
Lorpugo: calls $0.03
*** FLOP *** [Js 6h Ah]
Johnny S600 joins the table at seat #6 
4oAses: checks 
Lorpugo: checks 
EddiChu01: checks 
*** TURN *** [Js 6h Ah] [Kd]
4oAses: bets $0.14
Lorpugo: folds 
EddiChu01: folds 
Uncalled bet ($0.14) returned to 4oAses
4oAses collected $0.14 from pot
4oAses: doesn't show hand 
*** SUMMARY ***
Total pot $0.15 | Rake $0.01 
Board [Js 6h Ah Kd]
Seat 1: EddiChu01 folded on the Turn
Seat 2: Cismo6 (button) folded before Flop (didn't bet)
Seat 3: 4oAses (small blind) collected ($0.14)
Seat 4: Lorpugo (big blind) folded on the Turn
Seat 5: JollyViK folded before Flop (didn't bet)



PokerStars Hand #240642561657:  Hold'em No Limit ($0.01/$0.02 USD) - 2022/12/23 12:06:29 ET
Table 'Telamon II' 6-max Seat #3 is the button
Seat 1: EddiChu01 ($3.56 in chips) 
Seat 2: Cismo6 ($2.35 in chips) 
Seat 3: 4oAses ($2.10 in chips) 
Seat 4: Lorpugo ($3.19 in chips) 
Seat 5: JollyViK ($2 in chips) 
Seat 6: Johnny S600 ($0.80 in chips) 
Lorpugo: posts small blind $0.01
JollyViK: posts big blind $0.02
Johnny S600: posts big blind $0.02
*** HOLE CARDS ***
Dealt to Lorpugo [Jh Td]
Johnny S600: checks 
EddiChu01: folds 
Cismo6: folds 
4oAses: folds 
Lorpugo: raises $0.08 to $0.10
JollyViK: folds 
Johnny S600: folds 
Uncalled bet ($0.08) returned to Lorpugo
Lorpugo collected $0.06 from pot
Lorpugo: doesn't show hand 
*** SUMMARY ***
Total pot $0.06 | Rake $0 
Seat 1: EddiChu01 folded before Flop (didn't bet)
Seat 2: Cismo6 folded before Flop (didn't bet)
Seat 3: 4oAses (button) folded before Flop (didn't bet)
Seat 4: Lorpugo (small blind) collected ($0.06)
Seat 5: JollyViK (big blind) folded before Flop
Seat 6: Johnny S600 folded before Flop (didn't bet)



PokerStars Hand #240642570517:  Hold'em No Limit ($0.01/$0.02 USD) - 2022/12/23 12:06:57 ET
Table 'Telamon II' 6-max Seat #4 is the button
Seat 1: EddiChu01 ($3.56 in chips) 
Seat 2: Cismo6 ($2.35 in chips) 
Seat 3: 4oAses ($2.10 in chips) 
Seat 4: Lorpugo ($3.23 in chips) 
Seat 5: JollyViK ($2 in chips) 
Seat 6: Johnny S600 ($0.78 in chips) 
JollyViK: posts small blind $0.01
Johnny S600: posts big blind $0.02
*** HOLE CARDS ***
Dealt to Lorpugo [6s Kc]
EddiChu01: folds 
Cismo6: folds 
4oAses: folds 
Lorpugo: folds 
JollyViK: raises $0.04 to $0.06
Johnny S600: folds 
Uncalled bet ($0.04) returned to JollyViK
JollyViK collected $0.04 from pot
*** SUMMARY ***
Total pot $0.04 | Rake $0 
Seat 1: EddiChu01 folded before Flop (didn't bet)
Seat 2: Cismo6 folded before Flop (didn't bet)
Seat 3: 4oAses folded before Flop (didn't bet)
Seat 4: Lorpugo (button) folded before Flop (didn't bet)
Seat 5: JollyViK (small blind) collected ($0.04)
Seat 6: Johnny S600 (big blind) folded before Flop



PokerStars Hand #240642578643:  Hold'em No Limit ($0.01/$0.02 USD) - 2022/12/23 12:07:22 ET
Table 'Telamon II' 6-max Seat #5 is the button
Seat 1: EddiChu01 ($3.56 in chips) 
Seat 2: Cismo6 ($2.35 in chips) 
Seat 3: 4oAses ($2.10 in chips) 
Seat 4: Lorpugo ($3.23 in chips) 
Seat 5: JollyViK ($2.02 in chips) 
Seat 6: Johnny S600 ($0.76 in chips) 
Johnny S600: posts small blind $0.01
EddiChu01: posts big blind $0.02
*** HOLE CARDS ***
Dealt to Lorpugo [3h Th]
Cismo6: folds 
4oAses: folds 
Lorpugo: folds 
JollyViK: folds 
Johnny S600: calls $0.01
EddiChu01: checks 
*** FLOP *** [7h As 5h]
Johnny S600: checks 
EddiChu01: checks 
*** TURN *** [7h As 5h] [8c]
Johnny S600: checks 
EddiChu01: checks 
*** RIVER *** [7h As 5h 8c] [4s]
Johnny S600: bets $0.04
EddiChu01: folds 
Uncalled bet ($0.04) returned to Johnny S600
Johnny S600 collected $0.04 from pot
*** SUMMARY ***
Total pot $0.04 | Rake $0 
Board [7h As 5h 8c 4s]
Seat 1: EddiChu01 (big blind) folded on the River
Seat 2: Cismo6 folded before Flop (didn't bet)
Seat 3: 4oAses folded before Flop (didn't bet)
Seat 4: Lorpugo folded before Flop (didn't bet)
Seat 5: JollyViK (button) folded before Flop (didn't bet)
Seat 6: Johnny S600 (small blind) collected ($0.04)



PokerStars Hand #240642592319:  Hold'em No Limit ($0.01/$0.02 USD) - 2022/12/23 12:08:05 ET
Table 'Telamon II' 6-max Seat #6 is the button
Seat 1: EddiChu01 ($3.54 in chips) 
Seat 3: 4oAses ($2.10 in chips) 
Seat 4: Lorpugo ($3.23 in chips) 
Seat 5: JollyViK ($2.02 in chips) 
Seat 6: Johnny S600 ($0.78 in chips) 
EddiChu01: posts small blind $0.01
4oAses: posts big blind $0.02
*** HOLE CARDS ***
Dealt to Lorpugo [Ad Tc]
Lorpugo: raises $0.04 to $0.06
JollyViK: folds 
Johnny S600: folds 
EddiChu01: folds 
4oAses: folds 
Uncalled bet ($0.04) returned to Lorpugo
Lorpugo collected $0.05 from pot
Lorpugo: doesn't show hand 
*** SUMMARY ***
Total pot $0.05 | Rake $0 
Seat 1: EddiChu01 (small blind) folded before Flop
Seat 3: 4oAses (big blind) folded before Flop
Seat 4: Lorpugo collected ($0.05)
Seat 5: JollyViK folded before Flop (didn't bet)
Seat 6: Johnny S600 (button) folded before Flop (didn't bet)



PokerStars Hand #240642602818:  Hold'em No Limit ($0.01/$0.02 USD) - 2022/12/23 12:08:38 ET
Table 'Telamon II' 6-max Seat #1 is the button
Seat 1: EddiChu01 ($3.53 in chips) 
Seat 3: 4oAses ($2.08 in chips) 
Seat 4: Lorpugo ($3.26 in chips) 
Seat 5: JollyViK ($2.02 in chips) 
Seat 6: Johnny S600 ($0.78 in chips) 
4oAses: posts small blind $0.01
Lorpugo: posts big blind $0.02
*** HOLE CARDS ***
Dealt to Lorpugo [Ad 6h]
JollyViK: folds 
Johnny S600: folds 
EddiChu01: raises $0.03 to $0.05
4oAses: folds 
Lorpugo: calls $0.03
*** FLOP *** [4s 9d Qh]
Lorpugo: checks 
EddiChu01: bets $0.03
Lorpugo: folds 
Uncalled bet ($0.03) returned to EddiChu01
EddiChu01 collected $0.11 from pot
EddiChu01: doesn't show hand 
*** SUMMARY ***
Total pot $0.11 | Rake $0 
Board [4s 9d Qh]
Seat 1: EddiChu01 (button) collected ($0.11)
Seat 3: 4oAses (small blind) folded before Flop
Seat 4: Lorpugo (big blind) folded on the Flop
Seat 5: JollyViK folded before Flop (didn't bet)
Seat 6: Johnny S600 folded before Flop (didn't bet)



PokerStars Hand #240642614854:  Hold'em No Limit ($0.01/$0.02 USD) - 2022/12/23 12:09:16 ET
Table 'Telamon II' 6-max Seat #3 is the button
Seat 1: EddiChu01 ($3.59 in chips) 
Seat 3: 4oAses ($2.07 in chips) 
Seat 4: Lorpugo ($3.21 in chips) 
Seat 6: Johnny S600 ($0.78 in chips) 
Lorpugo: posts small blind $0.01
Johnny S600: posts big blind $0.02
*** HOLE CARDS ***
Dealt to Lorpugo [Th 4d]
JollyViK leaves the table
EddiChu01: folds 
4oAses: folds 
Lorpugo: folds 
Uncalled bet ($0.01) returned to Johnny S600
Johnny S600 collected $0.02 from pot
*** SUMMARY ***
Total pot $0.02 | Rake $0 
Seat 1: EddiChu01 folded before Flop (didn't bet)
Seat 3: 4oAses (button) folded before Flop (didn't bet)
Seat 4: Lorpugo (small blind) folded before Flop
Seat 6: Johnny S600 (big blind) collected ($0.02)



PokerStars Hand #240642619249:  Hold'em No Limit ($0.01/$0.02 USD) - 2022/12/23 12:09:30 ET
Table 'Telamon II' 6-max Seat #4 is the button
Seat 1: EddiChu01 ($3.59 in chips) 
Seat 3: 4oAses ($2.07 in chips) 
Seat 4: Lorpugo ($3.20 in chips) 
Seat 6: Johnny S600 ($0.79 in chips) 
Johnny S600: posts small blind $0.01
EddiChu01: posts big blind $0.02
*** HOLE CARDS ***
Dealt to Lorpugo [Ts 5h]
kokes17 joins the table at seat #5 
4oAses has timed out
4oAses: folds 
Lorpugo: folds 
Johnny S600: folds 
Uncalled bet ($0.01) returned to EddiChu01
EddiChu01 collected $0.02 from pot
EddiChu01: doesn't show hand 
*** SUMMARY ***
Total pot $0.02 | Rake $0 
Seat 1: EddiChu01 (big blind) collected ($0.02)
Seat 3: 4oAses folded before Flop (didn't bet)
Seat 4: Lorpugo (button) folded before Flop (didn't bet)
Seat 6: Johnny S600 (small blind) folded before Flop



PokerStars Hand #240642623699:  Hold'em No Limit ($0.01/$0.02 USD) - 2022/12/23 12:09:45 ET
Table 'Telamon II' 6-max Seat #6 is the button
Seat 1: EddiChu01 ($3.60 in chips) 
Seat 3: 4oAses ($2.07 in chips) 
Seat 4: Lorpugo ($3.20 in chips) 
Seat 6: Johnny S600 ($0.78 in chips) 
EddiChu01: posts small blind $0.01
4oAses: posts big blind $0.02
*** HOLE CARDS ***
Dealt to Lorpugo [Qs Jh]
Lorpugo: raises $0.04 to $0.06
Johnny S600: folds 
EddiChu01: folds 
4oAses: folds 
Uncalled bet ($0.04) returned to Lorpugo
Lorpugo collected $0.05 from pot
Lorpugo: doesn't show hand 
*** SUMMARY ***
Total pot $0.05 | Rake $0 
Seat 1: EddiChu01 (small blind) folded before Flop
Seat 3: 4oAses (big blind) folded before Flop
Seat 4: Lorpugo collected ($0.05)
Seat 6: Johnny S600 (button) folded before Flop (didn't bet)



PokerStars Hand #240642630022:  Hold'em No Limit ($0.01/$0.02 USD) - 2022/12/23 12:10:05 ET
Table 'Telamon II' 6-max Seat #1 is the button
Seat 1: EddiChu01 ($3.59 in chips) 
Seat 3: 4oAses ($2.05 in chips) 
Seat 4: Lorpugo ($3.23 in chips) 
Seat 6: Johnny S600 ($0.78 in chips) 
4oAses: posts small blind $0.01
Lorpugo: posts big blind $0.02
*** HOLE CARDS ***
Dealt to Lorpugo [5c Qh]
Johnny S600: folds 
EddiChu01: raises $0.03 to $0.05
4oAses: folds 
Lorpugo: folds 
Uncalled bet ($0.03) returned to EddiChu01
EddiChu01 collected $0.05 from pot
EddiChu01: doesn't show hand 
*** SUMMARY ***
Total pot $0.05 | Rake $0 
Seat 1: EddiChu01 (button) collected ($0.05)
Seat 3: 4oAses (small blind) folded before Flop
Seat 4: Lorpugo (big blind) folded before Flop
Seat 6: Johnny S600 folded before Flop (didn't bet)



PokerStars Hand #240642635759:  Hold'em No Limit ($0.01/$0.02 USD) - 2022/12/23 12:10:22 ET
Table 'Telamon II' 6-max Seat #3 is the button
Seat 1: EddiChu01 ($3.62 in chips) 
Seat 3: 4oAses ($2.04 in chips) 
Seat 4: Lorpugo ($3.21 in chips) 
Seat 5: kokes17 ($1.60 in chips) 
Seat 6: Johnny S600 ($0.78 in chips) 
Lorpugo: posts small blind $0.01
kokes17: posts big blind $0.02
*** HOLE CARDS ***
Dealt to Lorpugo [Ad 8h]
Johnny S600: folds 
EddiChu01: folds 
4oAses: raises $0.04 to $0.06
Lorpugo: raises $0.14 to $0.20
kokes17: folds 
4oAses: raises $0.28 to $0.48
Lorpugo: folds 
Uncalled bet ($0.28) returned to 4oAses
4oAses collected $0.42 from pot
4oAses: doesn't show hand 
*** SUMMARY ***
Total pot $0.42 | Rake $0 
Seat 1: EddiChu01 folded before Flop (didn't bet)
Seat 3: 4oAses (button) collected ($0.42)
Seat 4: Lorpugo (small blind) folded before Flop
Seat 5: kokes17 (big blind) folded before Flop
Seat 6: Johnny S600 folded before Flop (didn't bet)



PokerStars Hand #240642649877:  Hold'em No Limit ($0.01/$0.02 USD) - 2022/12/23 12:11:07 ET
Table 'Telamon II' 6-max Seat #4 is the button
Seat 1: EddiChu01 ($3.62 in chips) 
Seat 3: 4oAses ($2.26 in chips) 
Seat 4: Lorpugo ($3.01 in chips) 
Seat 5: kokes17 ($1.58 in chips) 
Seat 6: Johnny S600 ($0.78 in chips) 
kokes17: posts small blind $0.01
Johnny S600: posts big blind $0.02
*** HOLE CARDS ***
Dealt to Lorpugo [7d 4c]
EddiChu01: folds 
4oAses: folds 
Lorpugo: folds 
kokes17: raises $0.04 to $0.06
Johnny S600: calls $0.04
*** FLOP *** [6h Qs 9d]
kokes17: bets $0.06
Johnny S600: calls $0.06
*** TURN *** [6h Qs 9d] [3c]
kokes17: checks 
Johnny S600: checks 
*** RIVER *** [6h Qs 9d 3c] [2d]
kokes17: checks 
Johnny S600: checks 
*** SHOW DOWN ***
kokes17: shows [Ks 8c] (high card King)
Johnny S600: mucks hand 
kokes17 collected $0.23 from pot
*** SUMMARY ***
Total pot $0.24 | Rake $0.01 
Board [6h Qs 9d 3c 2d]
Seat 1: EddiChu01 folded before Flop (didn't bet)
Seat 3: 4oAses folded before Flop (didn't bet)
Seat 4: Lorpugo (button) folded before Flop (didn't bet)
Seat 5: kokes17 (small blind) showed [Ks 8c] and won ($0.23) with high card King
Seat 6: Johnny S600 (big blind) mucked [5c 7h]



PokerStars Hand #240642662955:  Hold'em No Limit ($0.01/$0.02 USD) - 2022/12/23 12:11:49 ET
Table 'Telamon II' 6-max Seat #5 is the button
Seat 1: EddiChu01 ($3.62 in chips) 
Seat 3: 4oAses ($2.26 in chips) 
Seat 4: Lorpugo ($3.01 in chips) 
Seat 5: kokes17 ($1.69 in chips) 
Seat 6: Johnny S600 ($0.66 in chips) 
Johnny S600: posts small blind $0.01
EddiChu01: posts big blind $0.02
*** HOLE CARDS ***
Dealt to Lorpugo [5d 5s]
4oAses: folds 
Lorpugo: raises $0.04 to $0.06
kokes17: calls $0.06
Johnny S600: folds 
EddiChu01: folds 
*** FLOP *** [3s Th 3d]
Lorpugo: checks 
kokes17: checks 
*** TURN *** [3s Th 3d] [5h]
Lorpugo: checks 
kokes17: checks 
*** RIVER *** [3s Th 3d 5h] [8c]
Lorpugo: bets $0.10
kokes17: folds 
Uncalled bet ($0.10) returned to Lorpugo
Lorpugo collected $0.14 from pot
Lorpugo: doesn't show hand 
*** SUMMARY ***
Total pot $0.15 | Rake $0.01 
Board [3s Th 3d 5h 8c]
Seat 1: EddiChu01 (big blind) folded before Flop
Seat 3: 4oAses folded before Flop (didn't bet)
Seat 4: Lorpugo collected ($0.14)
Seat 5: kokes17 (button) folded on the River
Seat 6: Johnny S600 (small blind) folded before Flop



PokerStars Hand #240642674563:  Hold'em No Limit ($0.01/$0.02 USD) - 2022/12/23 12:12:26 ET
Table 'Telamon II' 6-max Seat #6 is the button
Seat 1: EddiChu01 ($3.60 in chips) 
Seat 3: 4oAses ($2.26 in chips) 
Seat 4: Lorpugo ($3.09 in chips) 
Seat 5: kokes17 ($1.63 in chips) 
Seat 6: Johnny S600 ($0.65 in chips) 
EddiChu01: posts small blind $0.01
4oAses: posts big blind $0.02
*** HOLE CARDS ***
Dealt to Lorpugo [6c 7d]
Lorpugo: folds 
kokes17: raises $0.06 to $0.08
Johnny S600: folds 
EddiChu01: folds 
4oAses: folds 
Uncalled bet ($0.06) returned to kokes17
kokes17 collected $0.05 from pot
*** SUMMARY ***
Total pot $0.05 | Rake $0 
Seat 1: EddiChu01 (small blind) folded before Flop
Seat 3: 4oAses (big blind) folded before Flop
Seat 4: Lorpugo folded before Flop (didn't bet)
Seat 5: kokes17 collected ($0.05)
Seat 6: Johnny S600 (button) folded before Flop (didn't bet)



PokerStars Hand #240642679495:  Hold'em No Limit ($0.01/$0.02 USD) - 2022/12/23 12:12:41 ET
Table 'Telamon II' 6-max Seat #1 is the button
Seat 1: EddiChu01 ($3.59 in chips) 
Seat 3: 4oAses ($2.24 in chips) 
Seat 4: Lorpugo ($3.09 in chips) 
Seat 5: kokes17 ($1.66 in chips) 
Seat 6: Johnny S600 ($0.65 in chips) 
4oAses: posts small blind $0.01
Lorpugo: posts big blind $0.02
*** HOLE CARDS ***
Dealt to Lorpugo [Qc 7c]
kokes17: raises $0.04 to $0.06
Johnny S600: raises $0.59 to $0.65 and is all-in
EddiChu01: folds 
4oAses: folds 
Lorpugo: folds 
kokes17: calls $0.59
*** FLOP *** [Kc 6c 3d]
*** TURN *** [Kc 6c 3d] [Ac]
*** RIVER *** [Kc 6c 3d Ac] [Jc]
*** SHOW DOWN ***
kokes17: shows [2h 5h] (high card Ace)
Johnny S600: shows [8s Ks] (a pair of Kings)
Johnny S600 collected $1.27 from pot
*** SUMMARY ***
Total pot $1.33 | Rake $0.06 
Board [Kc 6c 3d Ac Jc]
Seat 1: EddiChu01 (button) folded before Flop (didn't bet)
Seat 3: 4oAses (small blind) folded before Flop
Seat 4: Lorpugo (big blind) folded before Flop
Seat 5: kokes17 showed [2h 5h] and lost with high card Ace
Seat 6: Johnny S600 showed [8s Ks] and won ($1.27) with a pair of Kings



PokerStars Hand #240642692139:  Hold'em No Limit ($0.01/$0.02 USD) - 2022/12/23 12:13:22 ET
Table 'Telamon II' 6-max Seat #3 is the button
Seat 1: EddiChu01 ($3.59 in chips) 
Seat 3: 4oAses ($2.23 in chips) 
Seat 4: Lorpugo ($3.07 in chips) 
Seat 5: kokes17 ($1.01 in chips) 
Seat 6: Johnny S600 ($1.27 in chips) 
Lorpugo: posts small blind $0.01
kokes17: posts big blind $0.02
*** HOLE CARDS ***
Dealt to Lorpugo [6c 8d]
Johnny S600: calls $0.02
EddiChu01: folds 
4oAses: folds 
Lorpugo: calls $0.01
kokes17: checks 
*** FLOP *** [9s 8c 5s]
Lorpugo: bets $0.03
kokes17: folds 
Johnny S600: folds 
Uncalled bet ($0.03) returned to Lorpugo
Lorpugo collected $0.06 from pot
Lorpugo: doesn't show hand 
*** SUMMARY ***
Total pot $0.06 | Rake $0 
Board [9s 8c 5s]
Seat 1: EddiChu01 folded before Flop (didn't bet)
Seat 3: 4oAses (button) folded before Flop (didn't bet)
Seat 4: Lorpugo (small blind) collected ($0.06)
Seat 5: kokes17 (big blind) folded on the Flop
Seat 6: Johnny S600 folded on the Flop



PokerStars Hand #240642700548:  Hold'em No Limit ($0.01/$0.02 USD) - 2022/12/23 12:13:49 ET
Table 'Telamon II' 6-max Seat #4 is the button
Seat 1: EddiChu01 ($3.59 in chips) 
Seat 3: 4oAses ($2.23 in chips) 
Seat 4: Lorpugo ($3.11 in chips) 
Seat 5: kokes17 ($0.99 in chips) 
Seat 6: Johnny S600 ($1.25 in chips) 
kokes17: posts small blind $0.01
Johnny S600: posts big blind $0.02
*** HOLE CARDS ***
Dealt to Lorpugo [4c 5d]
EddiChu01: folds 
4oAses: folds 
Lorpugo: folds 
kokes17: folds 
Uncalled bet ($0.01) returned to Johnny S600
Johnny S600 collected $0.02 from pot
*** SUMMARY ***
Total pot $0.02 | Rake $0 
Seat 1: EddiChu01 folded before Flop (didn't bet)
Seat 3: 4oAses folded before Flop (didn't bet)
Seat 4: Lorpugo (button) folded before Flop (didn't bet)
Seat 5: kokes17 (small blind) folded before Flop
Seat 6: Johnny S600 (big blind) collected ($0.02)



PokerStars Hand #240642705599:  Hold'em No Limit ($0.01/$0.02 USD) - 2022/12/23 12:14:05 ET
Table 'Telamon II' 6-max Seat #5 is the button
Seat 1: EddiChu01 ($3.59 in chips) 
Seat 3: 4oAses ($2.23 in chips) 
Seat 4: Lorpugo ($3.11 in chips) 
Seat 5: kokes17 ($0.98 in chips) 
Seat 6: Johnny S600 ($1.26 in chips) 
Johnny S600: posts small blind $0.01
EddiChu01: posts big blind $0.02
*** HOLE CARDS ***
Dealt to Lorpugo [5h 7c]
4oAses: raises $0.04 to $0.06
Lorpugo: folds 
kokes17: folds 
Johnny S600: folds 
EddiChu01: folds 
Uncalled bet ($0.04) returned to 4oAses
4oAses collected $0.05 from pot
4oAses: doesn't show hand 
*** SUMMARY ***
Total pot $0.05 | Rake $0 
Seat 1: EddiChu01 (big blind) folded before Flop
Seat 3: 4oAses collected ($0.05)
Seat 4: Lorpugo folded before Flop (didn't bet)
Seat 5: kokes17 (button) folded before Flop (didn't bet)
Seat 6: Johnny S600 (small blind) folded before Flop



PokerStars Hand #240642712272:  Hold'em No Limit ($0.01/$0.02 USD) - 2022/12/23 12:14:26 ET
Table 'Telamon II' 6-max Seat #6 is the button
Seat 1: EddiChu01 ($3.57 in chips) 
Seat 3: 4oAses ($2.26 in chips) 
Seat 4: Lorpugo ($3.11 in chips) 
Seat 5: kokes17 ($0.98 in chips) 
Seat 6: Johnny S600 ($1.25 in chips) 
EddiChu01: posts small blind $0.01
4oAses: posts big blind $0.02
*** HOLE CARDS ***
Dealt to Lorpugo [3d 6c]
Lorpugo: folds 
kokes17: folds 
Johnny S600: folds 
EddiChu01: raises $0.04 to $0.06
4oAses: folds 
Uncalled bet ($0.04) returned to EddiChu01
EddiChu01 collected $0.04 from pot
Cismo6 leaves the table
EddiChu01: doesn't show hand 
*** SUMMARY ***
Total pot $0.04 | Rake $0 
Seat 1: EddiChu01 (small blind) collected ($0.04)
Seat 3: 4oAses (big blind) folded before Flop
Seat 4: Lorpugo folded before Flop (didn't bet)
Seat 5: kokes17 folded before Flop (didn't bet)
Seat 6: Johnny S600 (button) folded before Flop (didn't bet)



PokerStars Hand #240642723771:  Hold'em No Limit ($0.01/$0.02 USD) - 2022/12/23 12:15:02 ET
Table 'Telamon II' 6-max Seat #1 is the button
Seat 1: EddiChu01 ($3.59 in chips) 
Seat 3: 4oAses ($2.24 in chips) 
Seat 4: Lorpugo ($3.11 in chips) 
Seat 5: kokes17 ($0.98 in chips) 
Seat 6: Johnny S600 ($1.25 in chips) 
4oAses: posts small blind $0.01
Lorpugo: posts big blind $0.02
*** HOLE CARDS ***
Dealt to Lorpugo [7s 5d]
kokes17: raises $0.96 to $0.98 and is all-in
Johnny S600: folds 
EddiChu01: folds 
4oAses: calls $0.97
Lorpugo: folds 
*** FLOP *** [9h 6h Jc]
*** TURN *** [9h 6h Jc] [4h]
*** RIVER *** [9h 6h Jc 4h] [Js]
*** SHOW DOWN ***
4oAses: shows [Jh Ks] (three of a kind, Jacks)
kokes17: shows [9c 9s] (a full house, Nines full of Jacks)
kokes17 collected $1.91 from pot
*** SUMMARY ***
Total pot $1.98 | Rake $0.07 
Board [9h 6h Jc 4h Js]
Seat 1: EddiChu01 (button) folded before Flop (didn't bet)
Seat 3: 4oAses (small blind) showed [Jh Ks] and lost with three of a kind, Jacks
Seat 4: Lorpugo (big blind) folded before Flop
Seat 5: kokes17 showed [9c 9s] and won ($1.91) with a full house, Nines full of Jacks
Seat 6: Johnny S600 folded before Flop (didn't bet)



PokerStars Hand #240642733006:  Hold'em No Limit ($0.01/$0.02 USD) - 2022/12/23 12:15:32 ET
Table 'Telamon II' 6-max Seat #3 is the button
Seat 1: EddiChu01 ($3.59 in chips) 
Seat 3: 4oAses ($2 in chips) 
Seat 4: Lorpugo ($3.09 in chips) 
Seat 5: kokes17 ($1.91 in chips) 
Seat 6: Johnny S600 ($1.25 in chips) 
Lorpugo: posts small blind $0.01
kokes17: posts big blind $0.02
*** HOLE CARDS ***
Dealt to Lorpugo [8h 5s]
Johnny S600: folds 
EddiChu01: folds 
4oAses: folds 
Lorpugo: raises $0.04 to $0.06
kokes17: folds 
Uncalled bet ($0.04) returned to Lorpugo
kokes17 leaves the table
Lorpugo collected $0.04 from pot
Lorpugo: doesn't show hand 
*** SUMMARY ***
Total pot $0.04 | Rake $0 
Seat 1: EddiChu01 folded before Flop (didn't bet)
Seat 3: 4oAses (button) folded before Flop (didn't bet)
Seat 4: Lorpugo (small blind) collected ($0.04)
Seat 5: kokes17 (big blind) folded before Flop
Seat 6: Johnny S600 folded before Flop (didn't bet)



PokerStars Hand #240642737937:  Hold'em No Limit ($0.01/$0.02 USD) - 2022/12/23 12:15:47 ET
Table 'Telamon II' 6-max Seat #4 is the button
Seat 1: EddiChu01 ($3.59 in chips) 
Seat 3: 4oAses ($2 in chips) 
Seat 4: Lorpugo ($3.11 in chips) 
Seat 6: Johnny S600 ($1.25 in chips) 
Johnny S600: posts small blind $0.01
EddiChu01: posts big blind $0.02
*** HOLE CARDS ***
Dealt to Lorpugo [Kd 6d]
4oAses has timed out
4oAses: folds 
Lorpugo: raises $0.04 to $0.06
Johnny S600: folds 
EddiChu01: folds 
Uncalled bet ($0.04) returned to Lorpugo
Lorpugo collected $0.05 from pot
Lorpugo: doesn't show hand 
*** SUMMARY ***
Total pot $0.05 | Rake $0 
Seat 1: EddiChu01 (big blind) folded before Flop
Seat 3: 4oAses folded before Flop (didn't bet)
Seat 4: Lorpugo (button) collected ($0.05)
Seat 6: Johnny S600 (small blind) folded before Flop



PokerStars Hand #240642745043:  Hold'em No Limit ($0.01/$0.02 USD) - 2022/12/23 12:16:10 ET
Table 'Telamon II' 6-max Seat #6 is the button
Seat 1: EddiChu01 ($3.57 in chips) 
Seat 4: Lorpugo ($3.14 in chips) 
Seat 6: Johnny S600 ($1.24 in chips) 
EddiChu01: posts small blind $0.01
Lorpugo: posts big blind $0.02
*** HOLE CARDS ***
Dealt to Lorpugo [9d Th]
Johnny S600: folds 
EddiChu01: folds 
Uncalled bet ($0.01) returned to Lorpugo
Lorpugo collected $0.02 from pot
Lorpugo: doesn't show hand 
*** SUMMARY ***
Total pot $0.02 | Rake $0 
Seat 1: EddiChu01 (small blind) folded before Flop
Seat 4: Lorpugo (big blind) collected ($0.02)
Seat 6: Johnny S600 (button) folded before Flop (didn't bet)



PokerStars Hand #240642746975:  Hold'em No Limit ($0.01/$0.02 USD) - 2022/12/23 12:16:17 ET
Table 'Telamon II' 6-max Seat #1 is the button
Seat 1: EddiChu01 ($3.56 in chips) 
Seat 4: Lorpugo ($3.15 in chips) 
Seat 6: Johnny S600 ($1.24 in chips) 
Lorpugo: posts small blind $0.01
Johnny S600: posts big blind $0.02
*** HOLE CARDS ***
Dealt to Lorpugo [Qc 9h]
MAGGICIAN OTB joins the table at seat #2 
EddiChu01: folds 
Lorpugo: raises $0.04 to $0.06
Dragon1248 joins the table at seat #5 
Johnny S600: raises $1.18 to $1.24 and is all-in
Lorpugo: folds 
Uncalled bet ($1.18) returned to Johnny S600
Johnny S600 collected $0.12 from pot
*** SUMMARY ***
Total pot $0.12 | Rake $0 
Seat 1: EddiChu01 (button) folded before Flop (didn't bet)
Seat 4: Lorpugo (small blind) folded before Flop
Seat 6: Johnny S600 (big blind) collected ($0.12)



PokerStars Hand #240642751306:  Hold'em No Limit ($0.01/$0.02 USD) - 2022/12/23 12:16:30 ET
Table 'Telamon II' 6-max Seat #4 is the button
Seat 1: EddiChu01 ($3.56 in chips) 
Seat 4: Lorpugo ($3.09 in chips) 
Seat 6: Johnny S600 ($1.30 in chips) 
Johnny S600: posts small blind $0.01
EddiChu01: posts big blind $0.02
*** HOLE CARDS ***
Dealt to Lorpugo [Ac Jc]
Lorpugo: raises $0.04 to $0.06
Johnny S600: folds 
EddiChu01: folds 
Uncalled bet ($0.04) returned to Lorpugo
Lorpugo collected $0.05 from pot
Lorpugo: doesn't show hand 
*** SUMMARY ***
Total pot $0.05 | Rake $0 
Seat 1: EddiChu01 (big blind) folded before Flop
Seat 4: Lorpugo (button) collected ($0.05)
Seat 6: Johnny S600 (small blind) folded before Flop



PokerStars Hand #240642754886:  Hold'em No Limit ($0.01/$0.02 USD) - 2022/12/23 12:16:42 ET
Table 'Telamon II' 6-max Seat #6 is the button
Seat 1: EddiChu01 ($3.54 in chips) 
Seat 2: MAGGICIAN OTB ($2 in chips) 
Seat 4: Lorpugo ($3.12 in chips) 
Seat 6: Johnny S600 ($1.29 in chips) 
EddiChu01: posts small blind $0.01
MAGGICIAN OTB: posts big blind $0.02
*** HOLE CARDS ***
Dealt to Lorpugo [4s 9d]
Lorpugo: folds 
Johnny S600: folds 
EddiChu01: folds 
Uncalled bet ($0.01) returned to MAGGICIAN OTB
MAGGICIAN OTB collected $0.02 from pot
MAGGICIAN OTB: doesn't show hand 
*** SUMMARY ***
Total pot $0.02 | Rake $0 
Seat 1: EddiChu01 (small blind) folded before Flop
Seat 2: MAGGICIAN OTB (big blind) collected ($0.02)
Seat 4: Lorpugo folded before Flop (didn't bet)
Seat 6: Johnny S600 (button) folded before Flop (didn't bet)



PokerStars Hand #240642758242:  Hold'em No Limit ($0.01/$0.02 USD) - 2022/12/23 12:16:53 ET
Table 'Telamon II' 6-max Seat #1 is the button
Seat 1: EddiChu01 ($3.53 in chips) 
Seat 2: MAGGICIAN OTB ($2.01 in chips) 
Seat 3: 4oAses ($2 in chips) 
Seat 4: Lorpugo ($3.12 in chips) 
Seat 6: Johnny S600 ($1.29 in chips) 
MAGGICIAN OTB: posts small blind $0.01
4oAses: posts big blind $0.02
*** HOLE CARDS ***
Dealt to Lorpugo [Th 5h]
Lorpugo: folds 
Johnny S600: folds 
EddiChu01: folds 
Dragon1248 leaves the table
RazbaLT joins the table at seat #5 
MAGGICIAN OTB: folds 
Uncalled bet ($0.01) returned to 4oAses
4oAses collected $0.02 from pot
4oAses: doesn't show hand 
*** SUMMARY ***
Total pot $0.02 | Rake $0 
Seat 1: EddiChu01 (button) folded before Flop (didn't bet)
Seat 2: MAGGICIAN OTB (small blind) folded before Flop
Seat 3: 4oAses (big blind) collected ($0.02)
Seat 4: Lorpugo folded before Flop (didn't bet)
Seat 6: Johnny S600 folded before Flop (didn't bet)



PokerStars Hand #240642762005:  Hold'em No Limit ($0.01/$0.02 USD) - 2022/12/23 12:17:05 ET
Table 'Telamon II' 6-max Seat #2 is the button
Seat 1: EddiChu01 ($3.53 in chips) 
Seat 2: MAGGICIAN OTB ($2 in chips) 
Seat 3: 4oAses ($2.01 in chips) 
Seat 4: Lorpugo ($3.12 in chips) 
Seat 6: Johnny S600 ($1.29 in chips) 
4oAses: posts small blind $0.01
Lorpugo: posts big blind $0.02
*** HOLE CARDS ***
Dealt to Lorpugo [7c 2h]
Johnny S600: folds 
EddiChu01: raises $0.03 to $0.05
MAGGICIAN OTB: raises $0.13 to $0.18
4oAses: folds 
Lorpugo: folds 
EddiChu01: calls $0.13
*** FLOP *** [2c Tc 5d]
EddiChu01: checks 
MAGGICIAN OTB: bets $0.13
EddiChu01: calls $0.13
*** TURN *** [2c Tc 5d] [8s]
EddiChu01: checks 
MAGGICIAN OTB: checks 
*** RIVER *** [2c Tc 5d 8s] [Ad]
EddiChu01: checks 
MAGGICIAN OTB: checks 
*** SHOW DOWN ***
EddiChu01: shows [Ts Qs] (a pair of Tens)
MAGGICIAN OTB: shows [Ah Jc] (a pair of Aces)
MAGGICIAN OTB collected $0.63 from pot
*** SUMMARY ***
Total pot $0.65 | Rake $0.02 
Board [2c Tc 5d 8s Ad]
Seat 1: EddiChu01 showed [Ts Qs] and lost with a pair of Tens
Seat 2: MAGGICIAN OTB (button) showed [Ah Jc] and won ($0.63) with a pair of Aces
Seat 3: 4oAses (small blind) folded before Flop
Seat 4: Lorpugo (big blind) folded before Flop
Seat 6: Johnny S600 folded before Flop (didn't bet)



PokerStars Hand #240642781463:  Hold'em No Limit ($0.01/$0.02 USD) - 2022/12/23 12:18:07 ET
Table 'Telamon II' 6-max Seat #3 is the button
Seat 1: EddiChu01 ($3.22 in chips) 
Seat 2: MAGGICIAN OTB ($2.32 in chips) 
Seat 3: 4oAses ($2 in chips) 
Seat 4: Lorpugo ($3.10 in chips) 
Seat 5: RazbaLT ($2 in chips) 
Seat 6: Johnny S600 ($1.29 in chips) 
Lorpugo: posts small blind $0.01
RazbaLT: posts big blind $0.02
*** HOLE CARDS ***
Dealt to Lorpugo [5d Qc]
Johnny S600: folds 
EddiChu01: folds 
MAGGICIAN OTB: folds 
4oAses: folds 
Lorpugo: raises $0.04 to $0.06
RazbaLT: raises $0.12 to $0.18
Lorpugo: folds 
Uncalled bet ($0.12) returned to RazbaLT
RazbaLT collected $0.12 from pot
RazbaLT: doesn't show hand 
*** SUMMARY ***
Total pot $0.12 | Rake $0 
Seat 1: EddiChu01 folded before Flop (didn't bet)
Seat 2: MAGGICIAN OTB folded before Flop (didn't bet)
Seat 3: 4oAses (button) folded before Flop (didn't bet)
Seat 4: Lorpugo (small blind) folded before Flop
Seat 5: RazbaLT (big blind) collected ($0.12)
Seat 6: Johnny S600 folded before Flop (didn't bet)



PokerStars Hand #240642788066:  Hold'em No Limit ($0.01/$0.02 USD) - 2022/12/23 12:18:28 ET
Table 'Telamon II' 6-max Seat #4 is the button
Seat 1: EddiChu01 ($3.22 in chips) 
Seat 2: MAGGICIAN OTB ($2.32 in chips) 
Seat 3: 4oAses ($2 in chips) 
Seat 4: Lorpugo ($3.04 in chips) 
Seat 5: RazbaLT ($2.06 in chips) 
Seat 6: Johnny S600 ($1.29 in chips) 
RazbaLT: posts small blind $0.01
Johnny S600: posts big blind $0.02
*** HOLE CARDS ***
Dealt to Lorpugo [7s Qh]
EddiChu01: raises $0.03 to $0.05
MAGGICIAN OTB: folds 
4oAses: folds 
Lorpugo: folds 
RazbaLT: folds 
Johnny S600: folds 
Uncalled bet ($0.03) returned to EddiChu01
EddiChu01 collected $0.05 from pot
EddiChu01: doesn't show hand 
*** SUMMARY ***
Total pot $0.05 | Rake $0 
Seat 1: EddiChu01 collected ($0.05)
Seat 2: MAGGICIAN OTB folded before Flop (didn't bet)
Seat 3: 4oAses folded before Flop (didn't bet)
Seat 4: Lorpugo (button) folded before Flop (didn't bet)
Seat 5: RazbaLT (small blind) folded before Flop
Seat 6: Johnny S600 (big blind) folded before Flop



PokerStars Hand #240642797112:  Hold'em No Limit ($0.01/$0.02 USD) - 2022/12/23 12:18:56 ET
Table 'Telamon II' 6-max Seat #5 is the button
Seat 1: EddiChu01 ($3.25 in chips) 
Seat 2: MAGGICIAN OTB ($2.32 in chips) 
Seat 3: 4oAses ($2 in chips) 
Seat 4: Lorpugo ($3.04 in chips) 
Seat 5: RazbaLT ($2.05 in chips) 
Seat 6: Johnny S600 ($1.27 in chips) 
Johnny S600: posts small blind $0.01
EddiChu01: posts big blind $0.02
*** HOLE CARDS ***
Dealt to Lorpugo [9c 6s]
MAGGICIAN OTB: folds 
MAGGICIAN OTB leaves the table
4oAses: folds 
Lorpugo: folds 
RazbaLT: raises $0.03 to $0.05
Johnny S600: folds 
EddiChu01: folds 
Uncalled bet ($0.03) returned to RazbaLT
RazbaLT collected $0.05 from pot
RazbaLT: doesn't show hand 
*** SUMMARY ***
Total pot $0.05 | Rake $0 
Seat 1: EddiChu01 (big blind) folded before Flop
Seat 2: MAGGICIAN OTB folded before Flop (didn't bet)
Seat 3: 4oAses folded before Flop (didn't bet)
Seat 4: Lorpugo folded before Flop (didn't bet)
Seat 5: RazbaLT (button) collected ($0.05)
Seat 6: Johnny S600 (small blind) folded before Flop



PokerStars Hand #240642803706:  Hold'em No Limit ($0.01/$0.02 USD) - 2022/12/23 12:19:17 ET
Table 'Telamon II' 6-max Seat #6 is the button
Seat 1: EddiChu01 ($3.23 in chips) 
Seat 3: 4oAses ($2 in chips) 
Seat 4: Lorpugo ($3.04 in chips) 
Seat 5: RazbaLT ($2.08 in chips) 
Seat 6: Johnny S600 ($1.26 in chips) 
EddiChu01: posts small blind $0.01
4oAses: posts big blind $0.02
*** HOLE CARDS ***
Dealt to Lorpugo [2d 5c]
Lorpugo: folds 
RazbaLT: folds 
Johnny S600: folds 
EddiChu01: folds 
Uncalled bet ($0.01) returned to 4oAses
4oAses collected $0.02 from pot
4oAses: doesn't show hand 
*** SUMMARY ***
Total pot $0.02 | Rake $0 
Seat 1: EddiChu01 (small blind) folded before Flop
Seat 3: 4oAses (big blind) collected ($0.02)
Seat 4: Lorpugo folded before Flop (didn't bet)
Seat 5: RazbaLT folded before Flop (didn't bet)
Seat 6: Johnny S600 (button) folded before Flop (didn't bet)



PokerStars Hand #240642807118:  Hold'em No Limit ($0.01/$0.02 USD) - 2022/12/23 12:19:28 ET
Table 'Telamon II' 6-max Seat #1 is the button
Seat 1: EddiChu01 ($3.22 in chips) 
Seat 3: 4oAses ($2.01 in chips) 
Seat 4: Lorpugo ($3.04 in chips) 
Seat 5: RazbaLT ($2.08 in chips) 
Seat 6: Johnny S600 ($1.26 in chips) 
4oAses: posts small blind $0.01
Lorpugo: posts big blind $0.02
*** HOLE CARDS ***
Dealt to Lorpugo [Ts 9d]
RazbaLT: folds 
Johnny S600: folds 
44_Eryk_44 joins the table at seat #2 
EddiChu01: folds 
4oAses: raises $0.03 to $0.05
Lorpugo: calls $0.03
*** FLOP *** [2d Ac 7c]
4oAses: checks 
Lorpugo: checks 
*** TURN *** [2d Ac 7c] [Kh]
4oAses: checks 
Lorpugo: bets $0.08
4oAses: folds 
Uncalled bet ($0.08) returned to Lorpugo
Lorpugo collected $0.10 from pot
Lorpugo: doesn't show hand 
*** SUMMARY ***
Total pot $0.10 | Rake $0 
Board [2d Ac 7c Kh]
Seat 1: EddiChu01 (button) folded before Flop (didn't bet)
Seat 3: 4oAses (small blind) folded on the Turn
Seat 4: Lorpugo (big blind) collected ($0.10)
Seat 5: RazbaLT folded before Flop (didn't bet)
Seat 6: Johnny S600 folded before Flop (didn't bet)



PokerStars Hand #240642827314:  Hold'em No Limit ($0.01/$0.02 USD) - 2022/12/23 12:20:33 ET
Table 'Telamon II' 6-max Seat #3 is the button
Seat 1: EddiChu01 ($3.22 in chips) 
Seat 2: 44_Eryk_44 ($2 in chips) 
Seat 3: 4oAses ($2 in chips) 
Seat 4: Lorpugo ($3.09 in chips) 
Seat 5: RazbaLT ($2.08 in chips) 
Seat 6: Johnny S600 ($1.26 in chips) 
Lorpugo: posts small blind $0.01
RazbaLT: posts big blind $0.02
44_Eryk_44: posts big blind $0.02
*** HOLE CARDS ***
Dealt to Lorpugo [4s Tc]
Johnny S600: folds 
EddiChu01: folds 
44_Eryk_44: raises $0.02 to $0.04
4oAses: folds 
Lorpugo: folds 
RazbaLT: calls $0.02
*** FLOP *** [Ad 4c Jh]
RazbaLT: checks 
44_Eryk_44: checks 
*** TURN *** [Ad 4c Jh] [9c]
RazbaLT: bets $0.05
44_Eryk_44: folds 
Uncalled bet ($0.05) returned to RazbaLT
RazbaLT collected $0.09 from pot
RazbaLT: doesn't show hand 
*** SUMMARY ***
Total pot $0.09 | Rake $0 
Board [Ad 4c Jh 9c]
Seat 1: EddiChu01 folded before Flop (didn't bet)
Seat 2: 44_Eryk_44 folded on the Turn
Seat 3: 4oAses (button) folded before Flop (didn't bet)
Seat 4: Lorpugo (small blind) folded before Flop
Seat 5: RazbaLT (big blind) collected ($0.09)
Seat 6: Johnny S600 folded before Flop (didn't bet)



PokerStars Hand #240642837543:  Hold'em No Limit ($0.01/$0.02 USD) - 2022/12/23 12:21:05 ET
Table 'Telamon II' 6-max Seat #4 is the button
Seat 1: EddiChu01 ($3.22 in chips) 
Seat 2: 44_Eryk_44 ($2 in chips) 
Seat 3: 4oAses ($2 in chips) 
Seat 4: Lorpugo ($3.08 in chips) 
Seat 5: RazbaLT ($2.13 in chips) 
Seat 6: Johnny S600 ($1.26 in chips) 
RazbaLT: posts small blind $0.01
Johnny S600: posts big blind $0.02
*** HOLE CARDS ***
Dealt to Lorpugo [4s 5d]
EddiChu01: folds 
44_Eryk_44: folds 
4oAses: folds 
Lorpugo: folds 
RazbaLT: folds 
Uncalled bet ($0.01) returned to Johnny S600
Johnny S600 collected $0.02 from pot
*** SUMMARY ***
Total pot $0.02 | Rake $0 
Seat 1: EddiChu01 folded before Flop (didn't bet)
Seat 2: 44_Eryk_44 folded before Flop (didn't bet)
Seat 3: 4oAses folded before Flop (didn't bet)
Seat 4: Lorpugo (button) folded before Flop (didn't bet)
Seat 5: RazbaLT (small blind) folded before Flop
Seat 6: Johnny S600 (big blind) collected ($0.02)



PokerStars Hand #240642841523:  Hold'em No Limit ($0.01/$0.02 USD) - 2022/12/23 12:21:18 ET
Table 'Telamon II' 6-max Seat #5 is the button
Seat 1: EddiChu01 ($3.22 in chips) 
Seat 2: 44_Eryk_44 ($2 in chips) 
Seat 3: 4oAses ($2 in chips) 
Seat 4: Lorpugo ($3.08 in chips) 
Seat 5: RazbaLT ($2.12 in chips) 
Seat 6: Johnny S600 ($1.27 in chips) 
Johnny S600: posts small blind $0.01
EddiChu01: posts big blind $0.02
*** HOLE CARDS ***
Dealt to Lorpugo [3d 3h]
44_Eryk_44: raises $0.04 to $0.06
4oAses: folds 
Lorpugo: calls $0.06
RazbaLT: folds 
Johnny S600: folds 
EddiChu01: folds 
*** FLOP *** [4s Js 5h]
44_Eryk_44: checks 
Lorpugo: bets $0.07
44_Eryk_44: folds 
Uncalled bet ($0.07) returned to Lorpugo
Lorpugo collected $0.14 from pot
Lorpugo: doesn't show hand 
*** SUMMARY ***
Total pot $0.15 | Rake $0.01 
Board [4s Js 5h]
Seat 1: EddiChu01 (big blind) folded before Flop
Seat 2: 44_Eryk_44 folded on the Flop
Seat 3: 4oAses folded before Flop (didn't bet)
Seat 4: Lorpugo collected ($0.14)
Seat 5: RazbaLT (button) folded before Flop (didn't bet)
Seat 6: Johnny S600 (small blind) folded before Flop



PokerStars Hand #240642849230:  Hold'em No Limit ($0.01/$0.02 USD) - 2022/12/23 12:21:43 ET
Table 'Telamon II' 6-max Seat #6 is the button
Seat 1: EddiChu01 ($3.20 in chips) 
Seat 2: 44_Eryk_44 ($2 in chips) 
Seat 3: 4oAses ($2 in chips) 
Seat 4: Lorpugo ($3.16 in chips) 
Seat 5: RazbaLT ($2.12 in chips) 
Seat 6: Johnny S600 ($1.26 in chips) 
EddiChu01: posts small blind $0.01
44_Eryk_44: posts big blind $0.02
*** HOLE CARDS ***
Dealt to Lorpugo [Qh Ac]
4oAses has timed out
4oAses: folds 
Lorpugo: raises $0.04 to $0.06
RazbaLT: folds 
Johnny S600: folds 
EddiChu01: folds 
44_Eryk_44: folds 
Uncalled bet ($0.04) returned to Lorpugo
Lorpugo collected $0.05 from pot
Lorpugo: doesn't show hand 
*** SUMMARY ***
Total pot $0.05 | Rake $0 
Seat 1: EddiChu01 (small blind) folded before Flop
Seat 2: 44_Eryk_44 (big blind) folded before Flop
Seat 3: 4oAses folded before Flop (didn't bet)
Seat 4: Lorpugo collected ($0.05)
Seat 5: RazbaLT folded before Flop (didn't bet)
Seat 6: Johnny S600 (button) folded before Flop (didn't bet)



PokerStars Hand #240642855431:  Hold'em No Limit ($0.01/$0.02 USD) - 2022/12/23 12:22:02 ET
Table 'Telamon II' 6-max Seat #1 is the button
Seat 1: EddiChu01 ($3.19 in chips) 
Seat 2: 44_Eryk_44 ($2 in chips) 
Seat 4: Lorpugo ($3.19 in chips) 
Seat 5: RazbaLT ($2.12 in chips) 
Seat 6: Johnny S600 ($1.26 in chips) 
44_Eryk_44: posts small blind $0.01
Lorpugo: posts big blind $0.02
*** HOLE CARDS ***
Dealt to Lorpugo [4s 2d]
RazbaLT: folds 
Johnny S600: folds 
EddiChu01: raises $0.03 to $0.05
44_Eryk_44: raises $0.17 to $0.22
Lorpugo: folds 
EddiChu01: calls $0.17
*** FLOP *** [3s 5h 9d]
44_Eryk_44: bets $0.30
EddiChu01: calls $0.30
*** TURN *** [3s 5h 9d] [Ac]
44_Eryk_44: checks 
EddiChu01: checks 
*** RIVER *** [3s 5h 9d Ac] [6s]
44_Eryk_44: checks 
EddiChu01: checks 
*** SHOW DOWN ***
44_Eryk_44: shows [Qd Qh] (a pair of Queens)
EddiChu01: mucks hand 
44_Eryk_44 collected $1.01 from pot
*** SUMMARY ***
Total pot $1.06 | Rake $0.05 
Board [3s 5h 9d Ac 6s]
Seat 1: EddiChu01 (button) mucked [7c 7h]
Seat 2: 44_Eryk_44 (small blind) showed [Qd Qh] and won ($1.01) with a pair of Queens
Seat 4: Lorpugo (big blind) folded before Flop
Seat 5: RazbaLT folded before Flop (didn't bet)
Seat 6: Johnny S600 folded before Flop (didn't bet)



PokerStars Hand #240642871955:  Hold'em No Limit ($0.01/$0.02 USD) - 2022/12/23 12:22:54 ET
Table 'Telamon II' 6-max Seat #2 is the button
Seat 1: EddiChu01 ($2.67 in chips) 
Seat 2: 44_Eryk_44 ($2.49 in chips) 
Seat 4: Lorpugo ($3.17 in chips) 
Seat 5: RazbaLT ($2.12 in chips) 
Seat 6: Johnny S600 ($1.26 in chips) 
Lorpugo: posts small blind $0.01
RazbaLT: posts big blind $0.02
*** HOLE CARDS ***
Dealt to Lorpugo [8h 8d]
Johnny S600: folds 
Johnny S600 leaves the table
EddiChu01: folds 
44_Eryk_44: raises $0.02 to $0.04
Lorpugo: raises $0.10 to $0.14
RazbaLT: folds 
44_Eryk_44: folds 
Uncalled bet ($0.10) returned to Lorpugo
Lorpugo collected $0.10 from pot
Lorpugo: doesn't show hand 
*** SUMMARY ***
Total pot $0.10 | Rake $0 
Seat 1: EddiChu01 folded before Flop (didn't bet)
Seat 2: 44_Eryk_44 (button) folded before Flop
Seat 4: Lorpugo (small blind) collected ($0.10)
Seat 5: RazbaLT (big blind) folded before Flop
Seat 6: Johnny S600 folded before Flop (didn't bet)



PokerStars Hand #240642880301:  Hold'em No Limit ($0.01/$0.02 USD) - 2022/12/23 12:23:21 ET
Table 'Telamon II' 6-max Seat #4 is the button
Seat 1: EddiChu01 ($2.67 in chips) 
Seat 2: 44_Eryk_44 ($2.45 in chips) 
Seat 4: Lorpugo ($3.23 in chips) 
Seat 5: RazbaLT ($2.10 in chips) 
RazbaLT: posts small blind $0.01
EddiChu01: posts big blind $0.02
*** HOLE CARDS ***
Dealt to Lorpugo [Ah 2c]
44_Eryk_44: folds 
Lorpugo: raises $0.04 to $0.06
RazbaLT: folds 
EddiChu01: folds 
Uncalled bet ($0.04) returned to Lorpugo
Lorpugo collected $0.05 from pot
Lorpugo: doesn't show hand 
*** SUMMARY ***
Total pot $0.05 | Rake $0 
Seat 1: EddiChu01 (big blind) folded before Flop
Seat 2: 44_Eryk_44 folded before Flop (didn't bet)
Seat 4: Lorpugo (button) collected ($0.05)
Seat 5: RazbaLT (small blind) folded before Flop



PokerStars Hand #240642885795:  Hold'em No Limit ($0.01/$0.02 USD) - 2022/12/23 12:23:38 ET
Table 'Telamon II' 6-max Seat #5 is the button
Seat 1: EddiChu01 ($2.65 in chips) 
Seat 2: 44_Eryk_44 ($2.45 in chips) 
Seat 4: Lorpugo ($3.26 in chips) 
Seat 5: RazbaLT ($2.09 in chips) 
EddiChu01: posts small blind $0.01
44_Eryk_44: posts big blind $0.02
*** HOLE CARDS ***
Dealt to Lorpugo [8s 2d]
Lorpugo: folds 
RazbaLT: folds 
EddiChu01: folds 
Uncalled bet ($0.01) returned to 44_Eryk_44
44_Eryk_44 collected $0.02 from pot
44_Eryk_44: doesn't show hand 
*** SUMMARY ***
Total pot $0.02 | Rake $0 
Seat 1: EddiChu01 (small blind) folded before Flop
Seat 2: 44_Eryk_44 (big blind) collected ($0.02)
Seat 4: Lorpugo folded before Flop (didn't bet)
Seat 5: RazbaLT (button) folded before Flop (didn't bet)



PokerStars Hand #240642888529:  Hold'em No Limit ($0.01/$0.02 USD) - 2022/12/23 12:23:47 ET
Table 'Telamon II' 6-max Seat #1 is the button
Seat 1: EddiChu01 ($2.64 in chips) 
Seat 2: 44_Eryk_44 ($2.46 in chips) 
Seat 3: 4oAses ($2 in chips) 
Seat 4: Lorpugo ($3.26 in chips) 
Seat 5: RazbaLT ($2.09 in chips) 
44_Eryk_44: posts small blind $0.01
4oAses: posts big blind $0.02
*** HOLE CARDS ***
Dealt to Lorpugo [4h 4d]
Lorpugo: raises $0.04 to $0.06
RazbaLT: calls $0.06
EddiChu01: folds 
44_Eryk_44: folds 
4oAses: folds 
*** FLOP *** [5c Qc Td]
Lorpugo: checks 
RazbaLT: bets $0.07
Lorpugo: folds 
Uncalled bet ($0.07) returned to RazbaLT
RazbaLT collected $0.14 from pot
RazbaLT: doesn't show hand 
*** SUMMARY ***
Total pot $0.15 | Rake $0.01 
Board [5c Qc Td]
Seat 1: EddiChu01 (button) folded before Flop (didn't bet)
Seat 2: 44_Eryk_44 (small blind) folded before Flop
Seat 3: 4oAses (big blind) folded before Flop
Seat 4: Lorpugo folded on the Flop
Seat 5: RazbaLT collected ($0.14)



PokerStars Hand #240642898142:  Hold'em No Limit ($0.01/$0.02 USD) - 2022/12/23 12:24:17 ET
Table 'Telamon II' 6-max Seat #2 is the button
Seat 1: EddiChu01 ($2.64 in chips) 
Seat 2: 44_Eryk_44 ($2.45 in chips) 
Seat 3: 4oAses ($2 in chips) 
Seat 4: Lorpugo ($3.20 in chips) 
Seat 5: RazbaLT ($2.17 in chips) 
4oAses: posts small blind $0.01
Lorpugo: posts big blind $0.02
*** HOLE CARDS ***
Dealt to Lorpugo [6s Th]
vladcrist308 joins the table at seat #6 
RazbaLT: folds 
EddiChu01: raises $0.03 to $0.05
44_Eryk_44: calls $0.05
4oAses: folds 
Lorpugo: folds 
*** FLOP *** [Qs Ah 2s]
EddiChu01: checks 
44_Eryk_44: bets $0.04
EddiChu01: folds 
Uncalled bet ($0.04) returned to 44_Eryk_44
44_Eryk_44 collected $0.13 from pot
44_Eryk_44: doesn't show hand 
*** SUMMARY ***
Total pot $0.13 | Rake $0 
Board [Qs Ah 2s]
Seat 1: EddiChu01 folded on the Flop
Seat 2: 44_Eryk_44 (button) collected ($0.13)
Seat 3: 4oAses (small blind) folded before Flop
Seat 4: Lorpugo (big blind) folded before Flop
Seat 5: RazbaLT folded before Flop (didn't bet)



PokerStars Hand #240642906563:  Hold'em No Limit ($0.01/$0.02 USD) - 2022/12/23 12:24:44 ET
Table 'Telamon II' 6-max Seat #3 is the button
Seat 1: EddiChu01 ($2.59 in chips) 
Seat 2: 44_Eryk_44 ($2.53 in chips) 
Seat 3: 4oAses ($2 in chips) 
Seat 4: Lorpugo ($3.18 in chips) 
Seat 5: RazbaLT ($2.17 in chips) 
Lorpugo: posts small blind $0.01
RazbaLT: posts big blind $0.02
*** HOLE CARDS ***
Dealt to Lorpugo [4h 9c]
EddiChu01: folds 
44_Eryk_44: folds 
4oAses: folds 
Lorpugo: folds 
Uncalled bet ($0.01) returned to RazbaLT
RazbaLT collected $0.02 from pot
RazbaLT: doesn't show hand 
*** SUMMARY ***
Total pot $0.02 | Rake $0 
Seat 1: EddiChu01 folded before Flop (didn't bet)
Seat 2: 44_Eryk_44 folded before Flop (didn't bet)
Seat 3: 4oAses (button) folded before Flop (didn't bet)
Seat 4: Lorpugo (small blind) folded before Flop
Seat 5: RazbaLT (big blind) collected ($0.02)



PokerStars Hand #240642910820:  Hold'em No Limit ($0.01/$0.02 USD) - 2022/12/23 12:24:58 ET
Table 'Telamon II' 6-max Seat #4 is the button
Seat 1: EddiChu01 ($2.59 in chips) 
Seat 2: 44_Eryk_44 ($2.53 in chips) 
Seat 3: 4oAses ($2 in chips) 
Seat 4: Lorpugo ($3.17 in chips) 
Seat 5: RazbaLT ($2.18 in chips) 
Seat 6: vladcrist308 ($1 in chips) 
RazbaLT: posts small blind $0.01
vladcrist308: posts big blind $0.02
*** HOLE CARDS ***
Dealt to Lorpugo [5c 3d]
EddiChu01: folds 
44_Eryk_44: raises $0.04 to $0.06
4oAses: folds 
Lorpugo: folds 
RazbaLT: folds 
vladcrist308: calls $0.04
*** FLOP *** [6c Qd Ah]
vladcrist308: bets $0.02
44_Eryk_44: calls $0.02
*** TURN *** [6c Qd Ah] [6h]
vladcrist308: bets $0.02
44_Eryk_44: folds 
Uncalled bet ($0.02) returned to vladcrist308
vladcrist308 collected $0.16 from pot
*** SUMMARY ***
Total pot $0.17 | Rake $0.01 
Board [6c Qd Ah 6h]
Seat 1: EddiChu01 folded before Flop (didn't bet)
Seat 2: 44_Eryk_44 folded on the Turn
Seat 3: 4oAses folded before Flop (didn't bet)
Seat 4: Lorpugo (button) folded before Flop (didn't bet)
Seat 5: RazbaLT (small blind) folded before Flop
Seat 6: vladcrist308 (big blind) collected ($0.16)



PokerStars Hand #240642921036:  Hold'em No Limit ($0.01/$0.02 USD) - 2022/12/23 12:25:30 ET
Table 'Telamon II' 6-max Seat #5 is the button
Seat 1: EddiChu01 ($2.59 in chips) 
Seat 2: 44_Eryk_44 ($2.45 in chips) 
Seat 3: 4oAses ($2 in chips) 
Seat 4: Lorpugo ($3.17 in chips) 
Seat 5: RazbaLT ($2.17 in chips) 
Seat 6: vladcrist308 ($1.08 in chips) 
vladcrist308: posts small blind $0.01
EddiChu01: posts big blind $0.02
*** HOLE CARDS ***
Dealt to Lorpugo [4c Kh]
44_Eryk_44: folds 
4oAses has timed out
4oAses: folds 
Lorpugo: folds 
RazbaLT: folds 
vladcrist308: calls $0.01
EddiChu01: checks 
*** FLOP *** [Js 8c 6s]
vladcrist308: bets $0.02
EddiChu01: calls $0.02
*** TURN *** [Js 8c 6s] [Jd]
vladcrist308: bets $0.02
EddiChu01: folds 
Uncalled bet ($0.02) returned to vladcrist308
vladcrist308 collected $0.08 from pot
*** SUMMARY ***
Total pot $0.08 | Rake $0 
Board [Js 8c 6s Jd]
Seat 1: EddiChu01 (big blind) folded on the Turn
Seat 2: 44_Eryk_44 folded before Flop (didn't bet)
Seat 3: 4oAses folded before Flop (didn't bet)
Seat 4: Lorpugo folded before Flop (didn't bet)
Seat 5: RazbaLT (button) folded before Flop (didn't bet)
Seat 6: vladcrist308 (small blind) collected ($0.08)



PokerStars Hand #240642934233:  Hold'em No Limit ($0.01/$0.02 USD) - 2022/12/23 12:26:10 ET
Table 'Telamon II' 6-max Seat #6 is the button
Seat 1: EddiChu01 ($2.55 in chips) 
Seat 2: 44_Eryk_44 ($2.45 in chips) 
Seat 3: 4oAses ($2 in chips) 
Seat 4: Lorpugo ($3.17 in chips) 
Seat 5: RazbaLT ($2.17 in chips) 
Seat 6: vladcrist308 ($1.12 in chips) 
EddiChu01: posts small blind $0.01
44_Eryk_44: posts big blind $0.02
*** HOLE CARDS ***
Dealt to Lorpugo [9s 4s]
4oAses: raises $0.04 to $0.06
Lorpugo: folds 
RazbaLT: folds 
vladcrist308: calls $0.06
EddiChu01: folds 
44_Eryk_44: folds 
*** FLOP *** [7c Tc 9c]
4oAses: checks 
vladcrist308: bets $0.02
4oAses: calls $0.02
*** TURN *** [7c Tc 9c] [3d]
4oAses: checks 
vladcrist308: bets $0.02
4oAses: calls $0.02
*** RIVER *** [7c Tc 9c 3d] [Ad]
4oAses: checks 
vladcrist308: checks 
*** SHOW DOWN ***
4oAses: shows [Js As] (a pair of Aces)
vladcrist308: mucks hand 
4oAses collected $0.22 from pot
*** SUMMARY ***
Total pot $0.23 | Rake $0.01 
Board [7c Tc 9c 3d Ad]
Seat 1: EddiChu01 (small blind) folded before Flop
Seat 2: 44_Eryk_44 (big blind) folded before Flop
Seat 3: 4oAses showed [Js As] and won ($0.22) with a pair of Aces
Seat 4: Lorpugo folded before Flop (didn't bet)
Seat 5: RazbaLT folded before Flop (didn't bet)
Seat 6: vladcrist308 (button) mucked [2d Kh]



PokerStars Hand #240642946574:  Hold'em No Limit ($0.01/$0.02 USD) - 2022/12/23 12:26:48 ET
Table 'Telamon II' 6-max Seat #1 is the button
Seat 1: EddiChu01 ($2.54 in chips) 
Seat 2: 44_Eryk_44 ($2.43 in chips) 
Seat 3: 4oAses ($2.12 in chips) 
Seat 4: Lorpugo ($3.17 in chips) 
Seat 5: RazbaLT ($2.17 in chips) 
Seat 6: vladcrist308 ($1.02 in chips) 
44_Eryk_44: posts small blind $0.01
4oAses: posts big blind $0.02
*** HOLE CARDS ***
Dealt to Lorpugo [4c 9d]
Lorpugo: folds 
RazbaLT: folds 
vladcrist308 has timed out
vladcrist308: folds 
EddiChu01: folds 
44_Eryk_44: folds 
Uncalled bet ($0.01) returned to 4oAses
4oAses collected $0.02 from pot
4oAses: doesn't show hand 
*** SUMMARY ***
Total pot $0.02 | Rake $0 
Seat 1: EddiChu01 (button) folded before Flop (didn't bet)
Seat 2: 44_Eryk_44 (small blind) folded before Flop
Seat 3: 4oAses (big blind) collected ($0.02)
Seat 4: Lorpugo folded before Flop (didn't bet)
Seat 5: RazbaLT folded before Flop (didn't bet)
Seat 6: vladcrist308 folded before Flop (didn't bet)



PokerStars Hand #240642952616:  Hold'em No Limit ($0.01/$0.02 USD) - 2022/12/23 12:27:07 ET
Table 'Telamon II' 6-max Seat #2 is the button
Seat 1: EddiChu01 ($2.54 in chips) 
Seat 2: 44_Eryk_44 ($2.42 in chips) 
Seat 3: 4oAses ($2.13 in chips) 
Seat 4: Lorpugo ($3.17 in chips) 
Seat 5: RazbaLT ($2.17 in chips) 
4oAses: posts small blind $0.01
Lorpugo: posts big blind $0.02
*** HOLE CARDS ***
Dealt to Lorpugo [6d Jd]
RazbaLT: folds 
EddiChu01: folds 
44_Eryk_44: raises $0.02 to $0.04
4oAses: folds 
Lorpugo: calls $0.02
*** FLOP *** [3s 9h Jc]
Lorpugo: checks 
44_Eryk_44: bets $0.05
vladcrist308 is disconnected 
Lorpugo: raises $0.05 to $0.10
44_Eryk_44: calls $0.05
*** TURN *** [3s 9h Jc] [Ac]
Lorpugo: bets $0.09
44_Eryk_44: calls $0.09
*** RIVER *** [3s 9h Jc Ac] [Ah]
Lorpugo: checks 
44_Eryk_44: checks 
*** SHOW DOWN ***
Lorpugo: shows [6d Jd] (two pair, Aces and Jacks)
44_Eryk_44: shows [Qd Js] (two pair, Aces and Jacks - Queen kicker)
44_Eryk_44 collected $0.45 from pot
*** SUMMARY ***
Total pot $0.47 | Rake $0.02 
Board [3s 9h Jc Ac Ah]
Seat 1: EddiChu01 folded before Flop (didn't bet)
Seat 2: 44_Eryk_44 (button) showed [Qd Js] and won ($0.45) with two pair, Aces and Jacks
Seat 3: 4oAses (small blind) folded before Flop
Seat 4: Lorpugo (big blind) showed [6d Jd] and lost with two pair, Aces and Jacks
Seat 5: RazbaLT folded before Flop (didn't bet)



PokerStars Hand #240642964161:  Hold'em No Limit ($0.01/$0.02 USD) - 2022/12/23 12:27:42 ET
Table 'Telamon II' 6-max Seat #3 is the button
Seat 1: EddiChu01 ($2.54 in chips) 
Seat 2: 44_Eryk_44 ($2.64 in chips) 
Seat 3: 4oAses ($2.12 in chips) 
Seat 4: Lorpugo ($2.94 in chips) 
Seat 5: RazbaLT ($2.17 in chips) 
Lorpugo: posts small blind $0.01
RazbaLT: posts big blind $0.02
*** HOLE CARDS ***
Dealt to Lorpugo [Jd Ad]
EddiChu01: folds 
44_Eryk_44: raises $0.04 to $0.06
4oAses: folds 
Lorpugo: raises $0.14 to $0.20
RazbaLT: folds 
44_Eryk_44: calls $0.14
*** FLOP *** [5c 5h 2s]
Lorpugo: checks 
44_Eryk_44: bets $0.21
Lorpugo: calls $0.21
*** TURN *** [5c 5h 2s] [Qh]
Lorpugo: checks 
44_Eryk_44: bets $0.41
Lorpugo: folds 
Uncalled bet ($0.41) returned to 44_Eryk_44
44_Eryk_44 collected $0.80 from pot
44_Eryk_44: doesn't show hand 
*** SUMMARY ***
Total pot $0.84 | Rake $0.04 
Board [5c 5h 2s Qh]
Seat 1: EddiChu01 folded before Flop (didn't bet)
Seat 2: 44_Eryk_44 collected ($0.80)
Seat 3: 4oAses (button) folded before Flop (didn't bet)
Seat 4: Lorpugo (small blind) folded on the Turn
Seat 5: RazbaLT (big blind) folded before Flop



PokerStars Hand #240642975824:  Hold'em No Limit ($0.01/$0.02 USD) - 2022/12/23 12:28:18 ET
Table 'Telamon II' 6-max Seat #4 is the button
Seat 1: EddiChu01 ($2.54 in chips) 
Seat 2: 44_Eryk_44 ($3.03 in chips) 
Seat 3: 4oAses ($2.12 in chips) 
Seat 4: Lorpugo ($2.53 in chips) 
Seat 5: RazbaLT ($2.15 in chips) 
RazbaLT: posts small blind $0.01
EddiChu01: posts big blind $0.02
*** HOLE CARDS ***
Dealt to Lorpugo [4h 3h]
44_Eryk_44: folds 
4oAses: folds 
Lorpugo: raises $0.04 to $0.06
RazbaLT: folds 
EddiChu01: calls $0.04
*** FLOP *** [3c 7h Tc]
EddiChu01: checks 
Lorpugo: checks 
*** TURN *** [3c 7h Tc] [3d]
EddiChu01: checks 
Lorpugo: bets $0.16
EddiChu01: folds 
Uncalled bet ($0.16) returned to Lorpugo
Lorpugo collected $0.13 from pot
Lorpugo: doesn't show hand 
*** SUMMARY ***
Total pot $0.13 | Rake $0 
Board [3c 7h Tc 3d]
Seat 1: EddiChu01 (big blind) folded on the Turn
Seat 2: 44_Eryk_44 folded before Flop (didn't bet)
Seat 3: 4oAses folded before Flop (didn't bet)
Seat 4: Lorpugo (button) collected ($0.13)
Seat 5: RazbaLT (small blind) folded before Flop



PokerStars Hand #240642985032:  Hold'em No Limit ($0.01/$0.02 USD) - 2022/12/23 12:28:46 ET
Table 'Telamon II' 6-max Seat #5 is the button
Seat 1: EddiChu01 ($2.48 in chips) 
Seat 2: 44_Eryk_44 ($3.03 in chips) 
Seat 3: 4oAses ($2.12 in chips) 
Seat 4: Lorpugo ($2.60 in chips) 
Seat 5: RazbaLT ($2.14 in chips) 
EddiChu01: posts small blind $0.01
44_Eryk_44: posts big blind $0.02
*** HOLE CARDS ***
Dealt to Lorpugo [Qc 9h]
4oAses: folds 
Lorpugo: folds 
RazbaLT: raises $0.03 to $0.05
EddiChu01: folds 
44_Eryk_44: folds 
Uncalled bet ($0.03) returned to RazbaLT
RazbaLT collected $0.05 from pot
RazbaLT: doesn't show hand 
*** SUMMARY ***
Total pot $0.05 | Rake $0 
Seat 1: EddiChu01 (small blind) folded before Flop
Seat 2: 44_Eryk_44 (big blind) folded before Flop
Seat 3: 4oAses folded before Flop (didn't bet)
Seat 4: Lorpugo folded before Flop (didn't bet)
Seat 5: RazbaLT (button) collected ($0.05)



PokerStars Hand #240642988721:  Hold'em No Limit ($0.01/$0.02 USD) - 2022/12/23 12:28:58 ET
Table 'Telamon II' 6-max Seat #1 is the button
Seat 1: EddiChu01 ($2.47 in chips) 
Seat 2: 44_Eryk_44 ($3.01 in chips) 
Seat 3: 4oAses ($2.12 in chips) 
Seat 4: Lorpugo ($2.60 in chips) 
Seat 5: RazbaLT ($2.17 in chips) 
44_Eryk_44: posts small blind $0.01
4oAses: posts big blind $0.02
*** HOLE CARDS ***
Dealt to Lorpugo [5d 6d]
Lorpugo: raises $0.04 to $0.06
RazbaLT: folds 
EddiChu01: folds 
44_Eryk_44: folds 
4oAses: folds 
Uncalled bet ($0.04) returned to Lorpugo
Lorpugo collected $0.05 from pot
Lorpugo: doesn't show hand 
*** SUMMARY ***
Total pot $0.05 | Rake $0 
Seat 1: EddiChu01 (button) folded before Flop (didn't bet)
Seat 2: 44_Eryk_44 (small blind) folded before Flop
Seat 3: 4oAses (big blind) folded before Flop
Seat 4: Lorpugo collected ($0.05)
Seat 5: RazbaLT folded before Flop (didn't bet)



PokerStars Hand #240642994795:  Hold'em No Limit ($0.01/$0.02 USD) - 2022/12/23 12:29:17 ET
Table 'Telamon II' 6-max Seat #2 is the button
Seat 1: EddiChu01 ($2.47 in chips) 
Seat 2: 44_Eryk_44 ($3 in chips) 
Seat 3: 4oAses ($2.10 in chips) 
Seat 4: Lorpugo ($2.63 in chips) 
Seat 5: RazbaLT ($2.17 in chips) 
4oAses: posts small blind $0.01
Lorpugo: posts big blind $0.02
*** HOLE CARDS ***
Dealt to Lorpugo [3s Qd]
RazbaLT: folds 
EddiChu01: folds 
44_Eryk_44: raises $0.02 to $0.04
4oAses: folds 
Lorpugo: folds 
Uncalled bet ($0.02) returned to 44_Eryk_44
44_Eryk_44 collected $0.05 from pot
44_Eryk_44: doesn't show hand 
*** SUMMARY ***
Total pot $0.05 | Rake $0 
Seat 1: EddiChu01 folded before Flop (didn't bet)
Seat 2: 44_Eryk_44 (button) collected ($0.05)
Seat 3: 4oAses (small blind) folded before Flop
Seat 4: Lorpugo (big blind) folded before Flop
Seat 5: RazbaLT folded before Flop (didn't bet)



PokerStars Hand #240642999774:  Hold'em No Limit ($0.01/$0.02 USD) - 2022/12/23 12:29:32 ET
Table 'Telamon II' 6-max Seat #3 is the button
Seat 1: EddiChu01 ($2.47 in chips) 
Seat 2: 44_Eryk_44 ($3.03 in chips) 
Seat 3: 4oAses ($2.09 in chips) 
Seat 4: Lorpugo ($2.61 in chips) 
Seat 5: RazbaLT ($2.17 in chips) 
Lorpugo: posts small blind $0.01
RazbaLT: posts big blind $0.02
*** HOLE CARDS ***
Dealt to Lorpugo [5d Jd]
EddiChu01: folds 
44_Eryk_44: raises $0.04 to $0.06
4oAses: raises $0.12 to $0.18
Lorpugo: folds 
RazbaLT: folds 
44_Eryk_44: folds 
Uncalled bet ($0.12) returned to 4oAses
4oAses collected $0.15 from pot
4oAses: doesn't show hand 
*** SUMMARY ***
Total pot $0.15 | Rake $0 
Seat 1: EddiChu01 folded before Flop (didn't bet)
Seat 2: 44_Eryk_44 folded before Flop
Seat 3: 4oAses (button) collected ($0.15)
Seat 4: Lorpugo (small blind) folded before Flop
Seat 5: RazbaLT (big blind) folded before Flop



PokerStars Hand #240643006441:  Hold'em No Limit ($0.01/$0.02 USD) - 2022/12/23 12:29:53 ET
Table 'Telamon II' 6-max Seat #4 is the button
Seat 1: EddiChu01 ($2.47 in chips) 
Seat 2: 44_Eryk_44 ($2.97 in chips) 
Seat 3: 4oAses ($2.18 in chips) 
Seat 4: Lorpugo ($2.60 in chips) 
Seat 5: RazbaLT ($2.15 in chips) 
RazbaLT: posts small blind $0.01
EddiChu01: posts big blind $0.02
*** HOLE CARDS ***
Dealt to Lorpugo [7h Jd]
44_Eryk_44: folds 
4oAses: folds 
Lorpugo: raises $0.04 to $0.06
RazbaLT: folds 
EddiChu01: folds 
Uncalled bet ($0.04) returned to Lorpugo
Lorpugo collected $0.05 from pot
Lorpugo: doesn't show hand 
*** SUMMARY ***
Total pot $0.05 | Rake $0 
Seat 1: EddiChu01 (big blind) folded before Flop
Seat 2: 44_Eryk_44 folded before Flop (didn't bet)
Seat 3: 4oAses folded before Flop (didn't bet)
Seat 4: Lorpugo (button) collected ($0.05)
Seat 5: RazbaLT (small blind) folded before Flop



PokerStars Hand #240643010484:  Hold'em No Limit ($0.01/$0.02 USD) - 2022/12/23 12:30:05 ET
Table 'Telamon II' 6-max Seat #5 is the button
Seat 1: EddiChu01 ($2.45 in chips) 
Seat 2: 44_Eryk_44 ($2.97 in chips) 
Seat 3: 4oAses ($2.18 in chips) 
Seat 4: Lorpugo ($2.63 in chips) 
Seat 5: RazbaLT ($2.14 in chips) 
EddiChu01: posts small blind $0.01
44_Eryk_44: posts big blind $0.02
*** HOLE CARDS ***
Dealt to Lorpugo [2d 5h]
4oAses: raises $0.03 to $0.05
Lorpugo: folds 
RazbaLT: folds 
EddiChu01: folds 
44_Eryk_44: calls $0.03
*** FLOP *** [As Qd 8d]
44_Eryk_44: checks 
4oAses: bets $0.04
44_Eryk_44: raises $0.10 to $0.14
4oAses: calls $0.10
*** TURN *** [As Qd 8d] [Th]
44_Eryk_44: checks 
4oAses: checks 
*** RIVER *** [As Qd 8d Th] [Ks]
44_Eryk_44: checks 
4oAses: checks 
*** SHOW DOWN ***
44_Eryk_44: shows [Qc 8s] (two pair, Queens and Eights)
4oAses: mucks hand 
44_Eryk_44 collected $0.38 from pot
*** SUMMARY ***
Total pot $0.39 | Rake $0.01 
Board [As Qd 8d Th Ks]
Seat 1: EddiChu01 (small blind) folded before Flop
Seat 2: 44_Eryk_44 (big blind) showed [Qc 8s] and won ($0.38) with two pair, Queens and Eights
Seat 3: 4oAses mucked [6c Ac]
Seat 4: Lorpugo folded before Flop (didn't bet)
Seat 5: RazbaLT (button) folded before Flop (didn't bet)



PokerStars Hand #240643020636:  Hold'em No Limit ($0.01/$0.02 USD) - 2022/12/23 12:30:35 ET
Table 'Telamon II' 6-max Seat #1 is the button
Seat 1: EddiChu01 ($2.44 in chips) 
Seat 2: 44_Eryk_44 ($3.16 in chips) 
Seat 3: 4oAses ($2 in chips) 
Seat 4: Lorpugo ($2.63 in chips) 
Seat 5: RazbaLT ($2.14 in chips) 
44_Eryk_44: posts small blind $0.01
4oAses: posts big blind $0.02
*** HOLE CARDS ***
Dealt to Lorpugo [Js Kh]
Lorpugo: raises $0.04 to $0.06
RazbaLT: folds 
EddiChu01: folds 
44_Eryk_44: folds 
4oAses: folds 
Uncalled bet ($0.04) returned to Lorpugo
Lorpugo collected $0.05 from pot
Lorpugo: doesn't show hand 
*** SUMMARY ***
Total pot $0.05 | Rake $0 
Seat 1: EddiChu01 (button) folded before Flop (didn't bet)
Seat 2: 44_Eryk_44 (small blind) folded before Flop
Seat 3: 4oAses (big blind) folded before Flop
Seat 4: Lorpugo collected ($0.05)
Seat 5: RazbaLT folded before Flop (didn't bet)



PokerStars Hand #240643024568:  Hold'em No Limit ($0.01/$0.02 USD) - 2022/12/23 12:30:47 ET
Table 'Telamon II' 6-max Seat #2 is the button
Seat 1: EddiChu01 ($2.44 in chips) 
Seat 2: 44_Eryk_44 ($3.15 in chips) 
Seat 3: 4oAses ($2 in chips) 
Seat 4: Lorpugo ($2.66 in chips) 
Seat 5: RazbaLT ($2.14 in chips) 
4oAses: posts small blind $0.01
Lorpugo: posts big blind $0.02
*** HOLE CARDS ***
Dealt to Lorpugo [3s Jc]
RazbaLT: folds 
EddiChu01: folds 
44_Eryk_44: raises $0.02 to $0.04
4oAses: folds 
Lorpugo: calls $0.02
*** FLOP *** [9d 6c Qh]
Lorpugo: checks 
44_Eryk_44: checks 
*** TURN *** [9d 6c Qh] [2c]
Lorpugo: bets $0.14
44_Eryk_44: folds 
Uncalled bet ($0.14) returned to Lorpugo
Lorpugo collected $0.09 from pot
Lorpugo: doesn't show hand 
*** SUMMARY ***
Total pot $0.09 | Rake $0 
Board [9d 6c Qh 2c]
Seat 1: EddiChu01 folded before Flop (didn't bet)
Seat 2: 44_Eryk_44 (button) folded on the Turn
Seat 3: 4oAses (small blind) folded before Flop
Seat 4: Lorpugo (big blind) collected ($0.09)
Seat 5: RazbaLT folded before Flop (didn't bet)



PokerStars Hand #240643033109:  Hold'em No Limit ($0.01/$0.02 USD) - 2022/12/23 12:31:12 ET
Table 'Telamon II' 6-max Seat #3 is the button
Seat 1: EddiChu01 ($2.44 in chips) 
Seat 2: 44_Eryk_44 ($3.11 in chips) 
Seat 3: 4oAses ($2 in chips) 
Seat 4: Lorpugo ($2.71 in chips) 
Seat 5: RazbaLT ($2.14 in chips) 
Lorpugo: posts small blind $0.01
RazbaLT: posts big blind $0.02
*** HOLE CARDS ***
Dealt to Lorpugo [9c As]
EddiChu01: folds 
44_Eryk_44: folds 
4oAses: raises $0.03 to $0.05
Lorpugo: raises $0.09 to $0.14
RazbaLT: folds 
4oAses: folds 
Uncalled bet ($0.09) returned to Lorpugo
Lorpugo collected $0.12 from pot
Lorpugo: doesn't show hand 
*** SUMMARY ***
Total pot $0.12 | Rake $0 
Seat 1: EddiChu01 folded before Flop (didn't bet)
Seat 2: 44_Eryk_44 folded before Flop (didn't bet)
Seat 3: 4oAses (button) folded before Flop
Seat 4: Lorpugo (small blind) collected ($0.12)
Seat 5: RazbaLT (big blind) folded before Flop



PokerStars Hand #240643041947:  Hold'em No Limit ($0.01/$0.02 USD) - 2022/12/23 12:31:39 ET
Table 'Telamon II' 6-max Seat #4 is the button
Seat 1: EddiChu01 ($2.44 in chips) 
Seat 2: 44_Eryk_44 ($3.11 in chips) 
Seat 3: 4oAses ($2 in chips) 
Seat 4: Lorpugo ($2.78 in chips) 
Seat 5: RazbaLT ($2.12 in chips) 
RazbaLT: posts small blind $0.01
EddiChu01: posts big blind $0.02
*** HOLE CARDS ***
Dealt to Lorpugo [9d As]
44_Eryk_44: raises $0.04 to $0.06
4oAses: folds 
Lorpugo: calls $0.06
RazbaLT: folds 
EddiChu01: calls $0.04
*** FLOP *** [Jd 2d 5s]
EddiChu01: checks 
44_Eryk_44: checks 
Lorpugo: bets $0.06
EddiChu01: calls $0.06
44_Eryk_44: folds 
*** TURN *** [Jd 2d 5s] [6h]
EddiChu01: bets $0.23
Lorpugo: folds 
Uncalled bet ($0.23) returned to EddiChu01
EddiChu01 collected $0.30 from pot
EddiChu01: doesn't show hand 
*** SUMMARY ***
Total pot $0.31 | Rake $0.01 
Board [Jd 2d 5s 6h]
Seat 1: EddiChu01 (big blind) collected ($0.30)
Seat 2: 44_Eryk_44 folded on the Flop
Seat 3: 4oAses folded before Flop (didn't bet)
Seat 4: Lorpugo (button) folded on the Turn
Seat 5: RazbaLT (small blind) folded before Flop



PokerStars Hand #240643058053:  Hold'em No Limit ($0.01/$0.02 USD) - 2022/12/23 12:32:26 ET
Table 'Telamon II' 6-max Seat #5 is the button
Seat 1: EddiChu01 ($2.62 in chips) 
Seat 2: 44_Eryk_44 ($3.05 in chips) 
Seat 3: 4oAses ($2 in chips) 
Seat 4: Lorpugo ($2.66 in chips) 
Seat 5: RazbaLT ($2.11 in chips) 
EddiChu01: posts small blind $0.01
44_Eryk_44: posts big blind $0.02
*** HOLE CARDS ***
Dealt to Lorpugo [Jh Qs]
4oAses: folds 
Lorpugo: raises $0.04 to $0.06
RazbaLT: folds 
EddiChu01: folds 
44_Eryk_44: calls $0.04
*** FLOP *** [8h 7d Qh]
44_Eryk_44: checks 
Lorpugo: bets $0.16
44_Eryk_44: folds 
Uncalled bet ($0.16) returned to Lorpugo
Lorpugo collected $0.13 from pot
Lorpugo: doesn't show hand 
*** SUMMARY ***
Total pot $0.13 | Rake $0 
Board [8h 7d Qh]
Seat 1: EddiChu01 (small blind) folded before Flop
Seat 2: 44_Eryk_44 (big blind) folded on the Flop
Seat 3: 4oAses folded before Flop (didn't bet)
Seat 4: Lorpugo collected ($0.13)
Seat 5: RazbaLT (button) folded before Flop (didn't bet)



PokerStars Hand #240643066076:  Hold'em No Limit ($0.01/$0.02 USD) - 2022/12/23 12:32:50 ET
Table 'Telamon II' 6-max Seat #1 is the button
Seat 1: EddiChu01 ($2.61 in chips) 
Seat 2: 44_Eryk_44 ($2.99 in chips) 
Seat 3: 4oAses ($2 in chips) 
Seat 4: Lorpugo ($2.73 in chips) 
Seat 5: RazbaLT ($2.11 in chips) 
44_Eryk_44: posts small blind $0.01
4oAses: posts big blind $0.02
*** HOLE CARDS ***
Dealt to Lorpugo [4h 3s]
Lorpugo: folds 
RazbaLT: folds 
EddiChu01: raises $0.03 to $0.05
44_Eryk_44: calls $0.04
4oAses: folds 
*** FLOP *** [7s 4s 7d]
44_Eryk_44: checks 
EddiChu01: bets $0.03
44_Eryk_44: calls $0.03
*** TURN *** [7s 4s 7d] [3h]
44_Eryk_44: checks 
EddiChu01: bets $0.26
44_Eryk_44: folds 
Uncalled bet ($0.26) returned to EddiChu01
EddiChu01 collected $0.17 from pot
EddiChu01: doesn't show hand 
*** SUMMARY ***
Total pot $0.18 | Rake $0.01 
Board [7s 4s 7d 3h]
Seat 1: EddiChu01 (button) collected ($0.17)
Seat 2: 44_Eryk_44 (small blind) folded on the Turn
Seat 3: 4oAses (big blind) folded before Flop
Seat 4: Lorpugo folded before Flop (didn't bet)
Seat 5: RazbaLT folded before Flop (didn't bet)



PokerStars Hand #240643075484:  Hold'em No Limit ($0.01/$0.02 USD) - 2022/12/23 12:33:18 ET
Table 'Telamon II' 6-max Seat #2 is the button
Seat 1: EddiChu01 ($2.70 in chips) 
Seat 2: 44_Eryk_44 ($2.91 in chips) 
Seat 3: 4oAses ($2 in chips) 
Seat 4: Lorpugo ($2.73 in chips) 
Seat 5: RazbaLT ($2.11 in chips) 
4oAses: posts small blind $0.01
Lorpugo: posts big blind $0.02
*** HOLE CARDS ***
Dealt to Lorpugo [3c 3s]
RazbaLT: folds 
EddiChu01 has timed out
EddiChu01: folds 
44_Eryk_44: raises $0.02 to $0.04
4oAses: folds 
Lorpugo: calls $0.02
*** FLOP *** [2h 9h Qs]
Lorpugo: checks 
44_Eryk_44: checks 
*** TURN *** [2h 9h Qs] [3d]
Lorpugo: bets $0.14
44_Eryk_44: folds 
Uncalled bet ($0.14) returned to Lorpugo
Lorpugo collected $0.09 from pot
Lorpugo: doesn't show hand 
*** SUMMARY ***
Total pot $0.09 | Rake $0 
Board [2h 9h Qs 3d]
Seat 1: EddiChu01 folded before Flop (didn't bet)
Seat 2: 44_Eryk_44 (button) folded on the Turn
Seat 3: 4oAses (small blind) folded before Flop
Seat 4: Lorpugo (big blind) collected ($0.09)
Seat 5: RazbaLT folded before Flop (didn't bet)



PokerStars Hand #240643087548:  Hold'em No Limit ($0.01/$0.02 USD) - 2022/12/23 12:33:54 ET
Table 'Telamon II' 6-max Seat #3 is the button
Seat 1: EddiChu01 ($2.70 in chips) 
Seat 2: 44_Eryk_44 ($2.87 in chips) 
Seat 3: 4oAses ($2 in chips) 
Seat 4: Lorpugo ($2.78 in chips) 
Seat 5: RazbaLT ($2.11 in chips) 
Lorpugo: posts small blind $0.01
RazbaLT: posts big blind $0.02
*** HOLE CARDS ***
Dealt to Lorpugo [9h 5s]
EddiChu01: folds 
44_Eryk_44: raises $0.04 to $0.06
4oAses: folds 
Lorpugo: folds 
RazbaLT: folds 
Uncalled bet ($0.04) returned to 44_Eryk_44
44_Eryk_44 collected $0.05 from pot
44_Eryk_44: doesn't show hand 
*** SUMMARY ***
Total pot $0.05 | Rake $0 
Seat 1: EddiChu01 folded before Flop (didn't bet)
Seat 2: 44_Eryk_44 collected ($0.05)
Seat 3: 4oAses (button) folded before Flop (didn't bet)
Seat 4: Lorpugo (small blind) folded before Flop
Seat 5: RazbaLT (big blind) folded before Flop



PokerStars Hand #240643093269:  Hold'em No Limit ($0.01/$0.02 USD) - 2022/12/23 12:34:11 ET
Table 'Telamon II' 6-max Seat #4 is the button
Seat 1: EddiChu01 ($2.70 in chips) 
Seat 2: 44_Eryk_44 ($2.90 in chips) 
Seat 3: 4oAses ($2 in chips) 
Seat 4: Lorpugo ($2.77 in chips) 
Seat 5: RazbaLT ($2.09 in chips) 
RazbaLT: posts small blind $0.01
EddiChu01: posts big blind $0.02
*** HOLE CARDS ***
Dealt to Lorpugo [3h Js]
44_Eryk_44: folds 
4oAses: raises $0.04 to $0.06
Lorpugo: folds 
RazbaLT: folds 
EddiChu01: calls $0.04
*** FLOP *** [9s Qc 4h]
EddiChu01: checks 
4oAses: checks 
*** TURN *** [9s Qc 4h] [5h]
EddiChu01: bets $0.04
4oAses: calls $0.04
*** RIVER *** [9s Qc 4h 5h] [Ah]
EddiChu01: checks 
4oAses: bets $0.15
EddiChu01: folds 
Uncalled bet ($0.15) returned to 4oAses
4oAses collected $0.20 from pot
vladcrist308 leaves the table
4oAses: doesn't show hand 
*** SUMMARY ***
Total pot $0.21 | Rake $0.01 
Board [9s Qc 4h 5h Ah]
Seat 1: EddiChu01 (big blind) folded on the River
Seat 2: 44_Eryk_44 folded before Flop (didn't bet)
Seat 3: 4oAses collected ($0.20)
Seat 4: Lorpugo (button) folded before Flop (didn't bet)
Seat 5: RazbaLT (small blind) folded before Flop



PokerStars Hand #240643108137:  Hold'em No Limit ($0.01/$0.02 USD) - 2022/12/23 12:34:55 ET
Table 'Telamon II' 6-max Seat #5 is the button
Seat 1: EddiChu01 ($2.60 in chips) 
Seat 2: 44_Eryk_44 ($2.90 in chips) 
Seat 3: 4oAses ($2.10 in chips) 
Seat 4: Lorpugo ($2.77 in chips) 
Seat 5: RazbaLT ($2.08 in chips) 
EddiChu01: posts small blind $0.01
44_Eryk_44: posts big blind $0.02
*** HOLE CARDS ***
Dealt to Lorpugo [Qs 4h]
4oAses: folds 
Lorpugo: folds 
RazbaLT: folds 
EddiChu01: folds 
Uncalled bet ($0.01) returned to 44_Eryk_44
44_Eryk_44 collected $0.02 from pot
44_Eryk_44: doesn't show hand 
*** SUMMARY ***
Total pot $0.02 | Rake $0 
Seat 1: EddiChu01 (small blind) folded before Flop
Seat 2: 44_Eryk_44 (big blind) collected ($0.02)
Seat 3: 4oAses folded before Flop (didn't bet)
Seat 4: Lorpugo folded before Flop (didn't bet)
Seat 5: RazbaLT (button) folded before Flop (didn't bet)



