PokerStars Hand #240701926883:  Hold'em No Limit ($0.01/$0.02 USD) - 2022/12/26 9:16:54 ET
Table 'Altair II' 6-max Seat #5 is the button
Seat 2: Lorpugo ($1.60 in chips) 
Seat 3: Oro;AK ($3.94 in chips) 
Seat 4: nacherblja ($5.42 in chips) 
Seat 5: luxy32 ($3.25 in chips) 
Seat 6: biruteiru ($2.04 in chips) 
biruteiru: posts small blind $0.01
Lorpugo: posts big blind $0.02
*** HOLE CARDS ***
Dealt to Lorpugo [Ah 9d]
Oro;AK has timed out
Oro;AK: folds 
nacherblja: folds 
luxy32: folds 
biruteiru: folds 
Uncalled bet ($0.01) returned to Lorpugo
Lorpugo collected $0.02 from pot
Lorpugo: doesn't show hand 
*** SUMMARY ***
Total pot $0.02 | Rake $0 
Seat 2: Lorpugo (big blind) collected ($0.02)
Seat 3: Oro;AK folded before Flop (didn't bet)
Seat 4: nacherblja folded before Flop (didn't bet)
Seat 5: luxy32 (button) folded before Flop (didn't bet)
Seat 6: biruteiru (small blind) folded before Flop



PokerStars Hand #240701931498:  Hold'em No Limit ($0.01/$0.02 USD) - 2022/12/26 9:17:11 ET
Table 'Altair II' 6-max Seat #6 is the button
Seat 2: Lorpugo ($1.61 in chips) 
Seat 4: nacherblja ($5.42 in chips) 
Seat 5: luxy32 ($3.25 in chips) 
Seat 6: biruteiru ($2.03 in chips) 
Lorpugo: posts small blind $0.01
nacherblja: posts big blind $0.02
*** HOLE CARDS ***
Dealt to Lorpugo [8c 9c]
luxy32: folds 
biruteiru: folds 
Lorpugo: raises $0.04 to $0.06
nacherblja: folds 
Uncalled bet ($0.04) returned to Lorpugo
Lorpugo collected $0.04 from pot
Lorpugo: doesn't show hand 
*** SUMMARY ***
Total pot $0.04 | Rake $0 
Seat 2: Lorpugo (small blind) collected ($0.04)
Seat 4: nacherblja (big blind) folded before Flop
Seat 5: luxy32 folded before Flop (didn't bet)
Seat 6: biruteiru (button) folded before Flop (didn't bet)



PokerStars Hand #240701935023:  Hold'em No Limit ($0.01/$0.02 USD) - 2022/12/26 9:17:24 ET
Table 'Altair II' 6-max Seat #2 is the button
Seat 1: Harren1982 ($1.75 in chips) 
Seat 2: Lorpugo ($1.63 in chips) 
Seat 4: nacherblja ($5.40 in chips) 
Seat 5: luxy32 ($3.25 in chips) 
Seat 6: biruteiru ($2.03 in chips) 
nacherblja: posts small blind $0.01
luxy32: posts big blind $0.02
Harren1982: posts small & big blinds $0.03
*** HOLE CARDS ***
Dealt to Lorpugo [4d 6d]
biruteiru: raises $0.06 to $0.08
Harren1982: folds 
Lorpugo: calls $0.08
nacherblja: folds 
luxy32: calls $0.06
*** FLOP *** [Qs Jc 7d]
luxy32: checks 
biruteiru: bets $0.14
Lorpugo: folds 
luxy32: folds 
Uncalled bet ($0.14) returned to biruteiru
biruteiru collected $0.27 from pot
biruteiru: doesn't show hand 
*** SUMMARY ***
Total pot $0.28 | Rake $0.01 
Board [Qs Jc 7d]
Seat 1: Harren1982 folded before Flop (didn't bet)
Seat 2: Lorpugo (button) folded on the Flop
Seat 4: nacherblja (small blind) folded before Flop
Seat 5: luxy32 (big blind) folded on the Flop
Seat 6: biruteiru collected ($0.27)



PokerStars Hand #240701943839:  Hold'em No Limit ($0.01/$0.02 USD) - 2022/12/26 9:17:58 ET
Table 'Altair II' 6-max Seat #4 is the button
Seat 1: Harren1982 ($1.72 in chips) 
Seat 2: Lorpugo ($1.55 in chips) 
Seat 3: Oro;AK ($3.94 in chips) 
Seat 4: nacherblja ($5.39 in chips) 
Seat 5: luxy32 ($3.17 in chips) 
Seat 6: biruteiru ($2.22 in chips) 
luxy32: posts small blind $0.01
biruteiru: posts big blind $0.02
Oro;AK: posts small & big blinds $0.03
*** HOLE CARDS ***
Dealt to Lorpugo [3s 6d]
Harren1982: folds 
Lorpugo: folds 
Oro;AK: checks 
nacherblja: folds 
luxy32: folds 
biruteiru: checks 
*** FLOP *** [2c 3h 4h]
biruteiru: bets $0.06
Oro;AK: folds 
Uncalled bet ($0.06) returned to biruteiru
biruteiru collected $0.06 from pot
biruteiru: doesn't show hand 
*** SUMMARY ***
Total pot $0.06 | Rake $0 
Board [2c 3h 4h]
Seat 1: Harren1982 folded before Flop (didn't bet)
Seat 2: Lorpugo folded before Flop (didn't bet)
Seat 3: Oro;AK folded on the Flop (didn't bet)
Seat 4: nacherblja (button) folded before Flop (didn't bet)
Seat 5: luxy32 (small blind) folded before Flop
Seat 6: biruteiru (big blind) collected ($0.06)



PokerStars Hand #240701949109:  Hold'em No Limit ($0.01/$0.02 USD) - 2022/12/26 9:18:18 ET
Table 'Altair II' 6-max Seat #5 is the button
Seat 1: Harren1982 ($1.72 in chips) 
Seat 2: Lorpugo ($1.55 in chips) 
Seat 3: Oro;AK ($3.91 in chips) 
Seat 4: nacherblja ($5.39 in chips) 
Seat 5: luxy32 ($3.16 in chips) 
Seat 6: biruteiru ($2.26 in chips) 
biruteiru: posts small blind $0.01
Harren1982: posts big blind $0.02
*** HOLE CARDS ***
Dealt to Lorpugo [Ks 3d]
Lorpugo: folds 
Oro;AK: folds 
nacherblja has timed out
nacherblja: folds 
luxy32: raises $0.04 to $0.06
biruteiru: raises $0.18 to $0.24
Harren1982: folds 
luxy32: calls $0.18
*** FLOP *** [6d Kd Qc]
biruteiru: checks 
luxy32: checks 
*** TURN *** [6d Kd Qc] [Ad]
biruteiru: checks 
luxy32: checks 
*** RIVER *** [6d Kd Qc Ad] [5c]
biruteiru: checks 
luxy32: checks 
*** SHOW DOWN ***
biruteiru: shows [Ts Tc] (a pair of Tens)
luxy32: shows [Js Jd] (a pair of Jacks)
luxy32 collected $0.48 from pot
*** SUMMARY ***
Total pot $0.50 | Rake $0.02 
Board [6d Kd Qc Ad 5c]
Seat 1: Harren1982 (big blind) folded before Flop
Seat 2: Lorpugo folded before Flop (didn't bet)
Seat 3: Oro;AK folded before Flop (didn't bet)
Seat 4: nacherblja folded before Flop (didn't bet)
Seat 5: luxy32 (button) showed [Js Jd] and won ($0.48) with a pair of Jacks
Seat 6: biruteiru (small blind) showed [Ts Tc] and lost with a pair of Tens



PokerStars Hand #240701968768:  Hold'em No Limit ($0.01/$0.02 USD) - 2022/12/26 9:19:32 ET
Table 'Altair II' 6-max Seat #6 is the button
Seat 1: Harren1982 ($1.70 in chips) 
Seat 2: Lorpugo ($1.55 in chips) 
Seat 3: Oro;AK ($3.91 in chips) 
Seat 4: nacherblja ($5.39 in chips) 
Seat 5: luxy32 ($3.40 in chips) 
Seat 6: biruteiru ($2.02 in chips) 
Harren1982: posts small blind $0.01
Lorpugo: posts big blind $0.02
*** HOLE CARDS ***
Dealt to Lorpugo [7h 7s]
Oro;AK: raises $0.04 to $0.06
nacherblja: folds 
luxy32: folds 
biruteiru: folds 
Harren1982: folds 
Lorpugo: calls $0.04
*** FLOP *** [Qd 2h Ks]
Lorpugo: checks 
Oro;AK: checks 
*** TURN *** [Qd 2h Ks] [Jh]
Lorpugo: checks 
Oro;AK: checks 
*** RIVER *** [Qd 2h Ks Jh] [3s]
Lorpugo: checks 
Oro;AK: checks 
*** SHOW DOWN ***
Lorpugo: shows [7h 7s] (a pair of Sevens)
Oro;AK: mucks hand 
Lorpugo collected $0.13 from pot
*** SUMMARY ***
Total pot $0.13 | Rake $0 
Board [Qd 2h Ks Jh 3s]
Seat 1: Harren1982 (small blind) folded before Flop
Seat 2: Lorpugo (big blind) showed [7h 7s] and won ($0.13) with a pair of Sevens
Seat 3: Oro;AK mucked [9c Ac]
Seat 4: nacherblja folded before Flop (didn't bet)
Seat 5: luxy32 folded before Flop (didn't bet)
Seat 6: biruteiru (button) folded before Flop (didn't bet)



PokerStars Hand #240701979791:  Hold'em No Limit ($0.01/$0.02 USD) - 2022/12/26 9:20:14 ET
Table 'Altair II' 6-max Seat #1 is the button
Seat 1: Harren1982 ($1.69 in chips) 
Seat 2: Lorpugo ($1.62 in chips) 
Seat 3: Oro;AK ($3.85 in chips) 
Seat 4: nacherblja ($5.39 in chips) 
Seat 5: luxy32 ($3.40 in chips) 
Seat 6: biruteiru ($2.02 in chips) 
Lorpugo: posts small blind $0.01
Oro;AK: posts big blind $0.02
*** HOLE CARDS ***
Dealt to Lorpugo [8s Th]
nacherblja: folds 
luxy32: folds 
biruteiru: folds 
Harren1982: raises $0.04 to $0.06
Lorpugo: folds 
Oro;AK: calls $0.04
*** FLOP *** [8c Ts Jc]
Oro;AK: bets $0.10
Harren1982: folds 
Uncalled bet ($0.10) returned to Oro;AK
Oro;AK collected $0.13 from pot
*** SUMMARY ***
Total pot $0.13 | Rake $0 
Board [8c Ts Jc]
Seat 1: Harren1982 (button) folded on the Flop
Seat 2: Lorpugo (small blind) folded before Flop
Seat 3: Oro;AK (big blind) collected ($0.13)
Seat 4: nacherblja folded before Flop (didn't bet)
Seat 5: luxy32 folded before Flop (didn't bet)
Seat 6: biruteiru folded before Flop (didn't bet)



PokerStars Hand #240701986290:  Hold'em No Limit ($0.01/$0.02 USD) - 2022/12/26 9:20:38 ET
Table 'Altair II' 6-max Seat #2 is the button
Seat 1: Harren1982 ($1.63 in chips) 
Seat 2: Lorpugo ($1.61 in chips) 
Seat 3: Oro;AK ($3.92 in chips) 
Seat 4: nacherblja ($5.39 in chips) 
Seat 5: luxy32 ($3.40 in chips) 
Seat 6: biruteiru ($2.02 in chips) 
Oro;AK: posts small blind $0.01
nacherblja: posts big blind $0.02
*** HOLE CARDS ***
Dealt to Lorpugo [8s Ah]
luxy32: folds 
biruteiru: folds 
Harren1982: calls $0.02
Lorpugo: raises $0.08 to $0.10
Oro;AK: folds 
nacherblja: folds 
Harren1982: raises $1.53 to $1.63 and is all-in
Lorpugo: folds 
Uncalled bet ($1.53) returned to Harren1982
Harren1982 collected $0.23 from pot
*** SUMMARY ***
Total pot $0.23 | Rake $0 
Seat 1: Harren1982 collected ($0.23)
Seat 2: Lorpugo (button) folded before Flop
Seat 3: Oro;AK (small blind) folded before Flop
Seat 4: nacherblja (big blind) folded before Flop
Seat 5: luxy32 folded before Flop (didn't bet)
Seat 6: biruteiru folded before Flop (didn't bet)



PokerStars Hand #240701992790:  Hold'em No Limit ($0.01/$0.02 USD) - 2022/12/26 9:21:03 ET
Table 'Altair II' 6-max Seat #3 is the button
Seat 1: Harren1982 ($1.76 in chips) 
Seat 2: Lorpugo ($1.51 in chips) 
Seat 3: Oro;AK ($3.91 in chips) 
Seat 4: nacherblja ($5.37 in chips) 
Seat 5: luxy32 ($3.40 in chips) 
Seat 6: biruteiru ($2.02 in chips) 
nacherblja: posts small blind $0.01
luxy32: posts big blind $0.02
*** HOLE CARDS ***
Dealt to Lorpugo [5h 9d]
biruteiru: raises $0.04 to $0.06
Harren1982: raises $0.15 to $0.21
Lorpugo: folds 
Oro;AK: folds 
nacherblja: folds 
luxy32: folds 
biruteiru: folds 
Uncalled bet ($0.15) returned to Harren1982
Harren1982 collected $0.15 from pot
*** SUMMARY ***
Total pot $0.15 | Rake $0 
Seat 1: Harren1982 collected ($0.15)
Seat 2: Lorpugo folded before Flop (didn't bet)
Seat 3: Oro;AK (button) folded before Flop (didn't bet)
Seat 4: nacherblja (small blind) folded before Flop
Seat 5: luxy32 (big blind) folded before Flop
Seat 6: biruteiru folded before Flop



PokerStars Hand #240701997522:  Hold'em No Limit ($0.01/$0.02 USD) - 2022/12/26 9:21:21 ET
Table 'Altair II' 6-max Seat #4 is the button
Seat 1: Harren1982 ($1.85 in chips) 
Seat 2: Lorpugo ($1.51 in chips) 
Seat 3: Oro;AK ($3.91 in chips) 
Seat 4: nacherblja ($5.36 in chips) 
Seat 5: luxy32 ($3.38 in chips) 
Seat 6: biruteiru ($2 in chips) 
luxy32: posts small blind $0.01
biruteiru: posts big blind $0.02
*** HOLE CARDS ***
Dealt to Lorpugo [Kc 3d]
Harren1982: folds 
Lorpugo: folds 
Oro;AK: calls $0.02
nacherblja: calls $0.02
luxy32: folds 
biruteiru: checks 
*** FLOP *** [8d 9c Qs]
biruteiru: checks 
Oro;AK: checks 
nacherblja: checks 
*** TURN *** [8d 9c Qs] [5h]
biruteiru: bets $0.04
Oro;AK: folds 
nacherblja: folds 
Uncalled bet ($0.04) returned to biruteiru
biruteiru collected $0.07 from pot
biruteiru: doesn't show hand 
*** SUMMARY ***
Total pot $0.07 | Rake $0 
Board [8d 9c Qs 5h]
Seat 1: Harren1982 folded before Flop (didn't bet)
Seat 2: Lorpugo folded before Flop (didn't bet)
Seat 3: Oro;AK folded on the Turn
Seat 4: nacherblja (button) folded on the Turn
Seat 5: luxy32 (small blind) folded before Flop
Seat 6: biruteiru (big blind) collected ($0.07)



PokerStars Hand #240702009015:  Hold'em No Limit ($0.01/$0.02 USD) - 2022/12/26 9:22:05 ET
Table 'Altair II' 6-max Seat #5 is the button
Seat 1: Harren1982 ($1.85 in chips) 
Seat 2: Lorpugo ($1.51 in chips) 
Seat 3: Oro;AK ($3.89 in chips) 
Seat 4: nacherblja ($5.34 in chips) 
Seat 5: luxy32 ($3.37 in chips) 
Seat 6: biruteiru ($2.05 in chips) 
biruteiru: posts small blind $0.01
Harren1982: posts big blind $0.02
*** HOLE CARDS ***
Dealt to Lorpugo [5c Js]
Lorpugo: folds 
Oro;AK: folds 
nacherblja: folds 
luxy32: folds 
biruteiru: folds 
Uncalled bet ($0.01) returned to Harren1982
Harren1982 collected $0.02 from pot
*** SUMMARY ***
Total pot $0.02 | Rake $0 
Seat 1: Harren1982 (big blind) collected ($0.02)
Seat 2: Lorpugo folded before Flop (didn't bet)
Seat 3: Oro;AK folded before Flop (didn't bet)
Seat 4: nacherblja folded before Flop (didn't bet)
Seat 5: luxy32 (button) folded before Flop (didn't bet)
Seat 6: biruteiru (small blind) folded before Flop



PokerStars Hand #240702011798:  Hold'em No Limit ($0.01/$0.02 USD) - 2022/12/26 9:22:15 ET
Table 'Altair II' 6-max Seat #6 is the button
Seat 1: Harren1982 ($1.86 in chips) 
Seat 2: Lorpugo ($1.51 in chips) 
Seat 3: Oro;AK ($3.89 in chips) 
Seat 4: nacherblja ($5.34 in chips) 
Seat 5: luxy32 ($3.37 in chips) 
Seat 6: biruteiru ($2.04 in chips) 
Harren1982: posts small blind $0.01
Lorpugo: posts big blind $0.02
*** HOLE CARDS ***
Dealt to Lorpugo [Qd Jd]
Oro;AK has timed out
Oro;AK: folds 
nacherblja: folds 
luxy32: folds 
biruteiru: folds 
Harren1982: raises $0.04 to $0.06
Lorpugo: raises $0.12 to $0.18
Harren1982: raises $1.68 to $1.86 and is all-in
Lorpugo: calls $1.33 and is all-in
Uncalled bet ($0.35) returned to Harren1982
*** FLOP *** [Kd 3d 6d]
*** TURN *** [Kd 3d 6d] [8s]
*** RIVER *** [Kd 3d 6d 8s] [5d]
*** SHOW DOWN ***
Harren1982: shows [Td As] (a flush, King high)
Lorpugo: shows [Qd Jd] (a flush, King high - Queen higher)
Lorpugo collected $2.91 from pot
*** SUMMARY ***
Total pot $3.02 | Rake $0.11 
Board [Kd 3d 6d 8s 5d]
Seat 1: Harren1982 (small blind) showed [Td As] and lost with a flush, King high
Seat 2: Lorpugo (big blind) showed [Qd Jd] and won ($2.91) with a flush, King high
Seat 3: Oro;AK folded before Flop (didn't bet)
Seat 4: nacherblja folded before Flop (didn't bet)
Seat 5: luxy32 folded before Flop (didn't bet)
Seat 6: biruteiru (button) folded before Flop (didn't bet)



PokerStars Hand #240702021544:  Hold'em No Limit ($0.01/$0.02 USD) - 2022/12/26 9:22:52 ET
Table 'Altair II' 6-max Seat #1 is the button
Seat 1: Harren1982 ($0.35 in chips) 
Seat 2: Lorpugo ($2.91 in chips) 
Seat 4: nacherblja ($5.34 in chips) 
Seat 5: luxy32 ($3.37 in chips) 
Seat 6: biruteiru ($2.04 in chips) 
Lorpugo: posts small blind $0.01
nacherblja: posts big blind $0.02
*** HOLE CARDS ***
Dealt to Lorpugo [3c 2c]
luxy32: folds 
biruteiru: folds 
Harren1982: raises $0.33 to $0.35 and is all-in
Lorpugo: folds 
nacherblja: folds 
Uncalled bet ($0.33) returned to Harren1982
Harren1982 collected $0.05 from pot
*** SUMMARY ***
Total pot $0.05 | Rake $0 
Seat 1: Harren1982 (button) collected ($0.05)
Seat 2: Lorpugo (small blind) folded before Flop
Seat 4: nacherblja (big blind) folded before Flop
Seat 5: luxy32 folded before Flop (didn't bet)
Seat 6: biruteiru folded before Flop (didn't bet)



PokerStars Hand #240702024793:  Hold'em No Limit ($0.01/$0.02 USD) - 2022/12/26 9:23:04 ET
Table 'Altair II' 6-max Seat #2 is the button
Seat 1: Harren1982 ($0.38 in chips) 
Seat 2: Lorpugo ($2.90 in chips) 
Seat 4: nacherblja ($5.32 in chips) 
Seat 5: luxy32 ($3.37 in chips) 
Seat 6: biruteiru ($2.04 in chips) 
nacherblja: posts small blind $0.01
luxy32: posts big blind $0.02
*** HOLE CARDS ***
Dealt to Lorpugo [3d 8s]
biruteiru: raises $0.04 to $0.06
Harren1982: raises $0.32 to $0.38 and is all-in
Lorpugo: folds 
nacherblja: folds 
luxy32: folds 
biruteiru: folds 
Uncalled bet ($0.32) returned to Harren1982
Harren1982 collected $0.15 from pot
*** SUMMARY ***
Total pot $0.15 | Rake $0 
Seat 1: Harren1982 collected ($0.15)
Seat 2: Lorpugo (button) folded before Flop (didn't bet)
Seat 4: nacherblja (small blind) folded before Flop
Seat 5: luxy32 (big blind) folded before Flop
Seat 6: biruteiru folded before Flop



PokerStars Hand #240702028921:  Hold'em No Limit ($0.01/$0.02 USD) - 2022/12/26 9:23:20 ET
Table 'Altair II' 6-max Seat #4 is the button
Seat 1: Harren1982 ($0.47 in chips) 
Seat 2: Lorpugo ($2.90 in chips) 
Seat 3: Oro;AK ($3.89 in chips) 
Seat 4: nacherblja ($5.31 in chips) 
Seat 6: biruteiru ($2 in chips) 
biruteiru: posts small blind $0.01
Harren1982: posts big blind $0.02
Oro;AK: posts small & big blinds $0.03
*** HOLE CARDS ***
Dealt to Lorpugo [6d Ad]
Lorpugo: raises $0.04 to $0.06
Oro;AK: raises $0.04 to $0.10
nacherblja: folds 
biruteiru: folds 
Harren1982: folds 
Lorpugo: calls $0.04
*** FLOP *** [9d 8d 7s]
Lorpugo: checks 
Oro;AK: bets $3.78 and is all-in
Lorpugo: calls $2.80 and is all-in
Uncalled bet ($0.98) returned to Oro;AK
*** TURN *** [9d 8d 7s] [5h]
*** RIVER *** [9d 8d 7s 5h] [3s]
*** SHOW DOWN ***
Lorpugo: shows [6d Ad] (a straight, Five to Nine)
Oro;AK: shows [Ac Th] (high card Ace)
Lorpugo collected $5.64 from pot
*** SUMMARY ***
Total pot $5.84 | Rake $0.20 
Board [9d 8d 7s 5h 3s]
Seat 1: Harren1982 (big blind) folded before Flop
Seat 2: Lorpugo showed [6d Ad] and won ($5.64) with a straight, Five to Nine
Seat 3: Oro;AK showed [Ac Th] and lost with high card Ace
Seat 4: nacherblja (button) folded before Flop (didn't bet)
Seat 6: biruteiru (small blind) folded before Flop



PokerStars Hand #240702037837:  Hold'em No Limit ($0.01/$0.02 USD) - 2022/12/26 9:23:53 ET
Table 'Altair II' 6-max Seat #6 is the button
Seat 1: Harren1982 ($0.45 in chips) 
Seat 2: Lorpugo ($5.64 in chips) 
Seat 3: Oro;AK ($0.98 in chips) 
Seat 4: nacherblja ($5.31 in chips) 
Seat 6: biruteiru ($2 in chips) 
Harren1982: posts small blind $0.01
Lorpugo: posts big blind $0.02
*** HOLE CARDS ***
Dealt to Lorpugo [Js 6h]
Oro;AK: folds 
Oro;AK leaves the table
nacherblja: folds 
biruteiru: raises $0.04 to $0.06
Harren1982: folds 
Lorpugo: folds 
Uncalled bet ($0.04) returned to biruteiru
biruteiru collected $0.05 from pot
biruteiru: doesn't show hand 
*** SUMMARY ***
Total pot $0.05 | Rake $0 
Seat 1: Harren1982 (small blind) folded before Flop
Seat 2: Lorpugo (big blind) folded before Flop
Seat 3: Oro;AK folded before Flop (didn't bet)
Seat 4: nacherblja folded before Flop (didn't bet)
Seat 6: biruteiru (button) collected ($0.05)



PokerStars Hand #240702041753:  Hold'em No Limit ($0.01/$0.02 USD) - 2022/12/26 9:24:08 ET
Table 'Altair II' 6-max Seat #1 is the button
Seat 1: Harren1982 ($0.44 in chips) 
Seat 2: Lorpugo ($5.62 in chips) 
Seat 4: nacherblja ($5.31 in chips) 
Seat 6: biruteiru ($2.03 in chips) 
Lorpugo: posts small blind $0.01
nacherblja: posts big blind $0.02
*** HOLE CARDS ***
Dealt to Lorpugo [5d 9d]
biruteiru: folds 
NoLimitest joins the table at seat #3 
Harren1982: folds 
Lorpugo: raises $0.04 to $0.06
nacherblja: folds 
Uncalled bet ($0.04) returned to Lorpugo
Lorpugo collected $0.04 from pot
Lorpugo: doesn't show hand 
*** SUMMARY ***
Total pot $0.04 | Rake $0 
Seat 1: Harren1982 (button) folded before Flop (didn't bet)
Seat 2: Lorpugo (small blind) collected ($0.04)
Seat 4: nacherblja (big blind) folded before Flop
Seat 6: biruteiru folded before Flop (didn't bet)



PokerStars Hand #240702045454:  Hold'em No Limit ($0.01/$0.02 USD) - 2022/12/26 9:24:22 ET
Table 'Altair II' 6-max Seat #2 is the button
Seat 1: Harren1982 ($0.44 in chips) 
Seat 2: Lorpugo ($5.64 in chips) 
Seat 4: nacherblja ($5.29 in chips) 
Seat 6: biruteiru ($2.03 in chips) 
nacherblja: posts small blind $0.01
biruteiru: posts big blind $0.02
*** HOLE CARDS ***
Dealt to Lorpugo [8c 7c]
Harren1982: raises $0.42 to $0.44 and is all-in
Lorpugo: folds 
nacherblja: folds 
biruteiru: folds 
Uncalled bet ($0.42) returned to Harren1982
Harren1982 collected $0.05 from pot
*** SUMMARY ***
Total pot $0.05 | Rake $0 
Seat 1: Harren1982 collected ($0.05)
Seat 2: Lorpugo (button) folded before Flop (didn't bet)
Seat 4: nacherblja (small blind) folded before Flop
Seat 6: biruteiru (big blind) folded before Flop



PokerStars Hand #240702048779:  Hold'em No Limit ($0.01/$0.02 USD) - 2022/12/26 9:24:35 ET
Table 'Altair II' 6-max Seat #4 is the button
Seat 1: Harren1982 ($0.47 in chips) 
Seat 2: Lorpugo ($5.64 in chips) 
Seat 4: nacherblja ($5.28 in chips) 
Seat 6: biruteiru ($2.01 in chips) 
biruteiru: posts small blind $0.01
Harren1982: posts big blind $0.02
*** HOLE CARDS ***
Dealt to Lorpugo [9h 7d]
Lorpugo: folds 
nacherblja: raises $0.04 to $0.06
biruteiru: folds 
Harren1982: folds 
Uncalled bet ($0.04) returned to nacherblja
nacherblja collected $0.05 from pot
nacherblja: doesn't show hand 
*** SUMMARY ***
Total pot $0.05 | Rake $0 
Seat 1: Harren1982 (big blind) folded before Flop
Seat 2: Lorpugo folded before Flop (didn't bet)
Seat 4: nacherblja (button) collected ($0.05)
Seat 6: biruteiru (small blind) folded before Flop



PokerStars Hand #240702053426:  Hold'em No Limit ($0.01/$0.02 USD) - 2022/12/26 9:24:53 ET
Table 'Altair II' 6-max Seat #6 is the button
Seat 1: Harren1982 ($0.45 in chips) 
Seat 2: Lorpugo ($5.64 in chips) 
Seat 4: nacherblja ($5.31 in chips) 
Seat 6: biruteiru ($2 in chips) 
Harren1982: posts small blind $0.01
Lorpugo: posts big blind $0.02
*** HOLE CARDS ***
Dealt to Lorpugo [2c 8h]
nacherblja: folds 
biruteiru: raises $0.04 to $0.06
Harren1982: raises $0.39 to $0.45 and is all-in
Lorpugo: folds 
biruteiru: folds 
Uncalled bet ($0.39) returned to Harren1982
Harren1982 collected $0.14 from pot
*** SUMMARY ***
Total pot $0.14 | Rake $0 
Seat 1: Harren1982 (small blind) collected ($0.14)
Seat 2: Lorpugo (big blind) folded before Flop
Seat 4: nacherblja folded before Flop (didn't bet)
Seat 6: biruteiru (button) folded before Flop



PokerStars Hand #240702058116:  Hold'em No Limit ($0.01/$0.02 USD) - 2022/12/26 9:25:11 ET
Table 'Altair II' 6-max Seat #1 is the button
Seat 1: Harren1982 ($0.53 in chips) 
Seat 2: Lorpugo ($5.62 in chips) 
Seat 3: NoLimitest ($2 in chips) 
Seat 4: nacherblja ($5.31 in chips) 
Seat 6: biruteiru ($2 in chips) 
Lorpugo: posts small blind $0.01
NoLimitest: posts big blind $0.02
*** HOLE CARDS ***
Dealt to Lorpugo [8d 2d]
nacherblja: calls $0.02
biruteiru: folds 
Harren1982: raises $0.51 to $0.53 and is all-in
Lorpugo: folds 
NoLimitest: folds 
nacherblja: folds 
Uncalled bet ($0.51) returned to Harren1982
Harren1982 collected $0.07 from pot
*** SUMMARY ***
Total pot $0.07 | Rake $0 
Seat 1: Harren1982 (button) collected ($0.07)
Seat 2: Lorpugo (small blind) folded before Flop
Seat 3: NoLimitest (big blind) folded before Flop
Seat 4: nacherblja folded before Flop
Seat 6: biruteiru folded before Flop (didn't bet)



PokerStars Hand #240702062880:  Hold'em No Limit ($0.01/$0.02 USD) - 2022/12/26 9:25:28 ET
Table 'Altair II' 6-max Seat #2 is the button
Seat 1: Harren1982 ($0.58 in chips) 
Seat 2: Lorpugo ($5.61 in chips) 
Seat 3: NoLimitest ($2 in chips) 
Seat 4: nacherblja ($5.29 in chips) 
Seat 6: biruteiru ($2 in chips) 
NoLimitest: posts small blind $0.01
nacherblja: posts big blind $0.02
*** HOLE CARDS ***
Dealt to Lorpugo [2h 3h]
biruteiru: folds 
Harren1982: folds 
Lorpugo: raises $0.04 to $0.06
NoLimitest: folds 
nacherblja: calls $0.04
*** FLOP *** [Ks Tc 7h]
nacherblja: checks 
Lorpugo: bets $0.04
nacherblja: folds 
Uncalled bet ($0.04) returned to Lorpugo
Lorpugo collected $0.13 from pot
Lorpugo: doesn't show hand 
*** SUMMARY ***
Total pot $0.13 | Rake $0 
Board [Ks Tc 7h]
Seat 1: Harren1982 folded before Flop (didn't bet)
Seat 2: Lorpugo (button) collected ($0.13)
Seat 3: NoLimitest (small blind) folded before Flop
Seat 4: nacherblja (big blind) folded on the Flop
Seat 6: biruteiru folded before Flop (didn't bet)



PokerStars Hand #240702071320:  Hold'em No Limit ($0.01/$0.02 USD) - 2022/12/26 9:26:00 ET
Table 'Altair II' 6-max Seat #3 is the button
Seat 1: Harren1982 ($0.58 in chips) 
Seat 2: Lorpugo ($5.68 in chips) 
Seat 3: NoLimitest ($2 in chips) 
Seat 4: nacherblja ($5.23 in chips) 
Seat 6: biruteiru ($2 in chips) 
nacherblja: posts small blind $0.01
biruteiru: posts big blind $0.02
*** HOLE CARDS ***
Dealt to Lorpugo [Qc Kh]
Harren1982: folds 
Lorpugo: raises $0.04 to $0.06
NoLimitest: folds 
nacherblja: folds 
biruteiru: calls $0.04
*** FLOP *** [5s 5h 4h]
biruteiru: checks 
Lorpugo: checks 
*** TURN *** [5s 5h 4h] [3c]
biruteiru: bets $0.07
Lorpugo: folds 
Uncalled bet ($0.07) returned to biruteiru
biruteiru collected $0.13 from pot
biruteiru: doesn't show hand 
*** SUMMARY ***
Total pot $0.13 | Rake $0 
Board [5s 5h 4h 3c]
Seat 1: Harren1982 folded before Flop (didn't bet)
Seat 2: Lorpugo folded on the Turn
Seat 3: NoLimitest (button) folded before Flop (didn't bet)
Seat 4: nacherblja (small blind) folded before Flop
Seat 6: biruteiru (big blind) collected ($0.13)



PokerStars Hand #240702082481:  Hold'em No Limit ($0.01/$0.02 USD) - 2022/12/26 9:26:42 ET
Table 'Altair II' 6-max Seat #4 is the button
Seat 1: Harren1982 ($0.58 in chips) 
Seat 2: Lorpugo ($5.62 in chips) 
Seat 3: NoLimitest ($2 in chips) 
Seat 4: nacherblja ($5.22 in chips) 
Seat 6: biruteiru ($2.07 in chips) 
biruteiru: posts small blind $0.01
Harren1982: posts big blind $0.02
*** HOLE CARDS ***
Dealt to Lorpugo [4h Qs]
Lorpugo: folds 
NoLimitest: raises $0.04 to $0.06
nacherblja: calls $0.06
biruteiru: folds 
Harren1982: folds 
*** FLOP *** [5c Th Jh]
NoLimitest: checks 
nacherblja: checks 
*** TURN *** [5c Th Jh] [6c]
NoLimitest: bets $0.11
nacherblja: folds 
Uncalled bet ($0.11) returned to NoLimitest
NoLimitest collected $0.14 from pot
*** SUMMARY ***
Total pot $0.15 | Rake $0.01 
Board [5c Th Jh 6c]
Seat 1: Harren1982 (big blind) folded before Flop
Seat 2: Lorpugo folded before Flop (didn't bet)
Seat 3: NoLimitest collected ($0.14)
Seat 4: nacherblja (button) folded on the Turn
Seat 6: biruteiru (small blind) folded before Flop



PokerStars Hand #240702090186:  Hold'em No Limit ($0.01/$0.02 USD) - 2022/12/26 9:27:12 ET
Table 'Altair II' 6-max Seat #6 is the button
Seat 1: Harren1982 ($0.56 in chips) 
Seat 2: Lorpugo ($5.62 in chips) 
Seat 3: NoLimitest ($2.08 in chips) 
Seat 4: nacherblja ($5.16 in chips) 
Seat 6: biruteiru ($2.06 in chips) 
Harren1982: posts small blind $0.01
Lorpugo: posts big blind $0.02
*** HOLE CARDS ***
Dealt to Lorpugo [Jd 8c]
NoLimitest: folds 
nacherblja: folds 
biruteiru: folds 
Harren1982: raises $0.54 to $0.56 and is all-in
Lorpugo: folds 
Uncalled bet ($0.54) returned to Harren1982
Harren1982 collected $0.04 from pot
*** SUMMARY ***
Total pot $0.04 | Rake $0 
Seat 1: Harren1982 (small blind) collected ($0.04)
Seat 2: Lorpugo (big blind) folded before Flop
Seat 3: NoLimitest folded before Flop (didn't bet)
Seat 4: nacherblja folded before Flop (didn't bet)
Seat 6: biruteiru (button) folded before Flop (didn't bet)



PokerStars Hand #240702093489:  Hold'em No Limit ($0.01/$0.02 USD) - 2022/12/26 9:27:24 ET
Table 'Altair II' 6-max Seat #1 is the button
Seat 1: Harren1982 ($0.58 in chips) 
Seat 2: Lorpugo ($5.60 in chips) 
Seat 3: NoLimitest ($2.08 in chips) 
Seat 4: nacherblja ($5.16 in chips) 
Seat 6: biruteiru ($2.06 in chips) 
Lorpugo: posts small blind $0.01
NoLimitest: posts big blind $0.02
*** HOLE CARDS ***
Dealt to Lorpugo [2d Tc]
nacherblja: folds 
biruteiru: folds 
Harren1982: raises $0.56 to $0.58 and is all-in
Lorpugo: folds 
NoLimitest: folds 
Uncalled bet ($0.56) returned to Harren1982
Harren1982 collected $0.05 from pot
*** SUMMARY ***
Total pot $0.05 | Rake $0 
Seat 1: Harren1982 (button) collected ($0.05)
Seat 2: Lorpugo (small blind) folded before Flop
Seat 3: NoLimitest (big blind) folded before Flop
Seat 4: nacherblja folded before Flop (didn't bet)
Seat 6: biruteiru folded before Flop (didn't bet)



PokerStars Hand #240702096074:  Hold'em No Limit ($0.01/$0.02 USD) - 2022/12/26 9:27:34 ET
Table 'Altair II' 6-max Seat #2 is the button
Seat 1: Harren1982 ($0.61 in chips) 
Seat 2: Lorpugo ($5.59 in chips) 
Seat 3: NoLimitest ($2.06 in chips) 
Seat 4: nacherblja ($5.16 in chips) 
Seat 6: biruteiru ($2.06 in chips) 
NoLimitest: posts small blind $0.01
nacherblja: posts big blind $0.02
*** HOLE CARDS ***
Dealt to Lorpugo [Qd 7c]
biruteiru: folds 
Harren1982: raises $0.59 to $0.61 and is all-in
Lorpugo: folds 
NoLimitest: folds 
nacherblja: folds 
Uncalled bet ($0.59) returned to Harren1982
Harren1982 collected $0.05 from pot
*** SUMMARY ***
Total pot $0.05 | Rake $0 
Seat 1: Harren1982 collected ($0.05)
Seat 2: Lorpugo (button) folded before Flop (didn't bet)
Seat 3: NoLimitest (small blind) folded before Flop
Seat 4: nacherblja (big blind) folded before Flop
Seat 6: biruteiru folded before Flop (didn't bet)



PokerStars Hand #240702099598:  Hold'em No Limit ($0.01/$0.02 USD) - 2022/12/26 9:27:48 ET
Table 'Altair II' 6-max Seat #3 is the button
Seat 1: Harren1982 ($0.64 in chips) 
Seat 2: Lorpugo ($5.59 in chips) 
Seat 3: NoLimitest ($2.05 in chips) 
Seat 4: nacherblja ($5.14 in chips) 
Seat 6: biruteiru ($2.06 in chips) 
nacherblja: posts small blind $0.01
biruteiru: posts big blind $0.02
*** HOLE CARDS ***
Dealt to Lorpugo [7d 6h]
Harren1982: folds 
Lorpugo: folds 
NoLimitest: folds 
nacherblja: folds 
Uncalled bet ($0.01) returned to biruteiru
biruteiru collected $0.02 from pot
luxy32 leaves the table
biruteiru: doesn't show hand 
*** SUMMARY ***
Total pot $0.02 | Rake $0 
Seat 1: Harren1982 folded before Flop (didn't bet)
Seat 2: Lorpugo folded before Flop (didn't bet)
Seat 3: NoLimitest (button) folded before Flop (didn't bet)
Seat 4: nacherblja (small blind) folded before Flop
Seat 6: biruteiru (big blind) collected ($0.02)



PokerStars Hand #240702103134:  Hold'em No Limit ($0.01/$0.02 USD) - 2022/12/26 9:28:01 ET
Table 'Altair II' 6-max Seat #4 is the button
Seat 1: Harren1982 ($0.64 in chips) 
Seat 2: Lorpugo ($5.59 in chips) 
Seat 3: NoLimitest ($2.05 in chips) 
Seat 4: nacherblja ($5.13 in chips) 
Harren1982: posts small blind $0.01
Lorpugo: posts big blind $0.02
*** HOLE CARDS ***
Dealt to Lorpugo [Kd 9c]
NoLimitest: folds 
nacherblja: raises $0.04 to $0.06
Harren1982: folds 
Lorpugo: calls $0.04
*** FLOP *** [Td 8h Ks]
Lorpugo: checks 
nacherblja: bets $0.07
Lorpugo: calls $0.07
*** TURN *** [Td 8h Ks] [3d]
Lorpugo: checks 
nacherblja: bets $0.13
Lorpugo: calls $0.13
*** RIVER *** [Td 8h Ks 3d] [As]
Lorpugo: checks 
nacherblja: checks 
*** SHOW DOWN ***
Lorpugo: shows [Kd 9c] (a pair of Kings)
nacherblja: mucks hand 
Lorpugo collected $0.51 from pot
*** SUMMARY ***
Total pot $0.53 | Rake $0.02 
Board [Td 8h Ks 3d As]
Seat 1: Harren1982 (small blind) folded before Flop
Seat 2: Lorpugo (big blind) showed [Kd 9c] and won ($0.51) with a pair of Kings
Seat 3: NoLimitest folded before Flop (didn't bet)
Seat 4: nacherblja (button) mucked [Qc Qd]



PokerStars Hand #240702114050:  Hold'em No Limit ($0.01/$0.02 USD) - 2022/12/26 9:28:43 ET
Table 'Altair II' 6-max Seat #1 is the button
Seat 1: Harren1982 ($0.63 in chips) 
Seat 2: Lorpugo ($5.84 in chips) 
Seat 3: NoLimitest ($2.05 in chips) 
Seat 4: nacherblja ($4.87 in chips) 
Lorpugo: posts small blind $0.01
NoLimitest: posts big blind $0.02
*** HOLE CARDS ***
Dealt to Lorpugo [Kh 4h]
nacherblja: folds 
Harren1982: folds 
Lorpugo: raises $0.04 to $0.06
NoLimitest: calls $0.04
*** FLOP *** [3h As Jh]
otiboy joins the table at seat #5 
Lorpugo: checks 
NoLimitest: bets $0.09
krakow20 joins the table at seat #6 
Lorpugo: calls $0.09
*** TURN *** [3h As Jh] [7c]
Lorpugo: checks 
NoLimitest: bets $0.22
Lorpugo: calls $0.22
*** RIVER *** [3h As Jh 7c] [Qc]
Lorpugo: checks 
NoLimitest: bets $0.54
Lorpugo: folds 
Uncalled bet ($0.54) returned to NoLimitest
NoLimitest collected $0.71 from pot
*** SUMMARY ***
Total pot $0.74 | Rake $0.03 
Board [3h As Jh 7c Qc]
Seat 1: Harren1982 (button) folded before Flop (didn't bet)
Seat 2: Lorpugo (small blind) folded on the River
Seat 3: NoLimitest (big blind) collected ($0.71)
Seat 4: nacherblja folded before Flop (didn't bet)



PokerStars Hand #240702127195:  Hold'em No Limit ($0.01/$0.02 USD) - 2022/12/26 9:29:33 ET
Table 'Altair II' 6-max Seat #2 is the button
Seat 1: Harren1982 ($0.63 in chips) 
Seat 2: Lorpugo ($5.47 in chips) 
Seat 3: NoLimitest ($2.39 in chips) 
Seat 4: nacherblja ($4.87 in chips) 
Seat 5: otiboy ($0.80 in chips) 
NoLimitest: posts small blind $0.01
nacherblja: posts big blind $0.02
otiboy: posts big blind $0.02
*** HOLE CARDS ***
Dealt to Lorpugo [5h 7s]
otiboy: checks 
Harren1982: raises $0.61 to $0.63 and is all-in
Lorpugo: folds 
NoLimitest: folds 
nacherblja: folds 
otiboy: folds 
Uncalled bet ($0.61) returned to Harren1982
Harren1982 collected $0.07 from pot
*** SUMMARY ***
Total pot $0.07 | Rake $0 
Seat 1: Harren1982 collected ($0.07)
Seat 2: Lorpugo (button) folded before Flop (didn't bet)
Seat 3: NoLimitest (small blind) folded before Flop
Seat 4: nacherblja (big blind) folded before Flop
Seat 5: otiboy folded before Flop (didn't bet)



PokerStars Hand #240702130672:  Hold'em No Limit ($0.01/$0.02 USD) - 2022/12/26 9:29:46 ET
Table 'Altair II' 6-max Seat #3 is the button
Seat 1: Harren1982 ($0.68 in chips) 
Seat 2: Lorpugo ($5.47 in chips) 
Seat 3: NoLimitest ($2.38 in chips) 
Seat 4: nacherblja ($4.85 in chips) 
Seat 5: otiboy ($0.78 in chips) 
nacherblja: posts small blind $0.01
otiboy: posts big blind $0.02
*** HOLE CARDS ***
Dealt to Lorpugo [5s Ac]
Harren1982: folds 
Lorpugo: raises $0.04 to $0.06
NoLimitest: folds 
nacherblja: folds 
otiboy: folds 
Uncalled bet ($0.04) returned to Lorpugo
Lorpugo collected $0.05 from pot
Lorpugo: doesn't show hand 
*** SUMMARY ***
Total pot $0.05 | Rake $0 
Seat 1: Harren1982 folded before Flop (didn't bet)
Seat 2: Lorpugo collected ($0.05)
Seat 3: NoLimitest (button) folded before Flop (didn't bet)
Seat 4: nacherblja (small blind) folded before Flop
Seat 5: otiboy (big blind) folded before Flop



PokerStars Hand #240702134584:  Hold'em No Limit ($0.01/$0.02 USD) - 2022/12/26 9:30:01 ET
Table 'Altair II' 6-max Seat #4 is the button
Seat 1: Harren1982 ($0.68 in chips) 
Seat 2: Lorpugo ($5.50 in chips) 
Seat 3: NoLimitest ($2.38 in chips) 
Seat 4: nacherblja ($4.84 in chips) 
Seat 5: otiboy ($0.76 in chips) 
Seat 6: krakow20 ($2 in chips) 
otiboy: posts small blind $0.01
krakow20: posts big blind $0.02
*** HOLE CARDS ***
Dealt to Lorpugo [2c Jc]
Harren1982: raises $0.66 to $0.68 and is all-in
Lorpugo: folds 
NoLimitest: folds 
nacherblja: folds 
otiboy: calls $0.67
krakow20: folds 
*** FLOP *** [3c Jd Th]
*** TURN *** [3c Jd Th] [5c]
*** RIVER *** [3c Jd Th 5c] [Qs]
*** SHOW DOWN ***
otiboy: shows [9d Ts] (a pair of Tens)
Harren1982: shows [Ad 7d] (high card Ace)
otiboy collected $1.33 from pot
*** SUMMARY ***
Total pot $1.38 | Rake $0.05 
Board [3c Jd Th 5c Qs]
Seat 1: Harren1982 showed [Ad 7d] and lost with high card Ace
Seat 2: Lorpugo folded before Flop (didn't bet)
Seat 3: NoLimitest folded before Flop (didn't bet)
Seat 4: nacherblja (button) folded before Flop (didn't bet)
Seat 5: otiboy (small blind) showed [9d Ts] and won ($1.33) with a pair of Tens
Seat 6: krakow20 (big blind) folded before Flop



PokerStars Hand #240702140009:  Hold'em No Limit ($0.01/$0.02 USD) - 2022/12/26 9:30:21 ET
Table 'Altair II' 6-max Seat #5 is the button
Seat 2: Lorpugo ($5.50 in chips) 
Seat 3: NoLimitest ($2.38 in chips) 
Seat 4: nacherblja ($4.84 in chips) 
Seat 5: otiboy ($1.41 in chips) 
Seat 6: krakow20 ($1.98 in chips) 
krakow20: posts small blind $0.01
Lorpugo: posts big blind $0.02
*** HOLE CARDS ***
Dealt to Lorpugo [5d Ac]
NoLimitest: folds 
nacherblja: folds 
Harren1982 leaves the table
otiboy: calls $0.02
krakow20: folds 
Volkoff_V_A joins the table at seat #1 
Lorpugo: checks 
*** FLOP *** [2c 9c 6c]
Lorpugo: checks 
otiboy: checks 
*** TURN *** [2c 9c 6c] [4h]
Lorpugo: bets $0.03
Volkoff_V_A leaves the table
otiboy: folds 
Uncalled bet ($0.03) returned to Lorpugo
Lorpugo collected $0.05 from pot
Lorpugo: doesn't show hand 
krakow20 leaves the table
*** SUMMARY ***
Total pot $0.05 | Rake $0 
Board [2c 9c 6c 4h]
Seat 2: Lorpugo (big blind) collected ($0.05)
Seat 3: NoLimitest folded before Flop (didn't bet)
Seat 4: nacherblja folded before Flop (didn't bet)
Seat 5: otiboy (button) folded on the Turn
Seat 6: krakow20 (small blind) folded before Flop



PokerStars Hand #240702147411:  Hold'em No Limit ($0.01/$0.02 USD) - 2022/12/26 9:30:49 ET
Table 'Altair II' 6-max Seat #2 is the button
Seat 2: Lorpugo ($5.53 in chips) 
Seat 3: NoLimitest ($2.38 in chips) 
Seat 4: nacherblja ($4.84 in chips) 
Seat 5: otiboy ($1.39 in chips) 
NoLimitest: posts small blind $0.01
nacherblja: posts big blind $0.02
*** HOLE CARDS ***
Dealt to Lorpugo [8c 7c]
otiboy: folds 
Volkoff_V_A joins the table at seat #6 
Lorpugo: raises $0.04 to $0.06
NoLimitest: folds 
Volkoff_V_A leaves the table
nacherblja: calls $0.04
*** FLOP *** [9c Ad 6s]
nacherblja: checks 
Dr.Eldoradon joins the table at seat #6 
Lorpugo: bets $0.09
nacherblja: folds 
Uncalled bet ($0.09) returned to Lorpugo
Lorpugo collected $0.13 from pot
Lorpugo: doesn't show hand 
*** SUMMARY ***
Total pot $0.13 | Rake $0 
Board [9c Ad 6s]
Seat 2: Lorpugo (button) collected ($0.13)
Seat 3: NoLimitest (small blind) folded before Flop
Seat 4: nacherblja (big blind) folded on the Flop
Seat 5: otiboy folded before Flop (didn't bet)



PokerStars Hand #240702156265:  Hold'em No Limit ($0.01/$0.02 USD) - 2022/12/26 9:31:22 ET
Table 'Altair II' 6-max Seat #3 is the button
Seat 2: Lorpugo ($5.60 in chips) 
Seat 3: NoLimitest ($2.37 in chips) 
Seat 4: nacherblja ($4.78 in chips) 
Seat 5: otiboy ($1.39 in chips) 
nacherblja: posts small blind $0.01
otiboy: posts big blind $0.02
*** HOLE CARDS ***
Dealt to Lorpugo [3h 8h]
Lorpugo: folds 
NoLimitest: folds 
nacherblja: raises $0.04 to $0.06
otiboy: folds 
Uncalled bet ($0.04) returned to nacherblja
nacherblja collected $0.04 from pot
nacherblja: doesn't show hand 
*** SUMMARY ***
Total pot $0.04 | Rake $0 
Seat 2: Lorpugo folded before Flop (didn't bet)
Seat 3: NoLimitest (button) folded before Flop (didn't bet)
Seat 4: nacherblja (small blind) collected ($0.04)
Seat 5: otiboy (big blind) folded before Flop



PokerStars Hand #240702159429:  Hold'em No Limit ($0.01/$0.02 USD) - 2022/12/26 9:31:34 ET
Table 'Altair II' 6-max Seat #4 is the button
Seat 2: Lorpugo ($5.60 in chips) 
Seat 3: NoLimitest ($2.37 in chips) 
Seat 4: nacherblja ($4.80 in chips) 
Seat 5: otiboy ($1.37 in chips) 
Seat 6: Dr.Eldoradon ($2 in chips) 
otiboy: posts small blind $0.01
Dr.Eldoradon: posts big blind $0.02
*** HOLE CARDS ***
Dealt to Lorpugo [Td Kd]
Lorpugo: raises $0.04 to $0.06
NoLimitest: folds 
nacherblja: folds 
Gor4477 joins the table at seat #1 
otiboy: calls $0.05
Dr.Eldoradon: calls $0.04
*** FLOP *** [4s Qd 2s]
otiboy: checks 
Dr.Eldoradon: checks 
Lorpugo: bets $0.09
otiboy: calls $0.09
Dr.Eldoradon: calls $0.09
*** TURN *** [4s Qd 2s] [Th]
otiboy: checks 
Dr.Eldoradon: checks 
Lorpugo: checks 
*** RIVER *** [4s Qd 2s Th] [Tc]
otiboy: bets $0.40
Dr.Eldoradon: folds 
Lorpugo: raises $5.05 to $5.45 and is all-in
otiboy: calls $0.82 and is all-in
Uncalled bet ($4.23) returned to Lorpugo
*** SHOW DOWN ***
Lorpugo: shows [Td Kd] (three of a kind, Tens)
otiboy: shows [4c 4h] (a full house, Fours full of Tens)
otiboy collected $2.79 from pot
*** SUMMARY ***
Total pot $2.89 | Rake $0.10 
Board [4s Qd 2s Th Tc]
Seat 2: Lorpugo showed [Td Kd] and lost with three of a kind, Tens
Seat 3: NoLimitest folded before Flop (didn't bet)
Seat 4: nacherblja (button) folded before Flop (didn't bet)
Seat 5: otiboy (small blind) showed [4c 4h] and won ($2.79) with a full house, Fours full of Tens
Seat 6: Dr.Eldoradon (big blind) folded on the River



PokerStars Hand #240702174684:  Hold'em No Limit ($0.01/$0.02 USD) - 2022/12/26 9:32:31 ET
Table 'Altair II' 6-max Seat #5 is the button
Seat 1: Gor4477 ($2 in chips) 
Seat 2: Lorpugo ($4.23 in chips) 
Seat 3: NoLimitest ($2.37 in chips) 
Seat 4: nacherblja ($4.80 in chips) 
Seat 5: otiboy ($2.79 in chips) 
Seat 6: Dr.Eldoradon ($1.85 in chips) 
Dr.Eldoradon: posts small blind $0.01
Gor4477: posts big blind $0.02
*** HOLE CARDS ***
Dealt to Lorpugo [4c Jh]
Lorpugo: folds 
NoLimitest: folds 
nacherblja: folds 
otiboy: calls $0.02
Dr.Eldoradon: folds 
Gor4477: checks 
*** FLOP *** [Qs 3s Td]
Gor4477: checks 
otiboy: checks 
*** TURN *** [Qs 3s Td] [Qh]
Gor4477: checks 
otiboy: checks 
*** RIVER *** [Qs 3s Td Qh] [2h]
Gor4477: checks 
otiboy: checks 
*** SHOW DOWN ***
Gor4477: shows [8h Kc] (a pair of Queens)
otiboy: mucks hand 
Gor4477 collected $0.05 from pot
*** SUMMARY ***
Total pot $0.05 | Rake $0 
Board [Qs 3s Td Qh 2h]
Seat 1: Gor4477 (big blind) showed [8h Kc] and won ($0.05) with a pair of Queens
Seat 2: Lorpugo folded before Flop (didn't bet)
Seat 3: NoLimitest folded before Flop (didn't bet)
Seat 4: nacherblja folded before Flop (didn't bet)
Seat 5: otiboy (button) mucked [6s Kd]
Seat 6: Dr.Eldoradon (small blind) folded before Flop



PokerStars Hand #240702183968:  Hold'em No Limit ($0.01/$0.02 USD) - 2022/12/26 9:33:06 ET
Table 'Altair II' 6-max Seat #6 is the button
Seat 1: Gor4477 ($2.03 in chips) 
Seat 2: Lorpugo ($4.23 in chips) 
Seat 3: NoLimitest ($2.37 in chips) 
Seat 4: nacherblja ($4.80 in chips) 
Seat 6: Dr.Eldoradon ($1.84 in chips) 
Gor4477: posts small blind $0.01
Lorpugo: posts big blind $0.02
*** HOLE CARDS ***
Dealt to Lorpugo [7h 4s]
NoLimitest: folds 
otiboy leaves the table
nacherblja: raises $0.04 to $0.06
ManigliaKKill joins the table at seat #5 
Dr.Eldoradon: calls $0.06
Gor4477: folds 
Lorpugo: folds 
*** FLOP *** [Td 5c 5h]
nacherblja: checks 
Dr.Eldoradon: checks 
*** TURN *** [Td 5c 5h] [3d]
nacherblja: checks 
Dr.Eldoradon: checks 
*** RIVER *** [Td 5c 5h 3d] [Jc]
nacherblja: bets $0.08
Dr.Eldoradon: folds 
Uncalled bet ($0.08) returned to nacherblja
nacherblja collected $0.14 from pot
nacherblja: doesn't show hand 
*** SUMMARY ***
Total pot $0.15 | Rake $0.01 
Board [Td 5c 5h 3d Jc]
Seat 1: Gor4477 (small blind) folded before Flop
Seat 2: Lorpugo (big blind) folded before Flop
Seat 3: NoLimitest folded before Flop (didn't bet)
Seat 4: nacherblja collected ($0.14)
Seat 6: Dr.Eldoradon (button) folded on the River



PokerStars Hand #240702197457:  Hold'em No Limit ($0.01/$0.02 USD) - 2022/12/26 9:33:57 ET
Table 'Altair II' 6-max Seat #1 is the button
Seat 1: Gor4477 ($2.02 in chips) 
Seat 2: Lorpugo ($4.21 in chips) 
Seat 3: NoLimitest ($2.37 in chips) 
Seat 4: nacherblja ($4.88 in chips) 
Seat 5: ManigliaKKill ($0.85 in chips) 
Seat 6: Dr.Eldoradon ($2 in chips) 
Lorpugo: posts small blind $0.01
NoLimitest: posts big blind $0.02
ManigliaKKill: posts big blind $0.02
*** HOLE CARDS ***
Dealt to Lorpugo [3d Kh]
nacherblja: raises $0.04 to $0.06
ManigliaKKill: folds 
Dr.Eldoradon: folds 
Gor4477: folds 
Lorpugo: folds 
NoLimitest: folds 
Uncalled bet ($0.04) returned to nacherblja
nacherblja collected $0.07 from pot
nacherblja: doesn't show hand 
*** SUMMARY ***
Total pot $0.07 | Rake $0 
Seat 1: Gor4477 (button) folded before Flop (didn't bet)
Seat 2: Lorpugo (small blind) folded before Flop
Seat 3: NoLimitest (big blind) folded before Flop
Seat 4: nacherblja collected ($0.07)
Seat 5: ManigliaKKill folded before Flop (didn't bet)
Seat 6: Dr.Eldoradon folded before Flop (didn't bet)



PokerStars Hand #240702201696:  Hold'em No Limit ($0.01/$0.02 USD) - 2022/12/26 9:34:12 ET
Table 'Altair II' 6-max Seat #2 is the button
Seat 1: Gor4477 ($2.02 in chips) 
Seat 2: Lorpugo ($4.20 in chips) 
Seat 3: NoLimitest ($2.35 in chips) 
Seat 4: nacherblja ($4.93 in chips) 
Seat 5: ManigliaKKill ($0.83 in chips) 
Seat 6: Dr.Eldoradon ($2 in chips) 
NoLimitest: posts small blind $0.01
nacherblja: posts big blind $0.02
*** HOLE CARDS ***
Dealt to Lorpugo [8c Qh]
ManigliaKKill: raises $0.04 to $0.06
Dr.Eldoradon: calls $0.06
Gor4477: folds 
Lorpugo: folds 
NoLimitest: folds 
nacherblja: folds 
*** FLOP *** [9h Jh 5h]
ManigliaKKill: bets $0.07
Dr.Eldoradon: folds 
Uncalled bet ($0.07) returned to ManigliaKKill
ManigliaKKill collected $0.14 from pot
*** SUMMARY ***
Total pot $0.15 | Rake $0.01 
Board [9h Jh 5h]
Seat 1: Gor4477 folded before Flop (didn't bet)
Seat 2: Lorpugo (button) folded before Flop (didn't bet)
Seat 3: NoLimitest (small blind) folded before Flop
Seat 4: nacherblja (big blind) folded before Flop
Seat 5: ManigliaKKill collected ($0.14)
Seat 6: Dr.Eldoradon folded on the Flop



PokerStars Hand #240702208488:  Hold'em No Limit ($0.01/$0.02 USD) - 2022/12/26 9:34:38 ET
Table 'Altair II' 6-max Seat #3 is the button
Seat 1: Gor4477 ($2.02 in chips) 
Seat 2: Lorpugo ($4.20 in chips) 
Seat 3: NoLimitest ($2.34 in chips) 
Seat 4: nacherblja ($4.91 in chips) 
Seat 5: ManigliaKKill ($0.91 in chips) 
Seat 6: Dr.Eldoradon ($1.94 in chips) 
nacherblja: posts small blind $0.01
ManigliaKKill: posts big blind $0.02
*** HOLE CARDS ***
Dealt to Lorpugo [Jd 9d]
Dr.Eldoradon: folds 
Gor4477: folds 
Lorpugo: raises $0.04 to $0.06
NoLimitest: folds 
nacherblja: folds 
ManigliaKKill: calls $0.04
*** FLOP *** [Js 7d Kc]
ManigliaKKill is connected 
ManigliaKKill: checks 
Lorpugo: checks 
*** TURN *** [Js 7d Kc] [9c]
ManigliaKKill: bets $0.07
Lorpugo: raises $0.18 to $0.25
ManigliaKKill: calls $0.18
*** RIVER *** [Js 7d Kc 9c] [8d]
ManigliaKKill: checks 
Lorpugo: checks 
*** SHOW DOWN ***
ManigliaKKill: shows [2d Kd] (a pair of Kings)
Lorpugo: shows [Jd 9d] (two pair, Jacks and Nines)
Lorpugo collected $0.61 from pot
*** SUMMARY ***
Total pot $0.63 | Rake $0.02 
Board [Js 7d Kc 9c 8d]
Seat 1: Gor4477 folded before Flop (didn't bet)
Seat 2: Lorpugo showed [Jd 9d] and won ($0.61) with two pair, Jacks and Nines
Seat 3: NoLimitest (button) folded before Flop (didn't bet)
Seat 4: nacherblja (small blind) folded before Flop
Seat 5: ManigliaKKill (big blind) showed [2d Kd] and lost with a pair of Kings
Seat 6: Dr.Eldoradon folded before Flop (didn't bet)



PokerStars Hand #240702221008:  Hold'em No Limit ($0.01/$0.02 USD) - 2022/12/26 9:35:24 ET
Table 'Altair II' 6-max Seat #4 is the button
Seat 1: Gor4477 ($2.02 in chips) 
Seat 2: Lorpugo ($4.50 in chips) 
Seat 3: NoLimitest ($2.34 in chips) 
Seat 4: nacherblja ($4.90 in chips) 
Seat 5: ManigliaKKill ($0.60 in chips) 
Seat 6: Dr.Eldoradon ($1.94 in chips) 
ManigliaKKill: posts small blind $0.01
Dr.Eldoradon: posts big blind $0.02
*** HOLE CARDS ***
Dealt to Lorpugo [Ad 2c]
Gor4477: folds 
Lorpugo: raises $0.04 to $0.06
NoLimitest: folds 
nacherblja: folds 
ManigliaKKill: folds 
Dr.Eldoradon: folds 
Uncalled bet ($0.04) returned to Lorpugo
Lorpugo collected $0.05 from pot
Lorpugo: doesn't show hand 
*** SUMMARY ***
Total pot $0.05 | Rake $0 
Seat 1: Gor4477 folded before Flop (didn't bet)
Seat 2: Lorpugo collected ($0.05)
Seat 3: NoLimitest folded before Flop (didn't bet)
Seat 4: nacherblja (button) folded before Flop (didn't bet)
Seat 5: ManigliaKKill (small blind) folded before Flop
Seat 6: Dr.Eldoradon (big blind) folded before Flop



PokerStars Hand #240702227148:  Hold'em No Limit ($0.01/$0.02 USD) - 2022/12/26 9:35:47 ET
Table 'Altair II' 6-max Seat #5 is the button
Seat 1: Gor4477 ($2.02 in chips) 
Seat 2: Lorpugo ($4.53 in chips) 
Seat 3: NoLimitest ($2.34 in chips) 
Seat 4: nacherblja ($4.90 in chips) 
Seat 5: ManigliaKKill ($0.59 in chips) 
Seat 6: Dr.Eldoradon ($1.92 in chips) 
Dr.Eldoradon: posts small blind $0.01
Gor4477: posts big blind $0.02
*** HOLE CARDS ***
Dealt to Lorpugo [8d 8c]
Lorpugo: raises $0.04 to $0.06
NoLimitest is disconnected 
NoLimitest has timed out while being disconnected
NoLimitest: folds 
nacherblja: folds 
ManigliaKKill: raises $0.06 to $0.12
Dr.Eldoradon: folds 
Gor4477: folds 
Lorpugo: calls $0.06
*** FLOP *** [Kd 8s Th]
Dr.Eldoradon leaves the table
Lorpugo: checks 
ManigliaKKill: bets $0.13
Lorpugo: calls $0.13
*** TURN *** [Kd 8s Th] [7s]
Lorpugo: bets $0.34
ManigliaKKill: calls $0.34 and is all-in
*** RIVER *** [Kd 8s Th 7s] [Jd]
*** SHOW DOWN ***
Lorpugo: shows [8d 8c] (three of a kind, Eights)
ManigliaKKill: shows [Js Qc] (a pair of Jacks)
Lorpugo collected $1.17 from pot
*** SUMMARY ***
Total pot $1.21 | Rake $0.04 
Board [Kd 8s Th 7s Jd]
Seat 1: Gor4477 (big blind) folded before Flop
Seat 2: Lorpugo showed [8d 8c] and won ($1.17) with three of a kind, Eights
Seat 3: NoLimitest folded before Flop (didn't bet)
Seat 4: nacherblja folded before Flop (didn't bet)
Seat 5: ManigliaKKill (button) showed [Js Qc] and lost with a pair of Jacks
Seat 6: Dr.Eldoradon (small blind) folded before Flop



PokerStars Hand #240702251623:  Hold'em No Limit ($0.01/$0.02 USD) - 2022/12/26 9:37:17 ET
Table 'Altair II' 6-max Seat #1 is the button
Seat 1: Gor4477 ($2 in chips) 
Seat 2: Lorpugo ($5.11 in chips) 
Seat 3: NoLimitest ($2.34 in chips) 
Seat 4: nacherblja ($4.90 in chips) 
Lorpugo: posts small blind $0.01
NoLimitest: posts big blind $0.02
*** HOLE CARDS ***
Dealt to Lorpugo [7c 5d]
ManigliaKKill is disconnected 
nacherblja: folds 
nacherblja leaves the table
Folk2022 joins the table at seat #6 
Gor4477: folds 
Lorpugo: raises $0.04 to $0.06
NoLimitest: folds 
Uncalled bet ($0.04) returned to Lorpugo
Lorpugo collected $0.04 from pot
Lorpugo: doesn't show hand 
*** SUMMARY ***
Total pot $0.04 | Rake $0 
Seat 1: Gor4477 (button) folded before Flop (didn't bet)
Seat 2: Lorpugo (small blind) collected ($0.04)
Seat 3: NoLimitest (big blind) folded before Flop
Seat 4: nacherblja folded before Flop (didn't bet)



PokerStars Hand #240702258063:  Hold'em No Limit ($0.01/$0.02 USD) - 2022/12/26 9:37:41 ET
Table 'Altair II' 6-max Seat #2 is the button
Seat 1: Gor4477 ($2 in chips) 
Seat 2: Lorpugo ($5.13 in chips) 
Seat 3: NoLimitest ($2.32 in chips) 
Seat 6: Folk2022 ($2 in chips) 
NoLimitest: posts small blind $0.01
Folk2022: posts big blind $0.02
*** HOLE CARDS ***
Dealt to Lorpugo [Ts Jh]
Gor4477: folds 
Lorpugo: raises $0.04 to $0.06
NoLimitest: folds 
Folk2022: folds 
Uncalled bet ($0.04) returned to Lorpugo
Lorpugo collected $0.05 from pot
Lorpugo: doesn't show hand 
*** SUMMARY ***
Total pot $0.05 | Rake $0 
Seat 1: Gor4477 folded before Flop (didn't bet)
Seat 2: Lorpugo (button) collected ($0.05)
Seat 3: NoLimitest (small blind) folded before Flop
Seat 6: Folk2022 (big blind) folded before Flop



PokerStars Hand #240702261134:  Hold'em No Limit ($0.01/$0.02 USD) - 2022/12/26 9:37:53 ET
Table 'Altair II' 6-max Seat #3 is the button
Seat 1: Gor4477 ($2 in chips) 
Seat 2: Lorpugo ($5.16 in chips) 
Seat 3: NoLimitest ($2.31 in chips) 
Seat 6: Folk2022 ($1.98 in chips) 
Folk2022: posts small blind $0.01
Gor4477: posts big blind $0.02
*** HOLE CARDS ***
Dealt to Lorpugo [Ad 3d]
Lorpugo: raises $0.04 to $0.06
NoLimitest: folds 
Folk2022: folds 
Gor4477: calls $0.04
*** FLOP *** [7s Ac 3h]
oberdã joins the table at seat #4 
Gor4477: checks 
Lorpugo: bets $0.07
Gor4477: folds 
Uncalled bet ($0.07) returned to Lorpugo
Lorpugo collected $0.13 from pot
Lorpugo: doesn't show hand 
*** SUMMARY ***
Total pot $0.13 | Rake $0 
Board [7s Ac 3h]
Seat 1: Gor4477 (big blind) folded on the Flop
Seat 2: Lorpugo collected ($0.13)
Seat 3: NoLimitest (button) folded before Flop (didn't bet)
Seat 6: Folk2022 (small blind) folded before Flop



PokerStars Hand #240702267910:  Hold'em No Limit ($0.01/$0.02 USD) - 2022/12/26 9:38:17 ET
Table 'Altair II' 6-max Seat #6 is the button
Seat 1: Gor4477 ($2 in chips) 
Seat 2: Lorpugo ($5.23 in chips) 
Seat 3: NoLimitest ($2.31 in chips) 
Seat 6: Folk2022 ($1.97 in chips) 
Gor4477: posts small blind $0.01
Lorpugo: posts big blind $0.02
*** HOLE CARDS ***
Dealt to Lorpugo [As Tc]
NoLimitest: raises $0.04 to $0.06
Folk2022: folds 
Gor4477: raises $0.14 to $0.20
Lorpugo: folds 
NoLimitest: folds 
Uncalled bet ($0.14) returned to Gor4477
Gor4477 collected $0.14 from pot
*** SUMMARY ***
Total pot $0.14 | Rake $0 
Seat 1: Gor4477 (small blind) collected ($0.14)
Seat 2: Lorpugo (big blind) folded before Flop
Seat 3: NoLimitest folded before Flop
Seat 6: Folk2022 (button) folded before Flop (didn't bet)



PokerStars Hand #240702274338:  Hold'em No Limit ($0.01/$0.02 USD) - 2022/12/26 9:38:41 ET
Table 'Altair II' 6-max Seat #1 is the button
Seat 1: Gor4477 ($2.08 in chips) 
Seat 2: Lorpugo ($5.21 in chips) 
Seat 3: NoLimitest ($2.25 in chips) 
Seat 4: oberdã ($0.80 in chips) 
Seat 6: Folk2022 ($1.97 in chips) 
Lorpugo: posts small blind $0.01
NoLimitest: posts big blind $0.02
oberdã: posts big blind $0.02
*** HOLE CARDS ***
Dealt to Lorpugo [9h 9s]
oberdã: raises $0.02 to $0.04
Folk2022: folds 
Gor4477: folds 
Lorpugo: raises $0.10 to $0.14
NoLimitest: folds 
oberdã: calls $0.10
*** FLOP *** [Qc 9d 7d]
Lorpugo: bets $0.10
oberdã: folds 
Uncalled bet ($0.10) returned to Lorpugo
Lorpugo collected $0.29 from pot
Lorpugo: doesn't show hand 
*** SUMMARY ***
Total pot $0.30 | Rake $0.01 
Board [Qc 9d 7d]
Seat 1: Gor4477 (button) folded before Flop (didn't bet)
Seat 2: Lorpugo (small blind) collected ($0.29)
Seat 3: NoLimitest (big blind) folded before Flop
Seat 4: oberdã folded on the Flop
Seat 6: Folk2022 folded before Flop (didn't bet)



PokerStars Hand #240702282839:  Hold'em No Limit ($0.01/$0.02 USD) - 2022/12/26 9:39:13 ET
Table 'Altair II' 6-max Seat #2 is the button
Seat 1: Gor4477 ($2.08 in chips) 
Seat 2: Lorpugo ($5.36 in chips) 
Seat 3: NoLimitest ($2.23 in chips) 
Seat 4: oberdã ($0.66 in chips) 
Seat 6: Folk2022 ($1.97 in chips) 
NoLimitest: posts small blind $0.01
oberdã: posts big blind $0.02
*** HOLE CARDS ***
Dealt to Lorpugo [Jd 2d]
Folk2022: folds 
Gor4477: folds 
Lorpugo: raises $0.04 to $0.06
NoLimitest: folds 
oberdã: calls $0.04
*** FLOP *** [6s 4c 2s]
oberdã: checks 
Lorpugo: bets $0.07
oberdã: calls $0.07
*** TURN *** [6s 4c 2s] [Ks]
oberdã: checks 
Lorpugo: checks 
*** RIVER *** [6s 4c 2s Ks] [Qd]
oberdã: checks 
Lorpugo: checks 
*** SHOW DOWN ***
oberdã: shows [Ad 8d] (high card Ace)
Lorpugo: shows [Jd 2d] (a pair of Deuces)
Lorpugo collected $0.26 from pot
*** SUMMARY ***
Total pot $0.27 | Rake $0.01 
Board [6s 4c 2s Ks Qd]
Seat 1: Gor4477 folded before Flop (didn't bet)
Seat 2: Lorpugo (button) showed [Jd 2d] and won ($0.26) with a pair of Deuces
Seat 3: NoLimitest (small blind) folded before Flop
Seat 4: oberdã (big blind) showed [Ad 8d] and lost with high card Ace
Seat 6: Folk2022 folded before Flop (didn't bet)



PokerStars Hand #240702294354:  Hold'em No Limit ($0.01/$0.02 USD) - 2022/12/26 9:39:55 ET
Table 'Altair II' 6-max Seat #3 is the button
Seat 1: Gor4477 ($2.08 in chips) 
Seat 2: Lorpugo ($5.49 in chips) 
Seat 3: NoLimitest ($2.22 in chips) 
Seat 4: oberdã ($0.53 in chips) 
Seat 6: Folk2022 ($1.97 in chips) 
oberdã: posts small blind $0.01
Folk2022: posts big blind $0.02
*** HOLE CARDS ***
Dealt to Lorpugo [2s 3h]
Gor4477: folds 
Lorpugo: folds 
NoLimitest: raises $0.04 to $0.06
oberdã: calls $0.05
Folk2022: folds 
*** FLOP *** [4c Ac 8h]
oberdã: checks 
NoLimitest: checks 
*** TURN *** [4c Ac 8h] [9c]
oberdã: checks 
NoLimitest: bets $0.07
oberdã: calls $0.07
*** RIVER *** [4c Ac 8h 9c] [9s]
oberdã: checks 
NoLimitest: bets $0.21
oberdã: folds 
Uncalled bet ($0.21) returned to NoLimitest
NoLimitest collected $0.27 from pot
*** SUMMARY ***
Total pot $0.28 | Rake $0.01 
Board [4c Ac 8h 9c 9s]
Seat 1: Gor4477 folded before Flop (didn't bet)
Seat 2: Lorpugo folded before Flop (didn't bet)
Seat 3: NoLimitest (button) collected ($0.27)
Seat 4: oberdã (small blind) folded on the River
Seat 6: Folk2022 (big blind) folded before Flop



PokerStars Hand #240702306250:  Hold'em No Limit ($0.01/$0.02 USD) - 2022/12/26 9:40:39 ET
Table 'Altair II' 6-max Seat #4 is the button
Seat 1: Gor4477 ($2.08 in chips) 
Seat 2: Lorpugo ($5.49 in chips) 
Seat 3: NoLimitest ($2.36 in chips) 
Seat 4: oberdã ($0.40 in chips) 
Seat 6: Folk2022 ($1.95 in chips) 
Folk2022: posts small blind $0.01
Gor4477: posts big blind $0.02
*** HOLE CARDS ***
Dealt to Lorpugo [Td Qs]
Lorpugo: raises $0.04 to $0.06
NoLimitest: folds 
oberdã: calls $0.06
Folk2022: folds 
Gor4477: folds 
*** FLOP *** [4s 2h 3d]
Lorpugo: bets $0.07
oberdã: calls $0.07
*** TURN *** [4s 2h 3d] [Qd]
Lorpugo: bets $0.18
oberdã: folds 
Uncalled bet ($0.18) returned to Lorpugo
Lorpugo collected $0.28 from pot
Lorpugo: doesn't show hand 
*** SUMMARY ***
Total pot $0.29 | Rake $0.01 
Board [4s 2h 3d Qd]
Seat 1: Gor4477 (big blind) folded before Flop
Seat 2: Lorpugo collected ($0.28)
Seat 3: NoLimitest folded before Flop (didn't bet)
Seat 4: oberdã (button) folded on the Turn
Seat 6: Folk2022 (small blind) folded before Flop



PokerStars Hand #240702318200:  Hold'em No Limit ($0.01/$0.02 USD) - 2022/12/26 9:41:22 ET
Table 'Altair II' 6-max Seat #6 is the button
Seat 1: Gor4477 ($2.06 in chips) 
Seat 2: Lorpugo ($5.64 in chips) 
Seat 3: NoLimitest ($2.36 in chips) 
Seat 4: oberdã ($0.27 in chips) 
Seat 6: Folk2022 ($1.94 in chips) 
Gor4477: posts small blind $0.01
Lorpugo: posts big blind $0.02
*** HOLE CARDS ***
Dealt to Lorpugo [6s Ks]
NoLimitest: folds 
oberdã: folds 
Folk2022: folds 
Gor4477: folds 
Uncalled bet ($0.01) returned to Lorpugo
Lorpugo collected $0.02 from pot
Lorpugo: doesn't show hand 
*** SUMMARY ***
Total pot $0.02 | Rake $0 
Seat 1: Gor4477 (small blind) folded before Flop
Seat 2: Lorpugo (big blind) collected ($0.02)
Seat 3: NoLimitest folded before Flop (didn't bet)
Seat 4: oberdã folded before Flop (didn't bet)
Seat 6: Folk2022 (button) folded before Flop (didn't bet)



PokerStars Hand #240702320311:  Hold'em No Limit ($0.01/$0.02 USD) - 2022/12/26 9:41:30 ET
Table 'Altair II' 6-max Seat #1 is the button
Seat 1: Gor4477 ($2.05 in chips) 
Seat 2: Lorpugo ($5.65 in chips) 
Seat 3: NoLimitest ($2.36 in chips) 
Seat 4: oberdã ($0.27 in chips) 
Seat 6: Folk2022 ($1.94 in chips) 
Lorpugo: posts small blind $0.01
NoLimitest: posts big blind $0.02
*** HOLE CARDS ***
Dealt to Lorpugo [3c Qh]
oberdã: calls $0.02
Folk2022: raises $0.04 to $0.06
Gor4477: folds 
Lorpugo: folds 
NoLimitest: folds 
oberdã: calls $0.04
*** FLOP *** [7d As 3h]
oberdã: bets $0.21 and is all-in
Folk2022: calls $0.21
*** TURN *** [7d As 3h] [8d]
*** RIVER *** [7d As 3h 8d] [Td]
*** SHOW DOWN ***
oberdã: shows [7c 5d] (a pair of Sevens)
Folk2022: shows [Ts Ah] (two pair, Aces and Tens)
Folk2022 collected $0.55 from pot
*** SUMMARY ***
Total pot $0.57 | Rake $0.02 
Board [7d As 3h 8d Td]
Seat 1: Gor4477 (button) folded before Flop (didn't bet)
Seat 2: Lorpugo (small blind) folded before Flop
Seat 3: NoLimitest (big blind) folded before Flop
Seat 4: oberdã showed [7c 5d] and lost with a pair of Sevens
Seat 6: Folk2022 showed [Ts Ah] and won ($0.55) with two pair, Aces and Tens



PokerStars Hand #240702329980:  Hold'em No Limit ($0.01/$0.02 USD) - 2022/12/26 9:42:05 ET
Table 'Altair II' 6-max Seat #2 is the button
Seat 1: Gor4477 ($2.05 in chips) 
Seat 2: Lorpugo ($5.64 in chips) 
Seat 3: NoLimitest ($2.34 in chips) 
Seat 6: Folk2022 ($2.22 in chips) 
NoLimitest: posts small blind $0.01
Folk2022: posts big blind $0.02
*** HOLE CARDS ***
Dealt to Lorpugo [2c 6s]
Gor4477: folds 
Lorpugo: folds 
NoLimitest: folds 
Uncalled bet ($0.01) returned to Folk2022
NoLimitest leaves the table
Folk2022 collected $0.02 from pot
oberdã leaves the table
*** SUMMARY ***
Total pot $0.02 | Rake $0 
Seat 1: Gor4477 folded before Flop (didn't bet)
Seat 2: Lorpugo (button) folded before Flop (didn't bet)
Seat 3: NoLimitest (small blind) folded before Flop
Seat 6: Folk2022 (big blind) collected ($0.02)



PokerStars Hand #240702332210:  Hold'em No Limit ($0.01/$0.02 USD) - 2022/12/26 9:42:13 ET
Table 'Altair II' 6-max Seat #6 is the button
Seat 1: Gor4477 ($2.05 in chips) 
Seat 2: Lorpugo ($5.64 in chips) 
Seat 6: Folk2022 ($2.23 in chips) 
Gor4477: posts small blind $0.01
Lorpugo: posts big blind $0.02
*** HOLE CARDS ***
Dealt to Lorpugo [Qd 7c]
Folk2022: folds 
Gor4477: folds 
Uncalled bet ($0.01) returned to Lorpugo
Lorpugo collected $0.02 from pot
Lorpugo: doesn't show hand 
*** SUMMARY ***
Total pot $0.02 | Rake $0 
Seat 1: Gor4477 (small blind) folded before Flop
Seat 2: Lorpugo (big blind) collected ($0.02)
Seat 6: Folk2022 (button) folded before Flop (didn't bet)



PokerStars Hand #240702334170:  Hold'em No Limit ($0.01/$0.02 USD) - 2022/12/26 9:42:20 ET
Table 'Altair II' 6-max Seat #1 is the button
Seat 1: Gor4477 ($2.04 in chips) 
Seat 2: Lorpugo ($5.65 in chips) 
Seat 6: Folk2022 ($2.23 in chips) 
Lorpugo: posts small blind $0.01
Folk2022: posts big blind $0.02
*** HOLE CARDS ***
Dealt to Lorpugo [Td 3h]
Gor4477: folds 
Lorpugo: folds 
Uncalled bet ($0.01) returned to Folk2022
Folk2022 collected $0.02 from pot
*** SUMMARY ***
Total pot $0.02 | Rake $0 
Seat 1: Gor4477 (button) folded before Flop (didn't bet)
Seat 2: Lorpugo (small blind) folded before Flop
Seat 6: Folk2022 (big blind) collected ($0.02)



PokerStars Hand #240702336653:  Hold'em No Limit ($0.01/$0.02 USD) - 2022/12/26 9:42:29 ET
Table 'Altair II' 6-max Seat #2 is the button
Seat 1: Gor4477 ($2.04 in chips) 
Seat 2: Lorpugo ($5.64 in chips) 
Seat 6: Folk2022 ($2.24 in chips) 
Folk2022: posts small blind $0.01
Gor4477: posts big blind $0.02
*** HOLE CARDS ***
Dealt to Lorpugo [6d 4s]
Lorpugo: folds 
Folk2022: raises $0.04 to $0.06
Gor4477: folds 
Uncalled bet ($0.04) returned to Folk2022
Folk2022 collected $0.04 from pot
*** SUMMARY ***
Total pot $0.04 | Rake $0 
Seat 1: Gor4477 (big blind) folded before Flop
Seat 2: Lorpugo (button) folded before Flop (didn't bet)
Seat 6: Folk2022 (small blind) collected ($0.04)



PokerStars Hand #240702339450:  Hold'em No Limit ($0.01/$0.02 USD) - 2022/12/26 9:42:39 ET
Table 'Altair II' 6-max Seat #6 is the button
Seat 1: Gor4477 ($2.02 in chips) 
Seat 2: Lorpugo ($5.64 in chips) 
Seat 6: Folk2022 ($2.26 in chips) 
Gor4477: posts small blind $0.01
Lorpugo: posts big blind $0.02
*** HOLE CARDS ***
Dealt to Lorpugo [4h 6c]
Folk2022: folds 
Folk2022 leaves the table
Gor4477: raises $0.04 to $0.06
Lorpugo: folds 
Uncalled bet ($0.04) returned to Gor4477
Gor4477 collected $0.04 from pot
*** SUMMARY ***
Total pot $0.04 | Rake $0 
Seat 1: Gor4477 (small blind) collected ($0.04)
Seat 2: Lorpugo (big blind) folded before Flop
Seat 6: Folk2022 (button) folded before Flop (didn't bet)



PokerStars Hand #240702344512:  Hold'em No Limit ($0.01/$0.02 USD) - 2022/12/26 9:42:58 ET
Table 'Altair II' 6-max Seat #2 is the button
Seat 1: Gor4477 ($2.04 in chips) 
Seat 2: Lorpugo ($5.62 in chips) 
Lorpugo: posts small blind $0.01
Gor4477: posts big blind $0.02
*** HOLE CARDS ***
Dealt to Lorpugo [7c Qc]
Lorpugo: raises $0.04 to $0.06
Gor4477: folds 
Uncalled bet ($0.04) returned to Lorpugo
Lorpugo collected $0.04 from pot
ManigliaKKill leaves the table
Lorpugo: doesn't show hand 
*** SUMMARY ***
Total pot $0.04 | Rake $0 
Seat 1: Gor4477 (big blind) folded before Flop
Seat 2: Lorpugo (button) (small blind) collected ($0.04)



PokerStars Hand #240702346464:  Hold'em No Limit ($0.01/$0.02 USD) - 2022/12/26 9:43:05 ET
Table 'Altair II' 6-max Seat #1 is the button
Seat 1: Gor4477 ($2.02 in chips) 
Seat 2: Lorpugo ($5.64 in chips) 
Gor4477: posts small blind $0.01
Lorpugo: posts big blind $0.02
*** HOLE CARDS ***
Dealt to Lorpugo [4h 6s]
devloper42 joins the table at seat #4 
Gor4477: folds 
Uncalled bet ($0.01) returned to Lorpugo
Lorpugo collected $0.02 from pot
Lorpugo: doesn't show hand 
*** SUMMARY ***
Total pot $0.02 | Rake $0 
Seat 1: Gor4477 (button) (small blind) folded before Flop
Seat 2: Lorpugo (big blind) collected ($0.02)



PokerStars Hand #240702347810:  Hold'em No Limit ($0.01/$0.02 USD) - 2022/12/26 9:43:10 ET
Table 'Altair II' 6-max Seat #1 is the button
Seat 1: Gor4477 ($2.01 in chips) 
Seat 2: Lorpugo ($5.65 in chips) 
Seat 4: devloper42 ($2 in chips) 
Lorpugo: posts small blind $0.01
devloper42: posts big blind $0.02
*** HOLE CARDS ***
Dealt to Lorpugo [6d Td]
Gor4477: folds 
KraVasya joins the table at seat #3 
Lorpugo: raises $0.04 to $0.06
devloper42: calls $0.04
*** FLOP *** [6s 5d 8c]
Lorpugo: bets $0.08
devloper42: calls $0.08
*** TURN *** [6s 5d 8c] [Jh]
Lorpugo: checks 
devloper42: checks 
*** RIVER *** [6s 5d 8c Jh] [9d]
Lorpugo: checks 
alonso.seminari joins the table at seat #6 
devloper42: checks 
*** SHOW DOWN ***
Lorpugo: shows [6d Td] (a pair of Sixes)
devloper42: shows [8s 3h] (a pair of Eights)
devloper42 collected $0.27 from pot
*** SUMMARY ***
Total pot $0.28 | Rake $0.01 
Board [6s 5d 8c Jh 9d]
Seat 1: Gor4477 (button) folded before Flop (didn't bet)
Seat 2: Lorpugo (small blind) showed [6d Td] and lost with a pair of Sixes
Seat 4: devloper42 (big blind) showed [8s 3h] and won ($0.27) with a pair of Eights



PokerStars Hand #240702358772:  Hold'em No Limit ($0.01/$0.02 USD) - 2022/12/26 9:43:49 ET
Table 'Altair II' 6-max Seat #2 is the button
Seat 1: Gor4477 ($2.01 in chips) 
Seat 2: Lorpugo ($5.51 in chips) 
Seat 4: devloper42 ($2.13 in chips) 
Seat 6: alonso.seminari ($2 in chips) 
devloper42: posts small blind $0.01
alonso.seminari: posts big blind $0.02
*** HOLE CARDS ***
Dealt to Lorpugo [4c 3c]
navegantefilho joins the table at seat #5 
Gor4477: folds 
Lorpugo: raises $0.04 to $0.06
devloper42: calls $0.05
alonso.seminari: folds 
*** FLOP *** [Js 8h Ts]
devloper42: checks 
Lorpugo: checks 
*** TURN *** [Js 8h Ts] [9s]
devloper42: bets $0.04
Lorpugo: folds 
Uncalled bet ($0.04) returned to devloper42
devloper42 collected $0.14 from pot
*** SUMMARY ***
Total pot $0.14 | Rake $0 
Board [Js 8h Ts 9s]
Seat 1: Gor4477 folded before Flop (didn't bet)
Seat 2: Lorpugo (button) folded on the Turn
Seat 4: devloper42 (small blind) collected ($0.14)
Seat 6: alonso.seminari (big blind) folded before Flop



PokerStars Hand #240702366668:  Hold'em No Limit ($0.01/$0.02 USD) - 2022/12/26 9:44:18 ET
Table 'Altair II' 6-max Seat #4 is the button
Seat 1: Gor4477 ($2.01 in chips) 
Seat 2: Lorpugo ($5.45 in chips) 
Seat 4: devloper42 ($2.21 in chips) 
Seat 6: alonso.seminari ($1.98 in chips) 
alonso.seminari: posts small blind $0.01
Gor4477: posts big blind $0.02
*** HOLE CARDS ***
Dealt to Lorpugo [2s 2d]
Lorpugo: raises $0.04 to $0.06
devloper42: folds 
alonso.seminari: folds 
Gor4477: folds 
Uncalled bet ($0.04) returned to Lorpugo
Lorpugo collected $0.05 from pot
Lorpugo: doesn't show hand 
*** SUMMARY ***
Total pot $0.05 | Rake $0 
Seat 1: Gor4477 (big blind) folded before Flop
Seat 2: Lorpugo collected ($0.05)
Seat 4: devloper42 (button) folded before Flop (didn't bet)
Seat 6: alonso.seminari (small blind) folded before Flop



PokerStars Hand #240702370272:  Hold'em No Limit ($0.01/$0.02 USD) - 2022/12/26 9:44:31 ET
Table 'Altair II' 6-max Seat #6 is the button
Seat 1: Gor4477 ($2 in chips) 
Seat 2: Lorpugo ($5.48 in chips) 
Seat 4: devloper42 ($2.21 in chips) 
Seat 6: alonso.seminari ($1.97 in chips) 
Gor4477: posts small blind $0.01
Lorpugo: posts big blind $0.02
*** HOLE CARDS ***
Dealt to Lorpugo [3s 8h]
devloper42: folds 
alonso.seminari: raises $0.04 to $0.06
Gor4477: folds 
Lorpugo: folds 
Uncalled bet ($0.04) returned to alonso.seminari
alonso.seminari collected $0.05 from pot
alonso.seminari: doesn't show hand 
*** SUMMARY ***
Total pot $0.05 | Rake $0 
Seat 1: Gor4477 (small blind) folded before Flop
Seat 2: Lorpugo (big blind) folded before Flop
Seat 4: devloper42 folded before Flop (didn't bet)
Seat 6: alonso.seminari (button) collected ($0.05)



PokerStars Hand #240702374838:  Hold'em No Limit ($0.01/$0.02 USD) - 2022/12/26 9:44:47 ET
Table 'Altair II' 6-max Seat #1 is the button
Seat 1: Gor4477 ($2 in chips) 
Seat 2: Lorpugo ($5.46 in chips) 
Seat 3: KraVasya ($2 in chips) 
Seat 4: devloper42 ($2.21 in chips) 
Seat 6: alonso.seminari ($2 in chips) 
Lorpugo: posts small blind $0.01
KraVasya: posts big blind $0.02
*** HOLE CARDS ***
Dealt to Lorpugo [Kd 5h]
devloper42: folds 
alonso.seminari: folds 
Gor4477: folds 
Lorpugo: raises $0.04 to $0.06
KraVasya: folds 
Uncalled bet ($0.04) returned to Lorpugo
Lorpugo collected $0.04 from pot
Lorpugo: doesn't show hand 
*** SUMMARY ***
Total pot $0.04 | Rake $0 
Seat 1: Gor4477 (button) folded before Flop (didn't bet)
Seat 2: Lorpugo (small blind) collected ($0.04)
Seat 3: KraVasya (big blind) folded before Flop
Seat 4: devloper42 folded before Flop (didn't bet)
Seat 6: alonso.seminari folded before Flop (didn't bet)



PokerStars Hand #240702379587:  Hold'em No Limit ($0.01/$0.02 USD) - 2022/12/26 9:45:05 ET
Table 'Altair II' 6-max Seat #2 is the button
Seat 1: Gor4477 ($2 in chips) 
Seat 2: Lorpugo ($5.48 in chips) 
Seat 3: KraVasya ($2 in chips) 
Seat 4: devloper42 ($2.21 in chips) 
Seat 6: alonso.seminari ($2 in chips) 
KraVasya: posts small blind $0.01
devloper42: posts big blind $0.02
*** HOLE CARDS ***
Dealt to Lorpugo [Kh 3s]
alonso.seminari: folds 
Gor4477: folds 
Lorpugo: folds 
KraVasya: folds 
Uncalled bet ($0.01) returned to devloper42
devloper42 collected $0.02 from pot
*** SUMMARY ***
Total pot $0.02 | Rake $0 
Seat 1: Gor4477 folded before Flop (didn't bet)
Seat 2: Lorpugo (button) folded before Flop (didn't bet)
Seat 3: KraVasya (small blind) folded before Flop
Seat 4: devloper42 (big blind) collected ($0.02)
Seat 6: alonso.seminari folded before Flop (didn't bet)



PokerStars Hand #240702383826:  Hold'em No Limit ($0.01/$0.02 USD) - 2022/12/26 9:45:20 ET
Table 'Altair II' 6-max Seat #3 is the button
Seat 1: Gor4477 ($2 in chips) 
Seat 2: Lorpugo ($5.48 in chips) 
Seat 3: KraVasya ($2 in chips) 
Seat 4: devloper42 ($2.22 in chips) 
Seat 5: navegantefilho ($2 in chips) 
Seat 6: alonso.seminari ($2 in chips) 
devloper42: posts small blind $0.01
navegantefilho: posts big blind $0.02
*** HOLE CARDS ***
Dealt to Lorpugo [4c 6d]
alonso.seminari: folds 
Gor4477: folds 
Lorpugo: folds 
KraVasya: folds 
devloper42: raises $0.05 to $0.07
navegantefilho: raises $0.05 to $0.12
devloper42: folds 
Uncalled bet ($0.05) returned to navegantefilho
navegantefilho collected $0.14 from pot
*** SUMMARY ***
Total pot $0.14 | Rake $0 
Seat 1: Gor4477 folded before Flop (didn't bet)
Seat 2: Lorpugo folded before Flop (didn't bet)
Seat 3: KraVasya (button) folded before Flop (didn't bet)
Seat 4: devloper42 (small blind) folded before Flop
Seat 5: navegantefilho (big blind) collected ($0.14)
Seat 6: alonso.seminari folded before Flop (didn't bet)



PokerStars Hand #240702396798:  Hold'em No Limit ($0.01/$0.02 USD) - 2022/12/26 9:46:06 ET
Table 'Altair II' 6-max Seat #4 is the button
Seat 1: Gor4477 ($2 in chips) 
Seat 2: Lorpugo ($5.48 in chips) 
Seat 3: KraVasya ($2 in chips) 
Seat 4: devloper42 ($2.15 in chips) 
Seat 5: navegantefilho ($2.07 in chips) 
Seat 6: alonso.seminari ($2 in chips) 
navegantefilho: posts small blind $0.01
alonso.seminari: posts big blind $0.02
*** HOLE CARDS ***
Dealt to Lorpugo [8c Td]
Gor4477: raises $0.04 to $0.06
Lorpugo: folds 
KraVasya: folds 
devloper42: folds 
navegantefilho: calls $0.05
alonso.seminari: folds 
*** FLOP *** [Tc 2d 4h]
navegantefilho: checks 
Gor4477: bets $0.07
navegantefilho: folds 
Uncalled bet ($0.07) returned to Gor4477
Gor4477 collected $0.14 from pot
*** SUMMARY ***
Total pot $0.14 | Rake $0 
Board [Tc 2d 4h]
Seat 1: Gor4477 collected ($0.14)
Seat 2: Lorpugo folded before Flop (didn't bet)
Seat 3: KraVasya folded before Flop (didn't bet)
Seat 4: devloper42 (button) folded before Flop (didn't bet)
Seat 5: navegantefilho (small blind) folded on the Flop
Seat 6: alonso.seminari (big blind) folded before Flop



PokerStars Hand #240702405469:  Hold'em No Limit ($0.01/$0.02 USD) - 2022/12/26 9:46:38 ET
Table 'Altair II' 6-max Seat #5 is the button
Seat 1: Gor4477 ($2.08 in chips) 
Seat 2: Lorpugo ($5.48 in chips) 
Seat 3: KraVasya ($2 in chips) 
Seat 4: devloper42 ($2.15 in chips) 
Seat 5: navegantefilho ($2.01 in chips) 
Seat 6: alonso.seminari ($1.98 in chips) 
alonso.seminari: posts small blind $0.01
Gor4477: posts big blind $0.02
*** HOLE CARDS ***
Dealt to Lorpugo [8h Js]
Lorpugo: folds 
KraVasya: folds 
devloper42: folds 
navegantefilho: calls $0.02
alonso.seminari: raises $0.02 to $0.04
Gor4477: folds 
navegantefilho: calls $0.02
*** FLOP *** [7h 3c 9c]
alonso.seminari: bets $0.06
navegantefilho: folds 
Uncalled bet ($0.06) returned to alonso.seminari
alonso.seminari collected $0.10 from pot
alonso.seminari: doesn't show hand 
*** SUMMARY ***
Total pot $0.10 | Rake $0 
Board [7h 3c 9c]
Seat 1: Gor4477 (big blind) folded before Flop
Seat 2: Lorpugo folded before Flop (didn't bet)
Seat 3: KraVasya folded before Flop (didn't bet)
Seat 4: devloper42 folded before Flop (didn't bet)
Seat 5: navegantefilho (button) folded on the Flop
Seat 6: alonso.seminari (small blind) collected ($0.10)



PokerStars Hand #240702416109:  Hold'em No Limit ($0.01/$0.02 USD) - 2022/12/26 9:47:16 ET
Table 'Altair II' 6-max Seat #6 is the button
Seat 1: Gor4477 ($2.06 in chips) 
Seat 2: Lorpugo ($5.48 in chips) 
Seat 3: KraVasya ($2 in chips) 
Seat 4: devloper42 ($2.15 in chips) 
Seat 5: navegantefilho ($1.97 in chips) 
Seat 6: alonso.seminari ($2.04 in chips) 
Gor4477: posts small blind $0.01
Lorpugo: posts big blind $0.02
*** HOLE CARDS ***
Dealt to Lorpugo [5d 3c]
KraVasya: folds 
devloper42: folds 
navegantefilho: calls $0.02
alonso.seminari: folds 
Gor4477: folds 
Lorpugo: checks 
*** FLOP *** [Th 4c Ks]
Lorpugo: checks 
navegantefilho: checks 
*** TURN *** [Th 4c Ks] [6d]
Lorpugo: bets $0.08
navegantefilho: raises $0.08 to $0.16
Lorpugo: calls $0.08
*** RIVER *** [Th 4c Ks 6d] [3h]
Lorpugo: checks 
navegantefilho: bets $0.36
Lorpugo: folds 
Uncalled bet ($0.36) returned to navegantefilho
navegantefilho collected $0.36 from pot
*** SUMMARY ***
Total pot $0.37 | Rake $0.01 
Board [Th 4c Ks 6d 3h]
Seat 1: Gor4477 (small blind) folded before Flop
Seat 2: Lorpugo (big blind) folded on the River
Seat 3: KraVasya folded before Flop (didn't bet)
Seat 4: devloper42 folded before Flop (didn't bet)
Seat 5: navegantefilho collected ($0.36)
Seat 6: alonso.seminari (button) folded before Flop (didn't bet)



PokerStars Hand #240702430035:  Hold'em No Limit ($0.01/$0.02 USD) - 2022/12/26 9:48:07 ET
Table 'Altair II' 6-max Seat #1 is the button
Seat 1: Gor4477 ($2.05 in chips) 
Seat 2: Lorpugo ($5.30 in chips) 
Seat 3: KraVasya ($2 in chips) 
Seat 4: devloper42 ($2.15 in chips) 
Seat 5: navegantefilho ($2.15 in chips) 
Seat 6: alonso.seminari ($2.04 in chips) 
Lorpugo: posts small blind $0.01
KraVasya: posts big blind $0.02
*** HOLE CARDS ***
Dealt to Lorpugo [Td 8d]
devloper42: raises $0.04 to $0.06
navegantefilho: raises $0.04 to $0.10
alonso.seminari: folds 
Gor4477: folds 
Lorpugo: calls $0.09
KraVasya: folds 
devloper42: calls $0.04
*** FLOP *** [4d Qc 9d]
Lorpugo: checks 
devloper42: checks 
navegantefilho: bets $0.31
Lorpugo: calls $0.31
devloper42: calls $0.31
*** TURN *** [4d Qc 9d] [9h]
Lorpugo: checks 
devloper42: checks 
navegantefilho: bets $1.21
Lorpugo: folds 
devloper42: folds 
Uncalled bet ($1.21) returned to navegantefilho
navegantefilho collected $1.21 from pot
*** SUMMARY ***
Total pot $1.25 | Rake $0.04 
Board [4d Qc 9d 9h]
Seat 1: Gor4477 (button) folded before Flop (didn't bet)
Seat 2: Lorpugo (small blind) folded on the Turn
Seat 3: KraVasya (big blind) folded before Flop
Seat 4: devloper42 folded on the Turn
Seat 5: navegantefilho collected ($1.21)
Seat 6: alonso.seminari folded before Flop (didn't bet)



PokerStars Hand #240702449943:  Hold'em No Limit ($0.01/$0.02 USD) - 2022/12/26 9:49:20 ET
Table 'Altair II' 6-max Seat #2 is the button
Seat 1: Gor4477 ($2.05 in chips) 
Seat 2: Lorpugo ($4.89 in chips) 
Seat 3: KraVasya ($2 in chips) 
Seat 4: devloper42 ($1.74 in chips) 
Seat 5: navegantefilho ($2.95 in chips) 
Seat 6: alonso.seminari ($2.04 in chips) 
KraVasya: posts small blind $0.01
devloper42: posts big blind $0.02
*** HOLE CARDS ***
Dealt to Lorpugo [8h Th]
navegantefilho: calls $0.02
alonso.seminari: folds 
Gor4477 has timed out
Gor4477: folds 
Lorpugo: calls $0.02
KraVasya: raises $1.98 to $2 and is all-in
devloper42: folds 
navegantefilho: folds 
Lorpugo: folds 
Uncalled bet ($1.98) returned to KraVasya
KraVasya collected $0.08 from pot
KraVasya: doesn't show hand 
*** SUMMARY ***
Total pot $0.08 | Rake $0 
Seat 1: Gor4477 folded before Flop (didn't bet)
Seat 2: Lorpugo (button) folded before Flop
Seat 3: KraVasya (small blind) collected ($0.08)
Seat 4: devloper42 (big blind) folded before Flop
Seat 5: navegantefilho folded before Flop
Seat 6: alonso.seminari folded before Flop (didn't bet)



PokerStars Hand #240702459288:  Hold'em No Limit ($0.01/$0.02 USD) - 2022/12/26 9:49:54 ET
Table 'Altair II' 6-max Seat #3 is the button
Seat 2: Lorpugo ($4.87 in chips) 
Seat 3: KraVasya ($2.06 in chips) 
Seat 4: devloper42 ($1.72 in chips) 
Seat 5: navegantefilho ($2.93 in chips) 
Seat 6: alonso.seminari ($2.04 in chips) 
devloper42: posts small blind $0.01
navegantefilho: posts big blind $0.02
*** HOLE CARDS ***
Dealt to Lorpugo [6c 7c]
alonso.seminari: folds 
Lorpugo: raises $0.04 to $0.06
KraVasya: folds 
devloper42: folds 
navegantefilho: folds 
Uncalled bet ($0.04) returned to Lorpugo
Lorpugo collected $0.05 from pot
Lorpugo: doesn't show hand 
*** SUMMARY ***
Total pot $0.05 | Rake $0 
Seat 2: Lorpugo collected ($0.05)
Seat 3: KraVasya (button) folded before Flop (didn't bet)
Seat 4: devloper42 (small blind) folded before Flop
Seat 5: navegantefilho (big blind) folded before Flop
Seat 6: alonso.seminari folded before Flop (didn't bet)



PokerStars Hand #240702464054:  Hold'em No Limit ($0.01/$0.02 USD) - 2022/12/26 9:50:11 ET
Table 'Altair II' 6-max Seat #4 is the button
Seat 1: Gor4477 ($2.05 in chips) 
Seat 2: Lorpugo ($4.90 in chips) 
Seat 3: KraVasya ($2.06 in chips) 
Seat 4: devloper42 ($1.71 in chips) 
Seat 5: navegantefilho ($2.91 in chips) 
Seat 6: alonso.seminari ($2.04 in chips) 
navegantefilho: posts small blind $0.01
alonso.seminari: posts big blind $0.02
*** HOLE CARDS ***
Dealt to Lorpugo [Tc 5h]
Gor4477: folds 
Lorpugo: folds 
KraVasya: raises $0.04 to $0.06
devloper42: calls $0.06
navegantefilho: folds 
alonso.seminari: folds 
*** FLOP *** [3c 3h Kd]
KraVasya: checks 
devloper42: checks 
*** TURN *** [3c 3h Kd] [5s]
KraVasya: checks 
devloper42: checks 
*** RIVER *** [3c 3h Kd 5s] [3d]
KraVasya: bets $0.09
devloper42: calls $0.09
*** SHOW DOWN ***
KraVasya: shows [6c 6s] (a full house, Threes full of Sixes)
devloper42: shows [8s 8c] (a full house, Threes full of Eights)
devloper42 collected $0.32 from pot
*** SUMMARY ***
Total pot $0.33 | Rake $0.01 
Board [3c 3h Kd 5s 3d]
Seat 1: Gor4477 folded before Flop (didn't bet)
Seat 2: Lorpugo folded before Flop (didn't bet)
Seat 3: KraVasya showed [6c 6s] and lost with a full house, Threes full of Sixes
Seat 4: devloper42 (button) showed [8s 8c] and won ($0.32) with a full house, Threes full of Eights
Seat 5: navegantefilho (small blind) folded before Flop
Seat 6: alonso.seminari (big blind) folded before Flop



PokerStars Hand #240702474283:  Hold'em No Limit ($0.01/$0.02 USD) - 2022/12/26 9:50:49 ET
Table 'Altair II' 6-max Seat #5 is the button
Seat 1: Gor4477 ($2.05 in chips) 
Seat 2: Lorpugo ($4.90 in chips) 
Seat 3: KraVasya ($2 in chips) 
Seat 4: devloper42 ($1.88 in chips) 
Seat 5: navegantefilho ($2.90 in chips) 
Seat 6: alonso.seminari ($2.02 in chips) 
alonso.seminari: posts small blind $0.01
Gor4477: posts big blind $0.02
*** HOLE CARDS ***
Dealt to Lorpugo [5s Th]
Lorpugo: folds 
KraVasya: folds 
devloper42: folds 
navegantefilho: calls $0.02
alonso.seminari: raises $0.02 to $0.04
Gor4477: folds 
navegantefilho: calls $0.02
*** FLOP *** [7d 8s 2c]
alonso.seminari: bets $0.06
navegantefilho: folds 
Uncalled bet ($0.06) returned to alonso.seminari
alonso.seminari collected $0.10 from pot
alonso.seminari: doesn't show hand 
*** SUMMARY ***
Total pot $0.10 | Rake $0 
Board [7d 8s 2c]
Seat 1: Gor4477 (big blind) folded before Flop
Seat 2: Lorpugo folded before Flop (didn't bet)
Seat 3: KraVasya folded before Flop (didn't bet)
Seat 4: devloper42 folded before Flop (didn't bet)
Seat 5: navegantefilho (button) folded on the Flop
Seat 6: alonso.seminari (small blind) collected ($0.10)



PokerStars Hand #240702484382:  Hold'em No Limit ($0.01/$0.02 USD) - 2022/12/26 9:51:26 ET
Table 'Altair II' 6-max Seat #6 is the button
Seat 1: Gor4477 ($2.03 in chips) 
Seat 2: Lorpugo ($4.90 in chips) 
Seat 3: KraVasya ($2 in chips) 
Seat 4: devloper42 ($1.88 in chips) 
Seat 5: navegantefilho ($2.86 in chips) 
Seat 6: alonso.seminari ($2.08 in chips) 
Gor4477: posts small blind $0.01
Lorpugo: posts big blind $0.02
*** HOLE CARDS ***
Dealt to Lorpugo [6c Js]
KraVasya: raises $0.05 to $0.07
devloper42: folds 
navegantefilho: folds 
alonso.seminari: folds 
Gor4477: folds 
Lorpugo: folds 
Uncalled bet ($0.05) returned to KraVasya
KraVasya collected $0.05 from pot
KraVasya: doesn't show hand 
*** SUMMARY ***
Total pot $0.05 | Rake $0 
Seat 1: Gor4477 (small blind) folded before Flop
Seat 2: Lorpugo (big blind) folded before Flop
Seat 3: KraVasya collected ($0.05)
Seat 4: devloper42 folded before Flop (didn't bet)
Seat 5: navegantefilho folded before Flop (didn't bet)
Seat 6: alonso.seminari (button) folded before Flop (didn't bet)



PokerStars Hand #240702488886:  Hold'em No Limit ($0.01/$0.02 USD) - 2022/12/26 9:51:42 ET
Table 'Altair II' 6-max Seat #1 is the button
Seat 1: Gor4477 ($2.02 in chips) 
Seat 2: Lorpugo ($4.88 in chips) 
Seat 3: KraVasya ($2.03 in chips) 
Seat 4: devloper42 ($1.88 in chips) 
Seat 5: navegantefilho ($2.86 in chips) 
Seat 6: alonso.seminari ($2.08 in chips) 
Lorpugo: posts small blind $0.01
KraVasya: posts big blind $0.02
*** HOLE CARDS ***
Dealt to Lorpugo [2h Qh]
devloper42: folds 
navegantefilho: calls $0.02
alonso.seminari: folds 
Gor4477: folds 
Lorpugo: calls $0.01
KraVasya: checks 
*** FLOP *** [5s Td Jd]
Lorpugo: checks 
KraVasya: bets $0.05
navegantefilho: calls $0.05
Lorpugo: folds 
*** TURN *** [5s Td Jd] [Ah]
KraVasya: checks 
navegantefilho: checks 
*** RIVER *** [5s Td Jd Ah] [9c]
KraVasya: checks 
navegantefilho: bets $0.15
KraVasya: folds 
Uncalled bet ($0.15) returned to navegantefilho
navegantefilho collected $0.15 from pot
*** SUMMARY ***
Total pot $0.16 | Rake $0.01 
Board [5s Td Jd Ah 9c]
Seat 1: Gor4477 (button) folded before Flop (didn't bet)
Seat 2: Lorpugo (small blind) folded on the Flop
Seat 3: KraVasya (big blind) folded on the River
Seat 4: devloper42 folded before Flop (didn't bet)
Seat 5: navegantefilho collected ($0.15)
Seat 6: alonso.seminari folded before Flop (didn't bet)



PokerStars Hand #240702503928:  Hold'em No Limit ($0.01/$0.02 USD) - 2022/12/26 9:52:37 ET
Table 'Altair II' 6-max Seat #2 is the button
Seat 1: Gor4477 ($2.02 in chips) 
Seat 2: Lorpugo ($4.86 in chips) 
Seat 3: KraVasya ($2 in chips) 
Seat 4: devloper42 ($1.88 in chips) 
Seat 5: navegantefilho ($2.94 in chips) 
Seat 6: alonso.seminari ($2.08 in chips) 
KraVasya: posts small blind $0.01
devloper42: posts big blind $0.02
*** HOLE CARDS ***
Dealt to Lorpugo [6d 4s]
navegantefilho: calls $0.02
alonso.seminari: folds 
Gor4477: folds 
Lorpugo: folds 
KraVasya: raises $0.05 to $0.07
devloper42: folds 
navegantefilho: folds 
Uncalled bet ($0.05) returned to KraVasya
KraVasya collected $0.06 from pot
KraVasya: doesn't show hand 
*** SUMMARY ***
Total pot $0.06 | Rake $0 
Seat 1: Gor4477 folded before Flop (didn't bet)
Seat 2: Lorpugo (button) folded before Flop (didn't bet)
Seat 3: KraVasya (small blind) collected ($0.06)
Seat 4: devloper42 (big blind) folded before Flop
Seat 5: navegantefilho folded before Flop
Seat 6: alonso.seminari folded before Flop (didn't bet)



PokerStars Hand #240702514576:  Hold'em No Limit ($0.01/$0.02 USD) - 2022/12/26 9:53:16 ET
Table 'Altair II' 6-max Seat #3 is the button
Seat 1: Gor4477 ($2.02 in chips) 
Seat 2: Lorpugo ($4.86 in chips) 
Seat 3: KraVasya ($2.04 in chips) 
Seat 4: devloper42 ($1.86 in chips) 
Seat 5: navegantefilho ($2.92 in chips) 
Seat 6: alonso.seminari ($2.08 in chips) 
devloper42: posts small blind $0.01
navegantefilho: posts big blind $0.02
*** HOLE CARDS ***
Dealt to Lorpugo [Ac 5s]
alonso.seminari: folds 
Gor4477: folds 
Lorpugo: raises $0.04 to $0.06
KraVasya: folds 
devloper42: raises $0.18 to $0.24
navegantefilho: folds 
Lorpugo: folds 
Uncalled bet ($0.18) returned to devloper42
devloper42 collected $0.14 from pot
*** SUMMARY ***
Total pot $0.14 | Rake $0 
Seat 1: Gor4477 folded before Flop (didn't bet)
Seat 2: Lorpugo folded before Flop
Seat 3: KraVasya (button) folded before Flop (didn't bet)
Seat 4: devloper42 (small blind) collected ($0.14)
Seat 5: navegantefilho (big blind) folded before Flop
Seat 6: alonso.seminari folded before Flop (didn't bet)



PokerStars Hand #240702524052:  Hold'em No Limit ($0.01/$0.02 USD) - 2022/12/26 9:53:51 ET
Table 'Altair II' 6-max Seat #4 is the button
Seat 1: Gor4477 ($2.02 in chips) 
Seat 2: Lorpugo ($4.80 in chips) 
Seat 3: KraVasya ($2.04 in chips) 
Seat 4: devloper42 ($1.94 in chips) 
Seat 5: navegantefilho ($2.90 in chips) 
Seat 6: alonso.seminari ($2.08 in chips) 
navegantefilho: posts small blind $0.01
alonso.seminari: posts big blind $0.02
*** HOLE CARDS ***
Dealt to Lorpugo [9s 8s]
Gor4477: folds 
Lorpugo: raises $0.04 to $0.06
KraVasya: folds 
devloper42: folds 
navegantefilho: calls $0.05
alonso.seminari: folds 
*** FLOP *** [Th Qc 4s]
navegantefilho: checks 
Lorpugo: checks 
*** TURN *** [Th Qc 4s] [3s]
navegantefilho: bets $0.14
Lorpugo: calls $0.14
*** RIVER *** [Th Qc 4s 3s] [2s]
navegantefilho: bets $0.41
Lorpugo: raises $4.19 to $4.60 and is all-in
navegantefilho: folds 
Uncalled bet ($4.19) returned to Lorpugo
Lorpugo collected $1.20 from pot
Lorpugo: doesn't show hand 
*** SUMMARY ***
Total pot $1.24 | Rake $0.04 
Board [Th Qc 4s 3s 2s]
Seat 1: Gor4477 folded before Flop (didn't bet)
Seat 2: Lorpugo collected ($1.20)
Seat 3: KraVasya folded before Flop (didn't bet)
Seat 4: devloper42 (button) folded before Flop (didn't bet)
Seat 5: navegantefilho (small blind) folded on the River
Seat 6: alonso.seminari (big blind) folded before Flop



PokerStars Hand #240702544159:  Hold'em No Limit ($0.01/$0.02 USD) - 2022/12/26 9:55:04 ET
Table 'Altair II' 6-max Seat #5 is the button
Seat 1: Gor4477 ($2.02 in chips) 
Seat 2: Lorpugo ($5.39 in chips) 
Seat 3: KraVasya ($2.04 in chips) 
Seat 4: devloper42 ($1.94 in chips) 
Seat 5: navegantefilho ($2.29 in chips) 
Seat 6: alonso.seminari ($2.06 in chips) 
alonso.seminari: posts small blind $0.01
Gor4477: posts big blind $0.02
*** HOLE CARDS ***
Dealt to Lorpugo [Ah Jd]
Lorpugo: raises $0.04 to $0.06
KraVasya: folds 
devloper42: folds 
navegantefilho: calls $0.06
alonso.seminari: folds 
Gor4477: folds 
*** FLOP *** [Qd 2d 4h]
Lorpugo: bets $0.05
navegantefilho: folds 
Uncalled bet ($0.05) returned to Lorpugo
Lorpugo collected $0.14 from pot
Lorpugo: doesn't show hand 
*** SUMMARY ***
Total pot $0.15 | Rake $0.01 
Board [Qd 2d 4h]
Seat 1: Gor4477 (big blind) folded before Flop
Seat 2: Lorpugo collected ($0.14)
Seat 3: KraVasya folded before Flop (didn't bet)
Seat 4: devloper42 folded before Flop (didn't bet)
Seat 5: navegantefilho (button) folded on the Flop
Seat 6: alonso.seminari (small blind) folded before Flop



