PokerStars Hand #240914775004:  Hold'em No Limit ($0.01/$0.02 USD) - 2023/01/04 16:47:59 ET
Table 'Tomita' 6-max Seat #4 is the button
Seat 1: kariman504 ($2.36 in chips) 
Seat 3: Lorpugo ($1.60 in chips) 
Seat 4: Myatnyj_Zayats ($2.03 in chips) 
kariman504: posts small blind $0.01
Lorpugo: posts big blind $0.02
*** HOLE CARDS ***
Dealt to Lorpugo [Qd 6h]
Myatnyj_Zayats: folds 
kariman504: folds 
Uncalled bet ($0.01) returned to Lorpugo
Lorpugo collected $0.02 from pot
Lorpugo: doesn't show hand 
*** SUMMARY ***
Total pot $0.02 | Rake $0 
Seat 1: kariman504 (small blind) folded before Flop
Seat 3: Lorpugo (big blind) collected ($0.02)
Seat 4: Myatnyj_Zayats (button) folded before Flop (didn't bet)



PokerStars Hand #240914777221:  Hold'em No Limit ($0.01/$0.02 USD) - 2023/01/04 16:48:04 ET
Table 'Tomita' 6-max Seat #3 is the button
Seat 1: kariman504 ($2.35 in chips) 
Seat 3: Lorpugo ($1.61 in chips) 
Lorpugo: posts small blind $0.01
kariman504: posts big blind $0.02
*** HOLE CARDS ***
Dealt to Lorpugo [Ad Qs]
Lorpugo: raises $0.02 to $0.04
kariman504: calls $0.02
*** FLOP *** [Kd 2c 7h]
Myatnyj_Zayats leaves the table
kariman504: checks 
Lorpugo: bets $0.03
kariman504: folds 
Uncalled bet ($0.03) returned to Lorpugo
Lorpugo collected $0.08 from pot
Lorpugo: doesn't show hand 
*** SUMMARY ***
Total pot $0.08 | Rake $0 
Board [Kd 2c 7h]
Seat 1: kariman504 (big blind) folded on the Flop
Seat 3: Lorpugo (button) (small blind) collected ($0.08)



