PokerStars Hand #240643550713:  Hold'em No Limit ($0.01/$0.02 USD) - 2022/12/23 12:57:05 ET
Table 'Lundia II' 6-max Seat #6 is the button
Seat 1: luiyi11 ($1.44 in chips) 
Seat 2: Lorpugo ($1.60 in chips) 
Seat 4: tymtsyo777 ($4.40 in chips) 
Seat 5: alexandruraz ($2 in chips) 
Seat 6: VilpPS ($2 in chips) 
luiyi11: posts small blind $0.01
Lorpugo: posts big blind $0.02
*** HOLE CARDS ***
Dealt to Lorpugo [Qh 2s]
tymtsyo777: folds 
alexandruraz: folds 
VilpPS: raises $0.04 to $0.06
luiyi11: folds 
Lorpugo: folds 
Uncalled bet ($0.04) returned to VilpPS
VilpPS collected $0.05 from pot
VilpPS: doesn't show hand 
*** SUMMARY ***
Total pot $0.05 | Rake $0 
Seat 1: luiyi11 (small blind) folded before Flop
Seat 2: Lorpugo (big blind) folded before Flop
Seat 4: tymtsyo777 folded before Flop (didn't bet)
Seat 5: alexandruraz folded before Flop (didn't bet)
Seat 6: VilpPS (button) collected ($0.05)



PokerStars Hand #240643556510:  Hold'em No Limit ($0.01/$0.02 USD) - 2022/12/23 12:57:27 ET
Table 'Lundia II' 6-max Seat #1 is the button
Seat 1: luiyi11 ($1.43 in chips) 
Seat 2: Lorpugo ($1.58 in chips) 
Seat 4: tymtsyo777 ($4.40 in chips) 
Seat 5: alexandruraz ($2 in chips) 
Seat 6: VilpPS ($2.03 in chips) 
Lorpugo: posts small blind $0.01
tymtsyo777: posts big blind $0.02
*** HOLE CARDS ***
Dealt to Lorpugo [2c 4d]
alexandruraz: folds 
VilpPS: folds 
luiyi11: folds 
Lorpugo: folds 
Uncalled bet ($0.01) returned to tymtsyo777
tymtsyo777 collected $0.02 from pot
*** SUMMARY ***
Total pot $0.02 | Rake $0 
Seat 1: luiyi11 (button) folded before Flop (didn't bet)
Seat 2: Lorpugo (small blind) folded before Flop
Seat 4: tymtsyo777 (big blind) collected ($0.02)
Seat 5: alexandruraz folded before Flop (didn't bet)
Seat 6: VilpPS folded before Flop (didn't bet)



PokerStars Hand #240643558990:  Hold'em No Limit ($0.01/$0.02 USD) - 2022/12/23 12:57:36 ET
Table 'Lundia II' 6-max Seat #2 is the button
Seat 1: luiyi11 ($1.43 in chips) 
Seat 2: Lorpugo ($1.57 in chips) 
Seat 4: tymtsyo777 ($4.41 in chips) 
Seat 6: VilpPS ($2.03 in chips) 
tymtsyo777: posts small blind $0.01
VilpPS: posts big blind $0.02
*** HOLE CARDS ***
Dealt to Lorpugo [Qd 6h]
luiyi11: folds 
Lorpugo: folds 
tymtsyo777: calls $0.01
VilpPS: checks 
*** FLOP *** [Ts 5s 4s]
lenincito21 joins the table at seat #3 
tymtsyo777: bets $0.02
alexandruraz leaves the table
VilpPS: folds 
Uncalled bet ($0.02) returned to tymtsyo777
tymtsyo777 collected $0.04 from pot
*** SUMMARY ***
Total pot $0.04 | Rake $0 
Board [Ts 5s 4s]
Seat 1: luiyi11 folded before Flop (didn't bet)
Seat 2: Lorpugo (button) folded before Flop (didn't bet)
Seat 4: tymtsyo777 (small blind) collected ($0.04)
Seat 6: VilpPS (big blind) folded on the Flop



PokerStars Hand #240643564286:  Hold'em No Limit ($0.01/$0.02 USD) - 2022/12/23 12:57:56 ET
Table 'Lundia II' 6-max Seat #4 is the button
Seat 1: luiyi11 ($1.43 in chips) 
Seat 2: Lorpugo ($1.57 in chips) 
Seat 4: tymtsyo777 ($4.43 in chips) 
Seat 6: VilpPS ($2.01 in chips) 
VilpPS: posts small blind $0.01
luiyi11: posts big blind $0.02
*** HOLE CARDS ***
Dealt to Lorpugo [7d 9h]
Aceheart13 joins the table at seat #5 
Lorpugo: folds 
tymtsyo777: raises $0.08 to $0.10
VilpPS: calls $0.09
luiyi11: folds 
*** FLOP *** [5c 4s 2d]
VilpPS: checks 
tymtsyo777: bets $0.21
VilpPS: folds 
Uncalled bet ($0.21) returned to tymtsyo777
tymtsyo777 collected $0.21 from pot
*** SUMMARY ***
Total pot $0.22 | Rake $0.01 
Board [5c 4s 2d]
Seat 1: luiyi11 (big blind) folded before Flop
Seat 2: Lorpugo folded before Flop (didn't bet)
Seat 4: tymtsyo777 (button) collected ($0.21)
Seat 6: VilpPS (small blind) folded on the Flop



PokerStars Hand #240643573622:  Hold'em No Limit ($0.01/$0.02 USD) - 2022/12/23 12:58:31 ET
Table 'Lundia II' 6-max Seat #6 is the button
Seat 1: luiyi11 ($1.41 in chips) 
Seat 2: Lorpugo ($1.57 in chips) 
Seat 4: tymtsyo777 ($4.54 in chips) 
Seat 6: VilpPS ($2 in chips) 
luiyi11: posts small blind $0.01
Lorpugo: posts big blind $0.02
*** HOLE CARDS ***
Dealt to Lorpugo [7c 4d]
tymtsyo777: calls $0.02
VilpPS: folds 
luiyi11: folds 
Lorpugo: checks 
*** FLOP *** [Qh 9c 8d]
Lorpugo: checks 
tymtsyo777: checks 
*** TURN *** [Qh 9c 8d] [3d]
Lorpugo: checks 
tymtsyo777: checks 
*** RIVER *** [Qh 9c 8d 3d] [2s]
Lorpugo: bets $0.06
tymtsyo777: folds 
Uncalled bet ($0.06) returned to Lorpugo
Lorpugo collected $0.05 from pot
Lorpugo: doesn't show hand 
*** SUMMARY ***
Total pot $0.05 | Rake $0 
Board [Qh 9c 8d 3d 2s]
Seat 1: luiyi11 (small blind) folded before Flop
Seat 2: Lorpugo (big blind) collected ($0.05)
Seat 4: tymtsyo777 folded on the River
Seat 6: VilpPS (button) folded before Flop (didn't bet)



PokerStars Hand #240643584788:  Hold'em No Limit ($0.01/$0.02 USD) - 2022/12/23 12:59:14 ET
Table 'Lundia II' 6-max Seat #1 is the button
Seat 1: luiyi11 ($1.40 in chips) 
Seat 2: Lorpugo ($1.60 in chips) 
Seat 3: lenincito21 ($2 in chips) 
Seat 4: tymtsyo777 ($4.52 in chips) 
Seat 6: VilpPS ($2 in chips) 
Lorpugo: posts small blind $0.01
lenincito21: posts big blind $0.02
*** HOLE CARDS ***
Dealt to Lorpugo [5s Jh]
tymtsyo777: folds 
VilpPS: folds 
luiyi11: folds 
Lorpugo: raises $0.04 to $0.06
lenincito21: folds 
Uncalled bet ($0.04) returned to Lorpugo
Lorpugo collected $0.04 from pot
Lorpugo: doesn't show hand 
*** SUMMARY ***
Total pot $0.04 | Rake $0 
Seat 1: luiyi11 (button) folded before Flop (didn't bet)
Seat 2: Lorpugo (small blind) collected ($0.04)
Seat 3: lenincito21 (big blind) folded before Flop
Seat 4: tymtsyo777 folded before Flop (didn't bet)
Seat 6: VilpPS folded before Flop (didn't bet)



PokerStars Hand #240643592235:  Hold'em No Limit ($0.01/$0.02 USD) - 2022/12/23 12:59:42 ET
Table 'Lundia II' 6-max Seat #2 is the button
Seat 1: luiyi11 ($1.40 in chips) 
Seat 2: Lorpugo ($1.62 in chips) 
Seat 3: lenincito21 ($2 in chips) 
Seat 4: tymtsyo777 ($4.52 in chips) 
Seat 6: VilpPS ($2 in chips) 
lenincito21: posts small blind $0.01
tymtsyo777: posts big blind $0.02
*** HOLE CARDS ***
Dealt to Lorpugo [Qd 4s]
VilpPS: folds 
luiyi11: calls $0.02
Lorpugo: folds 
lenincito21: raises $0.08 to $0.10
tymtsyo777: calls $0.08
luiyi11: calls $0.08
*** FLOP *** [2h 8c 3d]
lenincito21: bets $0.02
tymtsyo777: calls $0.02
luiyi11: raises $0.28 to $0.30
lenincito21: folds 
tymtsyo777: calls $0.28
*** TURN *** [2h 8c 3d] [Kh]
tymtsyo777: bets $0.02
luiyi11: calls $0.02
*** RIVER *** [2h 8c 3d Kh] [4c]
tymtsyo777: checks 
luiyi11: bets $0.28
tymtsyo777: folds 
Uncalled bet ($0.28) returned to luiyi11
luiyi11 collected $0.93 from pot
*** SUMMARY ***
Total pot $0.96 | Rake $0.03 
Board [2h 8c 3d Kh 4c]
Seat 1: luiyi11 collected ($0.93)
Seat 2: Lorpugo (button) folded before Flop (didn't bet)
Seat 3: lenincito21 (small blind) folded on the Flop
Seat 4: tymtsyo777 (big blind) folded on the River
Seat 6: VilpPS folded before Flop (didn't bet)



PokerStars Hand #240643605560:  Hold'em No Limit ($0.01/$0.02 USD) - 2022/12/23 13:00:32 ET
Table 'Lundia II' 6-max Seat #3 is the button
Seat 1: luiyi11 ($1.91 in chips) 
Seat 2: Lorpugo ($1.62 in chips) 
Seat 3: lenincito21 ($2 in chips) 
Seat 4: tymtsyo777 ($4.10 in chips) 
Seat 5: Aceheart13 ($1.60 in chips) 
Seat 6: VilpPS ($2 in chips) 
tymtsyo777: posts small blind $0.01
Aceheart13: posts big blind $0.02
*** HOLE CARDS ***
Dealt to Lorpugo [Kd 2c]
VilpPS: folds 
luiyi11: calls $0.02
Lorpugo: folds 
lenincito21: raises $0.08 to $0.10
tymtsyo777: calls $0.09
Aceheart13: folds 
luiyi11: calls $0.08
*** FLOP *** [Th Qs Tc]
tymtsyo777: bets $0.02
luiyi11: folds 
lenincito21: raises $0.04 to $0.06
tymtsyo777: calls $0.04
*** TURN *** [Th Qs Tc] [2s]
tymtsyo777: bets $0.02
lenincito21: raises $0.23 to $0.25
tymtsyo777: calls $0.23
*** RIVER *** [Th Qs Tc 2s] [As]
tymtsyo777: checks 
lenincito21: checks 
*** SHOW DOWN ***
tymtsyo777: shows [7d Ac] (two pair, Aces and Tens)
lenincito21: mucks hand 
tymtsyo777 collected $0.91 from pot
*** SUMMARY ***
Total pot $0.94 | Rake $0.03 
Board [Th Qs Tc 2s As]
Seat 1: luiyi11 folded on the Flop
Seat 2: Lorpugo folded before Flop (didn't bet)
Seat 3: lenincito21 (button) mucked [Jc Jh]
Seat 4: tymtsyo777 (small blind) showed [7d Ac] and won ($0.91) with two pair, Aces and Tens
Seat 5: Aceheart13 (big blind) folded before Flop
Seat 6: VilpPS folded before Flop (didn't bet)



PokerStars Hand #240643619168:  Hold'em No Limit ($0.01/$0.02 USD) - 2022/12/23 13:01:18 ET
Table 'Lundia II' 6-max Seat #4 is the button
Seat 1: luiyi11 ($1.81 in chips) 
Seat 2: Lorpugo ($1.62 in chips) 
Seat 3: lenincito21 ($2 in chips) 
Seat 4: tymtsyo777 ($4.60 in chips) 
Seat 5: Aceheart13 ($1.58 in chips) 
Seat 6: VilpPS ($2 in chips) 
Aceheart13: posts small blind $0.01
VilpPS: posts big blind $0.02
*** HOLE CARDS ***
Dealt to Lorpugo [Ac 5h]
luiyi11: folds 
Lorpugo: folds 
lenincito21: raises $0.03 to $0.05
tymtsyo777: raises $0.03 to $0.08
Aceheart13: calls $0.07
VilpPS: folds 
lenincito21: calls $0.03
*** FLOP *** [Th 7h 8h]
Aceheart13: checks 
lenincito21: bets $0.13
tymtsyo777: calls $0.13
Aceheart13: raises $0.64 to $0.77
lenincito21: folds 
tymtsyo777: calls $0.64
*** TURN *** [Th 7h 8h] [Js]
Aceheart13: bets $0.73 and is all-in
tymtsyo777: calls $0.73
*** RIVER *** [Th 7h 8h Js] [2c]
*** SHOW DOWN ***
Aceheart13: shows [9h 9d] (a straight, Seven to Jack)
tymtsyo777: shows [6d 7c] (a pair of Sevens)
Aceheart13 collected $3.27 from pot
*** SUMMARY ***
Total pot $3.39 | Rake $0.12 
Board [Th 7h 8h Js 2c]
Seat 1: luiyi11 folded before Flop (didn't bet)
Seat 2: Lorpugo folded before Flop (didn't bet)
Seat 3: lenincito21 folded on the Flop
Seat 4: tymtsyo777 (button) showed [6d 7c] and lost with a pair of Sevens
Seat 5: Aceheart13 (small blind) showed [9h 9d] and won ($3.27) with a straight, Seven to Jack
Seat 6: VilpPS (big blind) folded before Flop



PokerStars Hand #240643639721:  Hold'em No Limit ($0.01/$0.02 USD) - 2022/12/23 13:02:22 ET
Table 'Lundia II' 6-max Seat #5 is the button
Seat 1: luiyi11 ($1.81 in chips) 
Seat 2: Lorpugo ($1.62 in chips) 
Seat 3: lenincito21 ($2 in chips) 
Seat 4: tymtsyo777 ($3.02 in chips) 
Seat 5: Aceheart13 ($3.27 in chips) 
Seat 6: VilpPS ($2 in chips) 
VilpPS: posts small blind $0.01
luiyi11: posts big blind $0.02
*** HOLE CARDS ***
Dealt to Lorpugo [2h Js]
Lorpugo: folds 
lenincito21: folds 
tymtsyo777: folds 
Aceheart13: folds 
VilpPS: raises $0.04 to $0.06
luiyi11: calls $0.04
*** FLOP *** [3h Ad 8d]
VilpPS: checks 
luiyi11: checks 
*** TURN *** [3h Ad 8d] [6c]
VilpPS: checks 
luiyi11: bets $0.06
VilpPS: folds 
Uncalled bet ($0.06) returned to luiyi11
luiyi11 collected $0.12 from pot
*** SUMMARY ***
Total pot $0.12 | Rake $0 
Board [3h Ad 8d 6c]
Seat 1: luiyi11 (big blind) collected ($0.12)
Seat 2: Lorpugo folded before Flop (didn't bet)
Seat 3: lenincito21 folded before Flop (didn't bet)
Seat 4: tymtsyo777 folded before Flop (didn't bet)
Seat 5: Aceheart13 (button) folded before Flop (didn't bet)
Seat 6: VilpPS (small blind) folded on the Turn



PokerStars Hand #240643650012:  Hold'em No Limit ($0.01/$0.02 USD) - 2022/12/23 13:02:54 ET
Table 'Lundia II' 6-max Seat #6 is the button
Seat 1: luiyi11 ($1.87 in chips) 
Seat 2: Lorpugo ($1.62 in chips) 
Seat 3: lenincito21 ($2 in chips) 
Seat 4: tymtsyo777 ($3.02 in chips) 
Seat 5: Aceheart13 ($3.27 in chips) 
Seat 6: VilpPS ($2 in chips) 
luiyi11: posts small blind $0.01
Lorpugo: posts big blind $0.02
*** HOLE CARDS ***
Dealt to Lorpugo [Qs Ks]
lenincito21: folds 
tymtsyo777: calls $0.02
Aceheart13: calls $0.02
VilpPS: folds 
luiyi11: folds 
VilpPS leaves the table
Lorpugo: raises $0.07 to $0.09
tymtsyo777: raises $0.07 to $0.16
Aceheart13: folds 
Lorpugo: calls $0.07
*** FLOP *** [4d 6h Ad]
Lorpugo: checks 
tymtsyo777: checks 
*** TURN *** [4d 6h Ad] [6d]
Lorpugo: checks 
tymtsyo777: checks 
*** RIVER *** [4d 6h Ad 6d] [Tc]
Lorpugo: checks 
tymtsyo777: checks 
*** SHOW DOWN ***
Lorpugo: shows [Qs Ks] (a pair of Sixes)
tymtsyo777: shows [8h 8s] (two pair, Eights and Sixes)
tymtsyo777 collected $0.34 from pot
*** SUMMARY ***
Total pot $0.35 | Rake $0.01 
Board [4d 6h Ad 6d Tc]
Seat 1: luiyi11 (small blind) folded before Flop
Seat 2: Lorpugo (big blind) showed [Qs Ks] and lost with a pair of Sixes
Seat 3: lenincito21 folded before Flop (didn't bet)
Seat 4: tymtsyo777 showed [8h 8s] and won ($0.34) with two pair, Eights and Sixes
Seat 5: Aceheart13 folded before Flop
Seat 6: VilpPS (button) folded before Flop (didn't bet)



PokerStars Hand #240643667105:  Hold'em No Limit ($0.01/$0.02 USD) - 2022/12/23 13:03:45 ET
Table 'Lundia II' 6-max Seat #1 is the button
Seat 1: luiyi11 ($1.86 in chips) 
Seat 2: Lorpugo ($1.46 in chips) 
Seat 3: lenincito21 ($2 in chips) 
Seat 4: tymtsyo777 ($3.20 in chips) 
Seat 5: Aceheart13 ($3.25 in chips) 
Lorpugo: posts small blind $0.01
lenincito21: posts big blind $0.02
*** HOLE CARDS ***
Dealt to Lorpugo [Jd Kh]
tymtsyo777: folds 
clubber_ba joins the table at seat #6 
Aceheart13: folds 
luiyi11: folds 
Lorpugo: raises $0.04 to $0.06
lenincito21: folds 
Uncalled bet ($0.04) returned to Lorpugo
Lorpugo collected $0.04 from pot
Lorpugo: doesn't show hand 
*** SUMMARY ***
Total pot $0.04 | Rake $0 
Seat 1: luiyi11 (button) folded before Flop (didn't bet)
Seat 2: Lorpugo (small blind) collected ($0.04)
Seat 3: lenincito21 (big blind) folded before Flop
Seat 4: tymtsyo777 folded before Flop (didn't bet)
Seat 5: Aceheart13 folded before Flop (didn't bet)



PokerStars Hand #240643673543:  Hold'em No Limit ($0.01/$0.02 USD) - 2022/12/23 13:04:03 ET
Table 'Lundia II' 6-max Seat #2 is the button
Seat 1: luiyi11 ($1.86 in chips) 
Seat 2: Lorpugo ($1.48 in chips) 
Seat 3: lenincito21 ($2 in chips) 
Seat 4: tymtsyo777 ($3.20 in chips) 
Seat 5: Aceheart13 ($3.25 in chips) 
lenincito21: posts small blind $0.01
tymtsyo777: posts big blind $0.02
*** HOLE CARDS ***
Dealt to Lorpugo [Ac 7h]
Aceheart13: folds 
luiyi11: folds 
Lorpugo has timed out
Lorpugo: folds 
lenincito21: raises $0.03 to $0.05
tymtsyo777: calls $0.03
*** FLOP *** [Ah 8h Ks]
lenincito21: checks 
tymtsyo777: checks 
*** TURN *** [Ah 8h Ks] [2h]
lenincito21: bets $0.07
tymtsyo777: calls $0.07
*** RIVER *** [Ah 8h Ks 2h] [3d]
lenincito21: checks 
tymtsyo777: checks 
*** SHOW DOWN ***
lenincito21: shows [Ts Qd] (high card Ace)
tymtsyo777: mucks hand 
lenincito21 collected $0.23 from pot
*** SUMMARY ***
Total pot $0.24 | Rake $0.01 
Board [Ah 8h Ks 2h 3d]
Seat 1: luiyi11 folded before Flop (didn't bet)
Seat 2: Lorpugo (button) folded before Flop (didn't bet)
Seat 3: lenincito21 (small blind) showed [Ts Qd] and won ($0.23) with high card Ace
Seat 4: tymtsyo777 (big blind) mucked [6d Jc]
Seat 5: Aceheart13 folded before Flop (didn't bet)



PokerStars Hand #240643689152:  Hold'em No Limit ($0.01/$0.02 USD) - 2022/12/23 13:04:49 ET
Table 'Lundia II' 6-max Seat #3 is the button
Seat 1: luiyi11 ($1.86 in chips) 
Seat 2: Lorpugo ($1.48 in chips) 
Seat 3: lenincito21 ($2.11 in chips) 
Seat 4: tymtsyo777 ($3.08 in chips) 
Seat 5: Aceheart13 ($3.25 in chips) 
tymtsyo777: posts small blind $0.01
Aceheart13: posts big blind $0.02
*** HOLE CARDS ***
Dealt to Lorpugo [6s Js]
luiyi11: folds 
Lorpugo: folds 
lenincito21: raises $0.03 to $0.05
tymtsyo777: folds 
Aceheart13: calls $0.03
*** FLOP *** [Qh 3c Qc]
Aceheart13: checks 
lenincito21: bets $0.06
Aceheart13: folds 
Uncalled bet ($0.06) returned to lenincito21
lenincito21 collected $0.11 from pot
*** SUMMARY ***
Total pot $0.11 | Rake $0 
Board [Qh 3c Qc]
Seat 1: luiyi11 folded before Flop (didn't bet)
Seat 2: Lorpugo folded before Flop (didn't bet)
Seat 3: lenincito21 (button) collected ($0.11)
Seat 4: tymtsyo777 (small blind) folded before Flop
Seat 5: Aceheart13 (big blind) folded on the Flop



PokerStars Hand #240643701620:  Hold'em No Limit ($0.01/$0.02 USD) - 2022/12/23 13:05:26 ET
Table 'Lundia II' 6-max Seat #4 is the button
Seat 1: luiyi11 ($1.86 in chips) 
Seat 2: Lorpugo ($1.48 in chips) 
Seat 3: lenincito21 ($2.17 in chips) 
Seat 4: tymtsyo777 ($3.07 in chips) 
Seat 5: Aceheart13 ($3.20 in chips) 
Seat 6: clubber_ba ($2 in chips) 
Aceheart13: posts small blind $0.01
clubber_ba: posts big blind $0.02
*** HOLE CARDS ***
Dealt to Lorpugo [5d 8c]
luiyi11: calls $0.02
Lorpugo: folds 
lenincito21: raises $0.08 to $0.10
tymtsyo777: folds 
Aceheart13: folds 
clubber_ba: folds 
luiyi11: raises $0.44 to $0.54
lenincito21: folds 
Uncalled bet ($0.44) returned to luiyi11
luiyi11 collected $0.23 from pot
*** SUMMARY ***
Total pot $0.23 | Rake $0 
Seat 1: luiyi11 collected ($0.23)
Seat 2: Lorpugo folded before Flop (didn't bet)
Seat 3: lenincito21 folded before Flop
Seat 4: tymtsyo777 (button) folded before Flop (didn't bet)
Seat 5: Aceheart13 (small blind) folded before Flop
Seat 6: clubber_ba (big blind) folded before Flop



PokerStars Hand #240643714424:  Hold'em No Limit ($0.01/$0.02 USD) - 2022/12/23 13:06:04 ET
Table 'Lundia II' 6-max Seat #5 is the button
Seat 1: luiyi11 ($1.99 in chips) 
Seat 2: Lorpugo ($1.48 in chips) 
Seat 3: lenincito21 ($2.07 in chips) 
Seat 4: tymtsyo777 ($3.07 in chips) 
Seat 5: Aceheart13 ($3.19 in chips) 
Seat 6: clubber_ba ($2 in chips) 
clubber_ba: posts small blind $0.01
luiyi11: posts big blind $0.02
*** HOLE CARDS ***
Dealt to Lorpugo [2s 9h]
Lorpugo: folds 
lenincito21: folds 
tymtsyo777: folds 
Aceheart13: raises $0.02 to $0.04
clubber_ba: folds 
luiyi11: folds 
Uncalled bet ($0.02) returned to Aceheart13
Aceheart13 collected $0.05 from pot
*** SUMMARY ***
Total pot $0.05 | Rake $0 
Seat 1: luiyi11 (big blind) folded before Flop
Seat 2: Lorpugo folded before Flop (didn't bet)
Seat 3: lenincito21 folded before Flop (didn't bet)
Seat 4: tymtsyo777 folded before Flop (didn't bet)
Seat 5: Aceheart13 (button) collected ($0.05)
Seat 6: clubber_ba (small blind) folded before Flop



PokerStars Hand #240643719531:  Hold'em No Limit ($0.01/$0.02 USD) - 2022/12/23 13:06:19 ET
Table 'Lundia II' 6-max Seat #6 is the button
Seat 1: luiyi11 ($1.97 in chips) 
Seat 2: Lorpugo ($1.48 in chips) 
Seat 3: lenincito21 ($2.07 in chips) 
Seat 4: tymtsyo777 ($3.07 in chips) 
Seat 5: Aceheart13 ($3.22 in chips) 
Seat 6: clubber_ba ($2 in chips) 
luiyi11: posts small blind $0.01
Lorpugo: posts big blind $0.02
*** HOLE CARDS ***
Dealt to Lorpugo [2s 7c]
lenincito21: folds 
tymtsyo777 has timed out
tymtsyo777: folds 
Aceheart13: folds 
clubber_ba: folds 
luiyi11: calls $0.01
Lorpugo: checks 
*** FLOP *** [Th 7d 3s]
luiyi11: checks 
Lorpugo: bets $0.03
luiyi11: folds 
Uncalled bet ($0.03) returned to Lorpugo
Lorpugo collected $0.04 from pot
Lorpugo: doesn't show hand 
*** SUMMARY ***
Total pot $0.04 | Rake $0 
Board [Th 7d 3s]
Seat 1: luiyi11 (small blind) folded on the Flop
Seat 2: Lorpugo (big blind) collected ($0.04)
Seat 3: lenincito21 folded before Flop (didn't bet)
Seat 4: tymtsyo777 folded before Flop (didn't bet)
Seat 5: Aceheart13 folded before Flop (didn't bet)
Seat 6: clubber_ba (button) folded before Flop (didn't bet)



PokerStars Hand #240643730963:  Hold'em No Limit ($0.01/$0.02 USD) - 2022/12/23 13:06:52 ET
Table 'Lundia II' 6-max Seat #1 is the button
Seat 1: luiyi11 ($1.95 in chips) 
Seat 2: Lorpugo ($1.50 in chips) 
Seat 3: lenincito21 ($2.07 in chips) 
Seat 4: tymtsyo777 ($3.07 in chips) 
Seat 5: Aceheart13 ($3.22 in chips) 
Seat 6: clubber_ba ($2 in chips) 
Lorpugo: posts small blind $0.01
lenincito21: posts big blind $0.02
*** HOLE CARDS ***
Dealt to Lorpugo [Qd Ad]
tymtsyo777: folds 
Aceheart13: folds 
clubber_ba: folds 
luiyi11: folds 
Lorpugo: raises $0.04 to $0.06
lenincito21: folds 
Uncalled bet ($0.04) returned to Lorpugo
Lorpugo collected $0.04 from pot
Lorpugo: doesn't show hand 
*** SUMMARY ***
Total pot $0.04 | Rake $0 
Seat 1: luiyi11 (button) folded before Flop (didn't bet)
Seat 2: Lorpugo (small blind) collected ($0.04)
Seat 3: lenincito21 (big blind) folded before Flop
Seat 4: tymtsyo777 folded before Flop (didn't bet)
Seat 5: Aceheart13 folded before Flop (didn't bet)
Seat 6: clubber_ba folded before Flop (didn't bet)



PokerStars Hand #240643738448:  Hold'em No Limit ($0.01/$0.02 USD) - 2022/12/23 13:07:14 ET
Table 'Lundia II' 6-max Seat #2 is the button
Seat 1: luiyi11 ($1.95 in chips) 
Seat 2: Lorpugo ($1.52 in chips) 
Seat 3: lenincito21 ($2.05 in chips) 
Seat 4: tymtsyo777 ($3.07 in chips) 
Seat 5: Aceheart13 ($3.22 in chips) 
Seat 6: clubber_ba ($2 in chips) 
lenincito21: posts small blind $0.01
tymtsyo777: posts big blind $0.02
*** HOLE CARDS ***
Dealt to Lorpugo [2h 5s]
Aceheart13: folds 
clubber_ba: raises $0.04 to $0.06
luiyi11: folds 
Lorpugo: folds 
lenincito21: folds 
tymtsyo777: folds 
Uncalled bet ($0.04) returned to clubber_ba
clubber_ba collected $0.05 from pot
clubber_ba: doesn't show hand 
*** SUMMARY ***
Total pot $0.05 | Rake $0 
Seat 1: luiyi11 folded before Flop (didn't bet)
Seat 2: Lorpugo (button) folded before Flop (didn't bet)
Seat 3: lenincito21 (small blind) folded before Flop
Seat 4: tymtsyo777 (big blind) folded before Flop
Seat 5: Aceheart13 folded before Flop (didn't bet)
Seat 6: clubber_ba collected ($0.05)



PokerStars Hand #240643744431:  Hold'em No Limit ($0.01/$0.02 USD) - 2022/12/23 13:07:32 ET
Table 'Lundia II' 6-max Seat #3 is the button
Seat 1: luiyi11 ($1.95 in chips) 
Seat 2: Lorpugo ($1.52 in chips) 
Seat 3: lenincito21 ($2.04 in chips) 
Seat 4: tymtsyo777 ($3.05 in chips) 
Seat 5: Aceheart13 ($3.22 in chips) 
Seat 6: clubber_ba ($2.03 in chips) 
tymtsyo777: posts small blind $0.01
Aceheart13: posts big blind $0.02
*** HOLE CARDS ***
Dealt to Lorpugo [Kc 3c]
clubber_ba: folds 
luiyi11: folds 
Lorpugo: folds 
lenincito21: raises $0.03 to $0.05
tymtsyo777: calls $0.04
Aceheart13: calls $0.03
*** FLOP *** [5d Qh 4c]
tymtsyo777: bets $0.02
Aceheart13: calls $0.02
lenincito21: raises $0.10 to $0.12
tymtsyo777: calls $0.10
Aceheart13: folds 
*** TURN *** [5d Qh 4c] [Tc]
tymtsyo777: checks 
lenincito21: bets $0.30
tymtsyo777: calls $0.30
*** RIVER *** [5d Qh 4c Tc] [Ts]
tymtsyo777: checks 
lenincito21: checks 
*** SHOW DOWN ***
tymtsyo777: shows [As Ks] (a pair of Tens)
lenincito21: shows [3d 4d] (two pair, Tens and Fours)
lenincito21 collected $0.97 from pot
*** SUMMARY ***
Total pot $1.01 | Rake $0.04 
Board [5d Qh 4c Tc Ts]
Seat 1: luiyi11 folded before Flop (didn't bet)
Seat 2: Lorpugo folded before Flop (didn't bet)
Seat 3: lenincito21 (button) showed [3d 4d] and won ($0.97) with two pair, Tens and Fours
Seat 4: tymtsyo777 (small blind) showed [As Ks] and lost with a pair of Tens
Seat 5: Aceheart13 (big blind) folded on the Flop
Seat 6: clubber_ba folded before Flop (didn't bet)



PokerStars Hand #240643763141:  Hold'em No Limit ($0.01/$0.02 USD) - 2022/12/23 13:08:27 ET
Table 'Lundia II' 6-max Seat #4 is the button
Seat 2: Lorpugo ($1.52 in chips) 
Seat 3: lenincito21 ($2.54 in chips) 
Seat 4: tymtsyo777 ($2.58 in chips) 
Seat 5: Aceheart13 ($3.15 in chips) 
Seat 6: clubber_ba ($2.03 in chips) 
Aceheart13: posts small blind $0.01
clubber_ba: posts big blind $0.02
*** HOLE CARDS ***
Dealt to Lorpugo [2c 8c]
Lorpugo: folds 
lenincito21: raises $0.03 to $0.05
tymtsyo777: calls $0.05
Aceheart13: folds 
clubber_ba: calls $0.03
*** FLOP *** [5d 7d Kc]
clubber_ba: checks 
lenincito21: checks 
tymtsyo777: bets $0.15
clubber_ba: calls $0.15
lenincito21: folds 
*** TURN *** [5d 7d Kc] [Ts]
clubber_ba: checks 
tymtsyo777: bets $0.44
clubber_ba: folds 
Uncalled bet ($0.44) returned to tymtsyo777
tymtsyo777 collected $0.44 from pot
*** SUMMARY ***
Total pot $0.46 | Rake $0.02 
Board [5d 7d Kc Ts]
Seat 2: Lorpugo folded before Flop (didn't bet)
Seat 3: lenincito21 folded on the Flop
Seat 4: tymtsyo777 (button) collected ($0.44)
Seat 5: Aceheart13 (small blind) folded before Flop
Seat 6: clubber_ba (big blind) folded on the Turn



PokerStars Hand #240643781146:  Hold'em No Limit ($0.01/$0.02 USD) - 2022/12/23 13:09:19 ET
Table 'Lundia II' 6-max Seat #5 is the button
Seat 2: Lorpugo ($1.52 in chips) 
Seat 3: lenincito21 ($2.49 in chips) 
Seat 4: tymtsyo777 ($2.82 in chips) 
Seat 5: Aceheart13 ($3.14 in chips) 
Seat 6: clubber_ba ($2 in chips) 
clubber_ba: posts small blind $0.01
Lorpugo: posts big blind $0.02
*** HOLE CARDS ***
Dealt to Lorpugo [Jd 7d]
lenincito21: folds 
tymtsyo777: calls $0.02
Aceheart13: folds 
clubber_ba: folds 
Lorpugo: checks 
*** FLOP *** [6h 4h 8s]
Lorpugo: checks 
tymtsyo777: checks 
*** TURN *** [6h 4h 8s] [6s]
Lorpugo: checks 
tymtsyo777: checks 
*** RIVER *** [6h 4h 8s 6s] [2h]
Lorpugo: checks 
tymtsyo777: checks 
*** SHOW DOWN ***
Lorpugo: shows [Jd 7d] (a pair of Sixes)
tymtsyo777: shows [Kh 3c] (a pair of Sixes - King kicker)
tymtsyo777 collected $0.05 from pot
*** SUMMARY ***
Total pot $0.05 | Rake $0 
Board [6h 4h 8s 6s 2h]
Seat 2: Lorpugo (big blind) showed [Jd 7d] and lost with a pair of Sixes
Seat 3: lenincito21 folded before Flop (didn't bet)
Seat 4: tymtsyo777 showed [Kh 3c] and won ($0.05) with a pair of Sixes
Seat 5: Aceheart13 (button) folded before Flop (didn't bet)
Seat 6: clubber_ba (small blind) folded before Flop



PokerStars Hand #240643797765:  Hold'em No Limit ($0.01/$0.02 USD) - 2022/12/23 13:10:07 ET
Table 'Lundia II' 6-max Seat #6 is the button
Seat 2: Lorpugo ($1.50 in chips) 
Seat 3: lenincito21 ($2.49 in chips) 
Seat 4: tymtsyo777 ($2.85 in chips) 
Seat 5: Aceheart13 ($3.14 in chips) 
Seat 6: clubber_ba ($2 in chips) 
Lorpugo: posts small blind $0.01
lenincito21: posts big blind $0.02
*** HOLE CARDS ***
Dealt to Lorpugo [Jd 9s]
tymtsyo777: folds 
Aceheart13: calls $0.02
clubber_ba: folds 
Lorpugo: calls $0.01
lenincito21: checks 
*** FLOP *** [2h 6h Ac]
tymtsyo777 leaves the table
Lorpugo: checks 
lenincito21: checks 
Aceheart13: checks 
*** TURN *** [2h 6h Ac] [Kd]
Lorpugo: checks 
lenincito21: checks 
Aceheart13: checks 
*** RIVER *** [2h 6h Ac Kd] [Qh]
Lorpugo: checks 
NorganNoyors joins the table at seat #4 
lenincito21: checks 
Aceheart13: checks 
*** SHOW DOWN ***
Lorpugo: shows [Jd 9s] (high card Ace)
lenincito21: shows [3d 2s] (a pair of Deuces)
Aceheart13: shows [3c Kc] (a pair of Kings)
Aceheart13 collected $0.06 from pot
*** SUMMARY ***
Total pot $0.06 | Rake $0 
Board [2h 6h Ac Kd Qh]
Seat 2: Lorpugo (small blind) showed [Jd 9s] and lost with high card Ace
Seat 3: lenincito21 (big blind) showed [3d 2s] and lost with a pair of Deuces
Seat 4: tymtsyo777 folded before Flop (didn't bet)
Seat 5: Aceheart13 showed [3c Kc] and won ($0.06) with a pair of Kings
Seat 6: clubber_ba (button) folded before Flop (didn't bet)



PokerStars Hand #240643814067:  Hold'em No Limit ($0.01/$0.02 USD) - 2022/12/23 13:10:54 ET
Table 'Lundia II' 6-max Seat #2 is the button
Seat 2: Lorpugo ($1.48 in chips) 
Seat 3: lenincito21 ($2.47 in chips) 
Seat 4: NorganNoyors ($2 in chips) 
Seat 5: Aceheart13 ($3.18 in chips) 
Seat 6: clubber_ba ($2 in chips) 
lenincito21: posts small blind $0.01
NorganNoyors: posts big blind $0.02
*** HOLE CARDS ***
Dealt to Lorpugo [9h Jd]
Aceheart13: calls $0.02
clubber_ba: folds 
Lorpugo: raises $0.04 to $0.06
lenincito21: folds 
NorganNoyors: calls $0.04
Aceheart13: calls $0.04
*** FLOP *** [6c 3d Jh]
NorganNoyors: checks 
Aceheart13: checks 
Lorpugo: bets $0.06
NorganNoyors: calls $0.06
Aceheart13: calls $0.06
*** TURN *** [6c 3d Jh] [7c]
NorganNoyors: checks 
Aceheart13: checks 
Lorpugo: bets $0.22
NorganNoyors: folds 
Aceheart13: calls $0.22
*** RIVER *** [6c 3d Jh 7c] [5c]
Aceheart13: checks 
Lorpugo: checks 
*** SHOW DOWN ***
Aceheart13: shows [Kh Ah] (high card Ace)
Lorpugo: shows [9h Jd] (a pair of Jacks)
Lorpugo collected $0.78 from pot
*** SUMMARY ***
Total pot $0.81 | Rake $0.03 
Board [6c 3d Jh 7c 5c]
Seat 2: Lorpugo (button) showed [9h Jd] and won ($0.78) with a pair of Jacks
Seat 3: lenincito21 (small blind) folded before Flop
Seat 4: NorganNoyors (big blind) folded on the Turn
Seat 5: Aceheart13 showed [Kh Ah] and lost with high card Ace
Seat 6: clubber_ba folded before Flop (didn't bet)



PokerStars Hand #240643835141:  Hold'em No Limit ($0.01/$0.02 USD) - 2022/12/23 13:11:56 ET
Table 'Lundia II' 6-max Seat #3 is the button
Seat 2: Lorpugo ($1.92 in chips) 
Seat 3: lenincito21 ($2.46 in chips) 
Seat 4: NorganNoyors ($2 in chips) 
Seat 5: Aceheart13 ($2.84 in chips) 
Seat 6: clubber_ba ($2 in chips) 
NorganNoyors: posts small blind $0.01
Aceheart13: posts big blind $0.02
*** HOLE CARDS ***
Dealt to Lorpugo [Ad 4s]
clubber_ba: folds 
Lorpugo: raises $0.04 to $0.06
lenincito21: folds 
NorganNoyors: folds 
Aceheart13: folds 
Uncalled bet ($0.04) returned to Lorpugo
Lorpugo collected $0.05 from pot
Lorpugo: doesn't show hand 
*** SUMMARY ***
Total pot $0.05 | Rake $0 
Seat 2: Lorpugo collected ($0.05)
Seat 3: lenincito21 (button) folded before Flop (didn't bet)
Seat 4: NorganNoyors (small blind) folded before Flop
Seat 5: Aceheart13 (big blind) folded before Flop
Seat 6: clubber_ba folded before Flop (didn't bet)



PokerStars Hand #240643842595:  Hold'em No Limit ($0.01/$0.02 USD) - 2022/12/23 13:12:17 ET
Table 'Lundia II' 6-max Seat #4 is the button
Seat 2: Lorpugo ($1.95 in chips) 
Seat 3: lenincito21 ($2.46 in chips) 
Seat 4: NorganNoyors ($2 in chips) 
Seat 5: Aceheart13 ($2.82 in chips) 
Seat 6: clubber_ba ($2 in chips) 
Aceheart13: posts small blind $0.01
clubber_ba: posts big blind $0.02
*** HOLE CARDS ***
Dealt to Lorpugo [4h Qd]
Lorpugo: folds 
lenincito21: folds 
NorganNoyors: folds 
Aceheart13: calls $0.01
clubber_ba: checks 
*** FLOP *** [Qs 5s Td]
Aceheart13: bets $0.02
clubber_ba: folds 
Uncalled bet ($0.02) returned to Aceheart13
Aceheart13 collected $0.04 from pot
*** SUMMARY ***
Total pot $0.04 | Rake $0 
Board [Qs 5s Td]
Seat 2: Lorpugo folded before Flop (didn't bet)
Seat 3: lenincito21 folded before Flop (didn't bet)
Seat 4: NorganNoyors (button) folded before Flop (didn't bet)
Seat 5: Aceheart13 (small blind) collected ($0.04)
Seat 6: clubber_ba (big blind) folded on the Flop



PokerStars Hand #240643849417:  Hold'em No Limit ($0.01/$0.02 USD) - 2022/12/23 13:12:36 ET
Table 'Lundia II' 6-max Seat #5 is the button
Seat 2: Lorpugo ($1.95 in chips) 
Seat 3: lenincito21 ($2.46 in chips) 
Seat 4: NorganNoyors ($2 in chips) 
Seat 5: Aceheart13 ($2.84 in chips) 
Seat 6: clubber_ba ($2 in chips) 
clubber_ba: posts small blind $0.01
Lorpugo: posts big blind $0.02
*** HOLE CARDS ***
Dealt to Lorpugo [8h Kh]
lenincito21: folds 
NorganNoyors: folds 
Aceheart13: folds 
clubber_ba: folds 
Uncalled bet ($0.01) returned to Lorpugo
Lorpugo collected $0.02 from pot
Lorpugo: doesn't show hand 
*** SUMMARY ***
Total pot $0.02 | Rake $0 
Seat 2: Lorpugo (big blind) collected ($0.02)
Seat 3: lenincito21 folded before Flop (didn't bet)
Seat 4: NorganNoyors folded before Flop (didn't bet)
Seat 5: Aceheart13 (button) folded before Flop (didn't bet)
Seat 6: clubber_ba (small blind) folded before Flop



PokerStars Hand #240643852648:  Hold'em No Limit ($0.01/$0.02 USD) - 2022/12/23 13:12:46 ET
Table 'Lundia II' 6-max Seat #6 is the button
Seat 2: Lorpugo ($1.96 in chips) 
Seat 3: lenincito21 ($2.46 in chips) 
Seat 4: NorganNoyors ($2 in chips) 
Seat 5: Aceheart13 ($2.84 in chips) 
Seat 6: clubber_ba ($2 in chips) 
Lorpugo: posts small blind $0.01
lenincito21: posts big blind $0.02
*** HOLE CARDS ***
Dealt to Lorpugo [3d 6h]
NorganNoyors has timed out
NorganNoyors: folds 
Aceheart13: folds 
clubber_ba: folds 
Lorpugo: raises $0.04 to $0.06
lenincito21: folds 
Uncalled bet ($0.04) returned to Lorpugo
Lorpugo collected $0.04 from pot
Lorpugo: doesn't show hand 
*** SUMMARY ***
Total pot $0.04 | Rake $0 
Seat 2: Lorpugo (small blind) collected ($0.04)
Seat 3: lenincito21 (big blind) folded before Flop
Seat 4: NorganNoyors folded before Flop (didn't bet)
Seat 5: Aceheart13 folded before Flop (didn't bet)
Seat 6: clubber_ba (button) folded before Flop (didn't bet)



PokerStars Hand #240643860306:  Hold'em No Limit ($0.01/$0.02 USD) - 2022/12/23 13:13:08 ET
Table 'Lundia II' 6-max Seat #2 is the button
Seat 2: Lorpugo ($1.98 in chips) 
Seat 3: lenincito21 ($2.44 in chips) 
Seat 5: Aceheart13 ($2.84 in chips) 
Seat 6: clubber_ba ($2 in chips) 
lenincito21: posts small blind $0.01
Aceheart13: posts big blind $0.02
*** HOLE CARDS ***
Dealt to Lorpugo [Qs 7c]
clubber_ba: folds 
Lorpugo: raises $0.04 to $0.06
lenincito21: calls $0.05
Aceheart13: folds 
*** FLOP *** [2c Ah Tc]
lenincito21: checks 
Lorpugo: checks 
*** TURN *** [2c Ah Tc] [6h]
lenincito21: checks 
Lorpugo: bets $0.07
lenincito21: folds 
Uncalled bet ($0.07) returned to Lorpugo
Lorpugo collected $0.14 from pot
Lorpugo: doesn't show hand 
*** SUMMARY ***
Total pot $0.14 | Rake $0 
Board [2c Ah Tc 6h]
Seat 2: Lorpugo (button) collected ($0.14)
Seat 3: lenincito21 (small blind) folded on the Turn
Seat 5: Aceheart13 (big blind) folded before Flop
Seat 6: clubber_ba folded before Flop (didn't bet)



PokerStars Hand #240643873578:  Hold'em No Limit ($0.01/$0.02 USD) - 2022/12/23 13:13:46 ET
Table 'Lundia II' 6-max Seat #3 is the button
Seat 2: Lorpugo ($2.06 in chips) 
Seat 3: lenincito21 ($2.38 in chips) 
Seat 5: Aceheart13 ($2.82 in chips) 
Seat 6: clubber_ba ($2 in chips) 
Aceheart13: posts small blind $0.01
clubber_ba: posts big blind $0.02
*** HOLE CARDS ***
Dealt to Lorpugo [Kh 6h]
Lorpugo: raises $0.04 to $0.06
lenincito21: calls $0.06
Aceheart13: folds 
clubber_ba: folds 
*** FLOP *** [Ts Qh 3h]
Lorpugo: checks 
lenincito21: checks 
*** TURN *** [Ts Qh 3h] [Ks]
Lorpugo: bets $0.10
lenincito21: calls $0.10
*** RIVER *** [Ts Qh 3h Ks] [4h]
Lorpugo: bets $0.17
lenincito21: folds 
Uncalled bet ($0.17) returned to Lorpugo
Lorpugo collected $0.34 from pot
Lorpugo: doesn't show hand 
*** SUMMARY ***
Total pot $0.35 | Rake $0.01 
Board [Ts Qh 3h Ks 4h]
Seat 2: Lorpugo collected ($0.34)
Seat 3: lenincito21 (button) folded on the River
Seat 5: Aceheart13 (small blind) folded before Flop
Seat 6: clubber_ba (big blind) folded before Flop



PokerStars Hand #240643889830:  Hold'em No Limit ($0.01/$0.02 USD) - 2022/12/23 13:14:33 ET
Table 'Lundia II' 6-max Seat #5 is the button
Seat 2: Lorpugo ($2.24 in chips) 
Seat 3: lenincito21 ($2.22 in chips) 
Seat 5: Aceheart13 ($2.81 in chips) 
Seat 6: clubber_ba ($2 in chips) 
clubber_ba: posts small blind $0.01
Lorpugo: posts big blind $0.02
*** HOLE CARDS ***
Dealt to Lorpugo [7s 8h]
lenincito21: folds 
Aceheart13: folds 
clubber_ba: folds 
Uncalled bet ($0.01) returned to Lorpugo
Lorpugo collected $0.02 from pot
Lorpugo: doesn't show hand 
*** SUMMARY ***
Total pot $0.02 | Rake $0 
Seat 2: Lorpugo (big blind) collected ($0.02)
Seat 3: lenincito21 folded before Flop (didn't bet)
Seat 5: Aceheart13 (button) folded before Flop (didn't bet)
Seat 6: clubber_ba (small blind) folded before Flop



PokerStars Hand #240643895475:  Hold'em No Limit ($0.01/$0.02 USD) - 2022/12/23 13:14:50 ET
Table 'Lundia II' 6-max Seat #6 is the button
Seat 2: Lorpugo ($2.25 in chips) 
Seat 3: lenincito21 ($2.22 in chips) 
Seat 5: Aceheart13 ($2.81 in chips) 
Seat 6: clubber_ba ($2 in chips) 
Lorpugo: posts small blind $0.01
lenincito21: posts big blind $0.02
*** HOLE CARDS ***
Dealt to Lorpugo [Ks Js]
Aceheart13: folds 
clubber_ba: folds 
Lorpugo: raises $0.04 to $0.06
lenincito21: calls $0.04
*** FLOP *** [Ts 6c Jh]
Lorpugo: bets $0.08
lenincito21: folds 
Uncalled bet ($0.08) returned to Lorpugo
Lorpugo collected $0.12 from pot
Lorpugo: doesn't show hand 
*** SUMMARY ***
Total pot $0.12 | Rake $0 
Board [Ts 6c Jh]
Seat 2: Lorpugo (small blind) collected ($0.12)
Seat 3: lenincito21 (big blind) folded on the Flop
Seat 5: Aceheart13 folded before Flop (didn't bet)
Seat 6: clubber_ba (button) folded before Flop (didn't bet)



PokerStars Hand #240643906387:  Hold'em No Limit ($0.01/$0.02 USD) - 2022/12/23 13:15:21 ET
Table 'Lundia II' 6-max Seat #2 is the button
Seat 2: Lorpugo ($2.31 in chips) 
Seat 3: lenincito21 ($2.16 in chips) 
Seat 4: NorganNoyors ($2 in chips) 
Seat 5: Aceheart13 ($2.81 in chips) 
Seat 6: clubber_ba ($2 in chips) 
lenincito21: posts small blind $0.01
NorganNoyors: posts big blind $0.02
*** HOLE CARDS ***
Dealt to Lorpugo [9c 4s]
Aceheart13: folds 
clubber_ba: folds 
Lorpugo: folds 
lenincito21: raises $0.03 to $0.05
NorganNoyors: folds 
Uncalled bet ($0.03) returned to lenincito21
lenincito21 collected $0.04 from pot
*** SUMMARY ***
Total pot $0.04 | Rake $0 
Seat 2: Lorpugo (button) folded before Flop (didn't bet)
Seat 3: lenincito21 (small blind) collected ($0.04)
Seat 4: NorganNoyors (big blind) folded before Flop
Seat 5: Aceheart13 folded before Flop (didn't bet)
Seat 6: clubber_ba folded before Flop (didn't bet)



PokerStars Hand #240643914509:  Hold'em No Limit ($0.01/$0.02 USD) - 2022/12/23 13:15:45 ET
Table 'Lundia II' 6-max Seat #3 is the button
Seat 2: Lorpugo ($2.31 in chips) 
Seat 3: lenincito21 ($2.18 in chips) 
Seat 4: NorganNoyors ($2 in chips) 
Seat 5: Aceheart13 ($2.81 in chips) 
Seat 6: clubber_ba ($2 in chips) 
NorganNoyors: posts small blind $0.01
Aceheart13: posts big blind $0.02
*** HOLE CARDS ***
Dealt to Lorpugo [Ad 9s]
clubber_ba: folds 
Lorpugo: raises $0.04 to $0.06
lenincito21: folds 
NorganNoyors: folds 
Aceheart13: calls $0.04
*** FLOP *** [Ts Kh 5d]
Aceheart13: checks 
Lorpugo: checks 
*** TURN *** [Ts Kh 5d] [3s]
Aceheart13: checks 
Lorpugo: checks 
*** RIVER *** [Ts Kh 5d 3s] [2s]
Aceheart13: bets $0.02
Lorpugo: folds 
Uncalled bet ($0.02) returned to Aceheart13
Aceheart13 collected $0.13 from pot
*** SUMMARY ***
Total pot $0.13 | Rake $0 
Board [Ts Kh 5d 3s 2s]
Seat 2: Lorpugo folded on the River
Seat 3: lenincito21 (button) folded before Flop (didn't bet)
Seat 4: NorganNoyors (small blind) folded before Flop
Seat 5: Aceheart13 (big blind) collected ($0.13)
Seat 6: clubber_ba folded before Flop (didn't bet)



PokerStars Hand #240643931412:  Hold'em No Limit ($0.01/$0.02 USD) - 2022/12/23 13:16:33 ET
Table 'Lundia II' 6-max Seat #4 is the button
Seat 2: Lorpugo ($2.25 in chips) 
Seat 3: lenincito21 ($2.18 in chips) 
Seat 4: NorganNoyors ($2 in chips) 
Seat 5: Aceheart13 ($2.88 in chips) 
Seat 6: clubber_ba ($2 in chips) 
Aceheart13: posts small blind $0.01
clubber_ba: posts big blind $0.02
*** HOLE CARDS ***
Dealt to Lorpugo [2c Qc]
Lorpugo: folds 
lenincito21: raises $0.03 to $0.05
NorganNoyors: folds 
Aceheart13: folds 
clubber_ba: raises $0.15 to $0.20
lenincito21: folds 
Uncalled bet ($0.15) returned to clubber_ba
clubber_ba collected $0.11 from pot
clubber_ba: doesn't show hand 
*** SUMMARY ***
Total pot $0.11 | Rake $0 
Seat 2: Lorpugo folded before Flop (didn't bet)
Seat 3: lenincito21 folded before Flop
Seat 4: NorganNoyors (button) folded before Flop (didn't bet)
Seat 5: Aceheart13 (small blind) folded before Flop
Seat 6: clubber_ba (big blind) collected ($0.11)



PokerStars Hand #240643939033:  Hold'em No Limit ($0.01/$0.02 USD) - 2022/12/23 13:16:55 ET
Table 'Lundia II' 6-max Seat #5 is the button
Seat 1: luiyi11 ($1.95 in chips) 
Seat 2: Lorpugo ($2.25 in chips) 
Seat 3: lenincito21 ($2.13 in chips) 
Seat 4: NorganNoyors ($2 in chips) 
Seat 5: Aceheart13 ($2.87 in chips) 
Seat 6: clubber_ba ($2.06 in chips) 
clubber_ba: posts small blind $0.01
luiyi11: posts big blind $0.02
*** HOLE CARDS ***
Dealt to Lorpugo [3s 5s]
Lorpugo: folds 
lenincito21: folds 
NorganNoyors: folds 
Aceheart13: folds 
clubber_ba: folds 
Uncalled bet ($0.01) returned to luiyi11
luiyi11 collected $0.02 from pot
*** SUMMARY ***
Total pot $0.02 | Rake $0 
Seat 1: luiyi11 (big blind) collected ($0.02)
Seat 2: Lorpugo folded before Flop (didn't bet)
Seat 3: lenincito21 folded before Flop (didn't bet)
Seat 4: NorganNoyors folded before Flop (didn't bet)
Seat 5: Aceheart13 (button) folded before Flop (didn't bet)
Seat 6: clubber_ba (small blind) folded before Flop



PokerStars Hand #240643943869:  Hold'em No Limit ($0.01/$0.02 USD) - 2022/12/23 13:17:09 ET
Table 'Lundia II' 6-max Seat #6 is the button
Seat 1: luiyi11 ($1.96 in chips) 
Seat 2: Lorpugo ($2.25 in chips) 
Seat 3: lenincito21 ($2.13 in chips) 
Seat 4: NorganNoyors ($2 in chips) 
Seat 5: Aceheart13 ($2.87 in chips) 
Seat 6: clubber_ba ($2.05 in chips) 
luiyi11: posts small blind $0.01
Lorpugo: posts big blind $0.02
*** HOLE CARDS ***
Dealt to Lorpugo [Td 6c]
lenincito21: folds 
NorganNoyors: folds 
Aceheart13: calls $0.02
clubber_ba: folds 
luiyi11: calls $0.01
Lorpugo: checks 
*** FLOP *** [Qc 9d 3s]
luiyi11: checks 
Lorpugo: checks 
Aceheart13: bets $0.02
luiyi11: folds 
Lorpugo: folds 
Uncalled bet ($0.02) returned to Aceheart13
Aceheart13 collected $0.06 from pot
*** SUMMARY ***
Total pot $0.06 | Rake $0 
Board [Qc 9d 3s]
Seat 1: luiyi11 (small blind) folded on the Flop
Seat 2: Lorpugo (big blind) folded on the Flop
Seat 3: lenincito21 folded before Flop (didn't bet)
Seat 4: NorganNoyors folded before Flop (didn't bet)
Seat 5: Aceheart13 collected ($0.06)
Seat 6: clubber_ba (button) folded before Flop (didn't bet)



PokerStars Hand #240643956527:  Hold'em No Limit ($0.01/$0.02 USD) - 2022/12/23 13:17:46 ET
Table 'Lundia II' 6-max Seat #1 is the button
Seat 1: luiyi11 ($1.94 in chips) 
Seat 2: Lorpugo ($2.23 in chips) 
Seat 3: lenincito21 ($2.13 in chips) 
Seat 4: NorganNoyors ($2 in chips) 
Seat 5: Aceheart13 ($2.91 in chips) 
Seat 6: clubber_ba ($2.05 in chips) 
Lorpugo: posts small blind $0.01
lenincito21: posts big blind $0.02
*** HOLE CARDS ***
Dealt to Lorpugo [Qd 2s]
NorganNoyors: folds 
Aceheart13: raises $0.02 to $0.04
clubber_ba: folds 
luiyi11: folds 
Lorpugo: folds 
lenincito21: folds 
Uncalled bet ($0.02) returned to Aceheart13
Aceheart13 collected $0.05 from pot
*** SUMMARY ***
Total pot $0.05 | Rake $0 
Seat 1: luiyi11 (button) folded before Flop (didn't bet)
Seat 2: Lorpugo (small blind) folded before Flop
Seat 3: lenincito21 (big blind) folded before Flop
Seat 4: NorganNoyors folded before Flop (didn't bet)
Seat 5: Aceheart13 collected ($0.05)
Seat 6: clubber_ba folded before Flop (didn't bet)



PokerStars Hand #240643962671:  Hold'em No Limit ($0.01/$0.02 USD) - 2022/12/23 13:18:04 ET
Table 'Lundia II' 6-max Seat #2 is the button
Seat 1: luiyi11 ($1.94 in chips) 
Seat 2: Lorpugo ($2.22 in chips) 
Seat 3: lenincito21 ($2.11 in chips) 
Seat 4: NorganNoyors ($2 in chips) 
Seat 5: Aceheart13 ($2.94 in chips) 
Seat 6: clubber_ba ($2.05 in chips) 
lenincito21: posts small blind $0.01
NorganNoyors: posts big blind $0.02
*** HOLE CARDS ***
Dealt to Lorpugo [8s Js]
Aceheart13: folds 
clubber_ba: folds 
luiyi11 has timed out
luiyi11: folds 
Lorpugo: raises $0.04 to $0.06
lenincito21: folds 
NorganNoyors: folds 
Uncalled bet ($0.04) returned to Lorpugo
Lorpugo collected $0.05 from pot
Lorpugo: doesn't show hand 
*** SUMMARY ***
Total pot $0.05 | Rake $0 
Seat 1: luiyi11 folded before Flop (didn't bet)
Seat 2: Lorpugo (button) collected ($0.05)
Seat 3: lenincito21 (small blind) folded before Flop
Seat 4: NorganNoyors (big blind) folded before Flop
Seat 5: Aceheart13 folded before Flop (didn't bet)
Seat 6: clubber_ba folded before Flop (didn't bet)



PokerStars Hand #240643974182:  Hold'em No Limit ($0.01/$0.02 USD) - 2022/12/23 13:18:37 ET
Table 'Lundia II' 6-max Seat #3 is the button
Seat 2: Lorpugo ($2.25 in chips) 
Seat 3: lenincito21 ($2.10 in chips) 
Seat 4: NorganNoyors ($2 in chips) 
Seat 5: Aceheart13 ($2.94 in chips) 
Seat 6: clubber_ba ($2.05 in chips) 
NorganNoyors: posts small blind $0.01
Aceheart13: posts big blind $0.02
*** HOLE CARDS ***
Dealt to Lorpugo [4s 9d]
clubber_ba: raises $0.04 to $0.06
Lorpugo: folds 
lenincito21: calls $0.06
NorganNoyors: folds 
Aceheart13: folds 
*** FLOP *** [Jc 9h Kh]
clubber_ba: bets $0.08
lenincito21: calls $0.08
*** TURN *** [Jc 9h Kh] [6c]
clubber_ba: checks 
lenincito21: bets $0.24
clubber_ba: calls $0.24
*** RIVER *** [Jc 9h Kh 6c] [3c]
clubber_ba: checks 
lenincito21: bets $0.76
clubber_ba: calls $0.76
*** SHOW DOWN ***
lenincito21: shows [Jh Kc] (two pair, Kings and Jacks)
clubber_ba: mucks hand 
lenincito21 collected $2.23 from pot
*** SUMMARY ***
Total pot $2.31 | Rake $0.08 
Board [Jc 9h Kh 6c 3c]
Seat 2: Lorpugo folded before Flop (didn't bet)
Seat 3: lenincito21 (button) showed [Jh Kc] and won ($2.23) with two pair, Kings and Jacks
Seat 4: NorganNoyors (small blind) folded before Flop
Seat 5: Aceheart13 (big blind) folded before Flop
Seat 6: clubber_ba mucked [Qc Jd]



PokerStars Hand #240643991529:  Hold'em No Limit ($0.01/$0.02 USD) - 2022/12/23 13:19:28 ET
Table 'Lundia II' 6-max Seat #4 is the button
Seat 1: luiyi11 ($1.94 in chips) 
Seat 2: Lorpugo ($2.25 in chips) 
Seat 3: lenincito21 ($3.19 in chips) 
Seat 4: NorganNoyors ($2 in chips) 
Seat 5: Aceheart13 ($2.92 in chips) 
Seat 6: clubber_ba ($2 in chips) 
Aceheart13: posts small blind $0.01
clubber_ba: posts big blind $0.02
*** HOLE CARDS ***
Dealt to Lorpugo [7c 3s]
luiyi11 has timed out
luiyi11: folds 
Lorpugo: folds 
lenincito21: raises $0.03 to $0.05
NorganNoyors: raises $0.13 to $0.18
Aceheart13: folds 
clubber_ba: folds 
lenincito21: calls $0.13
*** FLOP *** [4d Ad 5d]
lenincito21: checks 
NorganNoyors: bets $0.20
lenincito21: calls $0.20
*** TURN *** [4d Ad 5d] [4h]
lenincito21: checks 
NorganNoyors: bets $0.40
lenincito21: folds 
Uncalled bet ($0.40) returned to NorganNoyors
NorganNoyors collected $0.76 from pot
NorganNoyors: doesn't show hand 
*** SUMMARY ***
Total pot $0.79 | Rake $0.03 
Board [4d Ad 5d 4h]
Seat 1: luiyi11 folded before Flop (didn't bet)
Seat 2: Lorpugo folded before Flop (didn't bet)
Seat 3: lenincito21 folded on the Turn
Seat 4: NorganNoyors (button) collected ($0.76)
Seat 5: Aceheart13 (small blind) folded before Flop
Seat 6: clubber_ba (big blind) folded before Flop



PokerStars Hand #240644010630:  Hold'em No Limit ($0.01/$0.02 USD) - 2022/12/23 13:20:23 ET
Table 'Lundia II' 6-max Seat #5 is the button
Seat 2: Lorpugo ($2.25 in chips) 
Seat 3: lenincito21 ($2.81 in chips) 
Seat 4: NorganNoyors ($2.38 in chips) 
Seat 5: Aceheart13 ($2.91 in chips) 
Seat 6: clubber_ba ($2 in chips) 
clubber_ba: posts small blind $0.01
Lorpugo: posts big blind $0.02
*** HOLE CARDS ***
Dealt to Lorpugo [Qd 6h]
lenincito21: folds 
NorganNoyors: folds 
Aceheart13: folds 
clubber_ba: folds 
Uncalled bet ($0.01) returned to Lorpugo
Lorpugo collected $0.02 from pot
Lorpugo: doesn't show hand 
*** SUMMARY ***
Total pot $0.02 | Rake $0 
Seat 2: Lorpugo (big blind) collected ($0.02)
Seat 3: lenincito21 folded before Flop (didn't bet)
Seat 4: NorganNoyors folded before Flop (didn't bet)
Seat 5: Aceheart13 (button) folded before Flop (didn't bet)
Seat 6: clubber_ba (small blind) folded before Flop



PokerStars Hand #240644015727:  Hold'em No Limit ($0.01/$0.02 USD) - 2022/12/23 13:20:38 ET
Table 'Lundia II' 6-max Seat #6 is the button
Seat 2: Lorpugo ($2.26 in chips) 
Seat 3: lenincito21 ($2.81 in chips) 
Seat 4: NorganNoyors ($2.38 in chips) 
Seat 5: Aceheart13 ($2.91 in chips) 
Seat 6: clubber_ba ($2 in chips) 
Lorpugo: posts small blind $0.01
lenincito21: posts big blind $0.02
*** HOLE CARDS ***
Dealt to Lorpugo [Tc 8h]
NorganNoyors: raises $0.04 to $0.06
Aceheart13: calls $0.06
clubber_ba: calls $0.06
Lorpugo: calls $0.05
lenincito21: folds 
*** FLOP *** [5c Jd 7c]
Lorpugo: checks 
NorganNoyors: checks 
Aceheart13: bets $0.27
clubber_ba: folds 
lenincito21 leaves the table
Lorpugo: folds 
NorganNoyors: folds 
Uncalled bet ($0.27) returned to Aceheart13
Aceheart13 collected $0.25 from pot
*** SUMMARY ***
Total pot $0.26 | Rake $0.01 
Board [5c Jd 7c]
Seat 2: Lorpugo (small blind) folded on the Flop
Seat 3: lenincito21 (big blind) folded before Flop
Seat 4: NorganNoyors folded on the Flop
Seat 5: Aceheart13 collected ($0.25)
Seat 6: clubber_ba (button) folded on the Flop



PokerStars Hand #240644033012:  Hold'em No Limit ($0.01/$0.02 USD) - 2022/12/23 13:21:29 ET
Table 'Lundia II' 6-max Seat #2 is the button
Seat 1: luiyi11 ($1.94 in chips) 
Seat 2: Lorpugo ($2.20 in chips) 
Seat 4: NorganNoyors ($2.32 in chips) 
Seat 5: Aceheart13 ($3.10 in chips) 
Seat 6: clubber_ba ($2 in chips) 
NorganNoyors: posts small blind $0.01
Aceheart13: posts big blind $0.02
luiyi11: posts small & big blinds $0.03
*** HOLE CARDS ***
Dealt to Lorpugo [2s 5c]
Skagenui Lenni joins the table at seat #3 
clubber_ba: folds 
luiyi11: checks 
Lorpugo: folds 
NorganNoyors: folds 
Aceheart13: checks 
*** FLOP *** [8s Kd 3d]
Aceheart13: bets $0.04
luiyi11: folds 
Uncalled bet ($0.04) returned to Aceheart13
Aceheart13 collected $0.06 from pot
*** SUMMARY ***
Total pot $0.06 | Rake $0 
Board [8s Kd 3d]
Seat 1: luiyi11 folded on the Flop (didn't bet)
Seat 2: Lorpugo (button) folded before Flop (didn't bet)
Seat 4: NorganNoyors (small blind) folded before Flop
Seat 5: Aceheart13 (big blind) collected ($0.06)
Seat 6: clubber_ba folded before Flop (didn't bet)



PokerStars Hand #240644044267:  Hold'em No Limit ($0.01/$0.02 USD) - 2022/12/23 13:22:01 ET
Table 'Lundia II' 6-max Seat #4 is the button
Seat 2: Lorpugo ($2.20 in chips) 
Seat 4: NorganNoyors ($2.31 in chips) 
Seat 5: Aceheart13 ($3.14 in chips) 
Seat 6: clubber_ba ($2 in chips) 
Aceheart13: posts small blind $0.01
clubber_ba: posts big blind $0.02
*** HOLE CARDS ***
Dealt to Lorpugo [2d 8h]
Lorpugo has timed out
Lorpugo: folds 
NorganNoyors: folds 
Aceheart13: calls $0.01
clubber_ba: raises $0.04 to $0.06
Aceheart13: folds 
Uncalled bet ($0.04) returned to clubber_ba
clubber_ba collected $0.04 from pot
clubber_ba: doesn't show hand 
*** SUMMARY ***
Total pot $0.04 | Rake $0 
Seat 2: Lorpugo folded before Flop (didn't bet)
Seat 4: NorganNoyors (button) folded before Flop (didn't bet)
Seat 5: Aceheart13 (small blind) folded before Flop
Seat 6: clubber_ba (big blind) collected ($0.04)



PokerStars Hand #240644053465:  Hold'em No Limit ($0.01/$0.02 USD) - 2022/12/23 13:22:28 ET
Table 'Lundia II' 6-max Seat #5 is the button
Seat 2: Lorpugo ($2.20 in chips) 
Seat 4: NorganNoyors ($2.31 in chips) 
Seat 5: Aceheart13 ($3.12 in chips) 
Seat 6: clubber_ba ($2.02 in chips) 
clubber_ba: posts small blind $0.01
Lorpugo: posts big blind $0.02
*** HOLE CARDS ***
Dealt to Lorpugo [Jc 8d]
NorganNoyors: folds 
Aceheart13: calls $0.02
clubber_ba: folds 
Lorpugo: checks 
*** FLOP *** [8s 8c 9c]
Lorpugo: bets $0.03
Aceheart13: calls $0.03
*** TURN *** [8s 8c 9c] [3c]
Lorpugo: bets $0.07
Aceheart13: calls $0.07
*** RIVER *** [8s 8c 9c 3c] [6c]
Lorpugo: checks 
Aceheart13: checks 
*** SHOW DOWN ***
Lorpugo: shows [Jc 8d] (a flush, Jack high)
Aceheart13: mucks hand 
Lorpugo collected $0.24 from pot
*** SUMMARY ***
Total pot $0.25 | Rake $0.01 
Board [8s 8c 9c 3c 6c]
Seat 2: Lorpugo (big blind) showed [Jc 8d] and won ($0.24) with a flush, Jack high
Seat 4: NorganNoyors folded before Flop (didn't bet)
Seat 5: Aceheart13 (button) mucked [5c 5s]
Seat 6: clubber_ba (small blind) folded before Flop



PokerStars Hand #240644068610:  Hold'em No Limit ($0.01/$0.02 USD) - 2022/12/23 13:23:12 ET
Table 'Lundia II' 6-max Seat #6 is the button
Seat 2: Lorpugo ($2.32 in chips) 
Seat 3: Skagenui Lenni ($1.60 in chips) 
Seat 4: NorganNoyors ($2.31 in chips) 
Seat 5: Aceheart13 ($3 in chips) 
Seat 6: clubber_ba ($2.01 in chips) 
Lorpugo: posts small blind $0.01
Skagenui Lenni: posts big blind $0.02
*** HOLE CARDS ***
Dealt to Lorpugo [Js 7c]
NorganNoyors: folds 
Aceheart13: raises $0.02 to $0.04
clubber_ba: folds 
Lorpugo: folds 
Skagenui Lenni: calls $0.02
*** FLOP *** [7h Kc 4h]
Skagenui Lenni: checks 
Aceheart13: checks 
*** TURN *** [7h Kc 4h] [Qc]
Skagenui Lenni: bets $0.04
Aceheart13: calls $0.04
*** RIVER *** [7h Kc 4h Qc] [6c]
Skagenui Lenni: bets $0.16
Aceheart13: calls $0.16
*** SHOW DOWN ***
Skagenui Lenni: shows [Td 6d] (a pair of Sixes)
Aceheart13: shows [As Qs] (a pair of Queens)
Aceheart13 collected $0.47 from pot
*** SUMMARY ***
Total pot $0.49 | Rake $0.02 
Board [7h Kc 4h Qc 6c]
Seat 2: Lorpugo (small blind) folded before Flop
Seat 3: Skagenui Lenni (big blind) showed [Td 6d] and lost with a pair of Sixes
Seat 4: NorganNoyors folded before Flop (didn't bet)
Seat 5: Aceheart13 showed [As Qs] and won ($0.47) with a pair of Queens
Seat 6: clubber_ba (button) folded before Flop (didn't bet)



PokerStars Hand #240644084115:  Hold'em No Limit ($0.01/$0.02 USD) - 2022/12/23 13:23:57 ET
Table 'Lundia II' 6-max Seat #2 is the button
Seat 1: luiyi11 ($1.91 in chips) 
Seat 2: Lorpugo ($2.31 in chips) 
Seat 3: Skagenui Lenni ($1.36 in chips) 
Seat 4: NorganNoyors ($2.31 in chips) 
Seat 5: Aceheart13 ($3.23 in chips) 
Seat 6: clubber_ba ($2.01 in chips) 
Skagenui Lenni: posts small blind $0.01
NorganNoyors: posts big blind $0.02
luiyi11: posts small & big blinds $0.03
*** HOLE CARDS ***
Dealt to Lorpugo [Ac 3d]
Aceheart13: folds 
clubber_ba: folds 
luiyi11: checks 
Lorpugo: raises $0.08 to $0.10
Skagenui Lenni: folds 
NorganNoyors: folds 
luiyi11: folds 
Uncalled bet ($0.08) returned to Lorpugo
Lorpugo collected $0.08 from pot
Lorpugo: doesn't show hand 
*** SUMMARY ***
Total pot $0.08 | Rake $0 
Seat 1: luiyi11 folded before Flop (didn't bet)
Seat 2: Lorpugo (button) collected ($0.08)
Seat 3: Skagenui Lenni (small blind) folded before Flop
Seat 4: NorganNoyors (big blind) folded before Flop
Seat 5: Aceheart13 folded before Flop (didn't bet)
Seat 6: clubber_ba folded before Flop (didn't bet)



PokerStars Hand #240644092428:  Hold'em No Limit ($0.01/$0.02 USD) - 2022/12/23 13:24:21 ET
Table 'Lundia II' 6-max Seat #3 is the button
Seat 1: luiyi11 ($1.88 in chips) 
Seat 2: Lorpugo ($2.37 in chips) 
Seat 3: Skagenui Lenni ($1.35 in chips) 
Seat 5: Aceheart13 ($3.23 in chips) 
Seat 6: clubber_ba ($2.01 in chips) 
Aceheart13: posts small blind $0.01
clubber_ba: posts big blind $0.02
*** HOLE CARDS ***
Dealt to Lorpugo [5s 2h]
luiyi11: folds 
Lorpugo: folds 
Skagenui Lenni: folds 
Aceheart13: calls $0.01
clubber_ba: raises $0.04 to $0.06
Aceheart13: calls $0.04
*** FLOP *** [Ah Tc Qh]
Aceheart13: checks 
clubber_ba: bets $0.08
Aceheart13: calls $0.08
*** TURN *** [Ah Tc Qh] [4c]
Aceheart13: checks 
clubber_ba: bets $0.20
Aceheart13: calls $0.20
*** RIVER *** [Ah Tc Qh 4c] [3s]
Aceheart13: checks 
clubber_ba: bets $0.33
Aceheart13: calls $0.33
*** SHOW DOWN ***
clubber_ba: shows [Kc Ad] (a pair of Aces)
Aceheart13: mucks hand 
clubber_ba collected $1.29 from pot
*** SUMMARY ***
Total pot $1.34 | Rake $0.05 
Board [Ah Tc Qh 4c 3s]
Seat 1: luiyi11 folded before Flop (didn't bet)
Seat 2: Lorpugo folded before Flop (didn't bet)
Seat 3: Skagenui Lenni (button) folded before Flop (didn't bet)
Seat 5: Aceheart13 (small blind) mucked [Ac 5c]
Seat 6: clubber_ba (big blind) showed [Kc Ad] and won ($1.29) with a pair of Aces



PokerStars Hand #240644114869:  Hold'em No Limit ($0.01/$0.02 USD) - 2022/12/23 13:25:26 ET
Table 'Lundia II' 6-max Seat #5 is the button
Seat 1: luiyi11 ($1.88 in chips) 
Seat 2: Lorpugo ($2.37 in chips) 
Seat 3: Skagenui Lenni ($1.35 in chips) 
Seat 5: Aceheart13 ($2.56 in chips) 
Seat 6: clubber_ba ($2.63 in chips) 
clubber_ba: posts small blind $0.01
luiyi11: posts big blind $0.02
*** HOLE CARDS ***
Dealt to Lorpugo [Th Qh]
Lorpugo: raises $0.04 to $0.06
Skagenui Lenni: folds 
Aceheart13: calls $0.06
clubber_ba: folds 
luiyi11: folds 
*** FLOP *** [Jh 4s 5d]
Lorpugo: checks 
Aceheart13: checks 
*** TURN *** [Jh 4s 5d] [Ks]
Lorpugo: bets $0.10
Aceheart13: calls $0.10
*** RIVER *** [Jh 4s 5d Ks] [Js]
Lorpugo: checks 
Aceheart13: checks 
*** SHOW DOWN ***
Lorpugo: shows [Th Qh] (a pair of Jacks)
Aceheart13: shows [7c Kh] (two pair, Kings and Jacks)
Aceheart13 collected $0.34 from pot
*** SUMMARY ***
Total pot $0.35 | Rake $0.01 
Board [Jh 4s 5d Ks Js]
Seat 1: luiyi11 (big blind) folded before Flop
Seat 2: Lorpugo showed [Th Qh] and lost with a pair of Jacks
Seat 3: Skagenui Lenni folded before Flop (didn't bet)
Seat 5: Aceheart13 (button) showed [7c Kh] and won ($0.34) with two pair, Kings and Jacks
Seat 6: clubber_ba (small blind) folded before Flop



PokerStars Hand #240644134534:  Hold'em No Limit ($0.01/$0.02 USD) - 2022/12/23 13:26:23 ET
Table 'Lundia II' 6-max Seat #6 is the button
Seat 1: luiyi11 ($1.86 in chips) 
Seat 2: Lorpugo ($2.21 in chips) 
Seat 3: Skagenui Lenni ($1.35 in chips) 
Seat 5: Aceheart13 ($2.74 in chips) 
Seat 6: clubber_ba ($2.62 in chips) 
luiyi11: posts small blind $0.01
Lorpugo: posts big blind $0.02
*** HOLE CARDS ***
Dealt to Lorpugo [4d 2c]
Skagenui Lenni: raises $0.04 to $0.06
Aceheart13: folds 
clubber_ba: folds 
luiyi11: folds 
Lorpugo: folds 
Uncalled bet ($0.04) returned to Skagenui Lenni
Skagenui Lenni collected $0.05 from pot
Skagenui Lenni: doesn't show hand 
*** SUMMARY ***
Total pot $0.05 | Rake $0 
Seat 1: luiyi11 (small blind) folded before Flop
Seat 2: Lorpugo (big blind) folded before Flop
Seat 3: Skagenui Lenni collected ($0.05)
Seat 5: Aceheart13 folded before Flop (didn't bet)
Seat 6: clubber_ba (button) folded before Flop (didn't bet)



PokerStars Hand #240644139916:  Hold'em No Limit ($0.01/$0.02 USD) - 2022/12/23 13:26:38 ET
Table 'Lundia II' 6-max Seat #1 is the button
Seat 1: luiyi11 ($1.85 in chips) 
Seat 2: Lorpugo ($2.19 in chips) 
Seat 3: Skagenui Lenni ($1.38 in chips) 
Seat 5: Aceheart13 ($2.74 in chips) 
Seat 6: clubber_ba ($2.62 in chips) 
Lorpugo: posts small blind $0.01
Skagenui Lenni: posts big blind $0.02
*** HOLE CARDS ***
Dealt to Lorpugo [2s 6h]
Aceheart13: calls $0.02
clubber_ba: folds 
luiyi11: calls $0.02
Lorpugo: folds 
Skagenui Lenni: checks 
*** FLOP *** [7d Kc 6s]
Skagenui Lenni: checks 
Aceheart13: checks 
luiyi11: checks 
*** TURN *** [7d Kc 6s] [8h]
Skagenui Lenni: checks 
Aceheart13: bets $0.04
luiyi11: folds 
Skagenui Lenni: calls $0.04
*** RIVER *** [7d Kc 6s 8h] [3c]
Skagenui Lenni: checks 
Aceheart13: checks 
*** SHOW DOWN ***
Skagenui Lenni: shows [7c Jd] (a pair of Sevens)
Aceheart13: mucks hand 
Skagenui Lenni collected $0.14 from pot
*** SUMMARY ***
Total pot $0.15 | Rake $0.01 
Board [7d Kc 6s 8h 3c]
Seat 1: luiyi11 (button) folded on the Turn
Seat 2: Lorpugo (small blind) folded before Flop
Seat 3: Skagenui Lenni (big blind) showed [7c Jd] and won ($0.14) with a pair of Sevens
Seat 5: Aceheart13 mucked [Ad 5d]
Seat 6: clubber_ba folded before Flop (didn't bet)



PokerStars Hand #240644161789:  Hold'em No Limit ($0.01/$0.02 USD) - 2022/12/23 13:27:42 ET
Table 'Lundia II' 6-max Seat #2 is the button
Seat 1: luiyi11 ($1.83 in chips) 
Seat 2: Lorpugo ($2.18 in chips) 
Seat 3: Skagenui Lenni ($1.46 in chips) 
Seat 5: Aceheart13 ($2.68 in chips) 
Seat 6: clubber_ba ($2.62 in chips) 
Skagenui Lenni: posts small blind $0.01
Aceheart13: posts big blind $0.02
*** HOLE CARDS ***
Dealt to Lorpugo [Js Tc]
clubber_ba: folds 
luiyi11: folds 
Lorpugo: raises $0.04 to $0.06
Skagenui Lenni: folds 
Aceheart13: folds 
Uncalled bet ($0.04) returned to Lorpugo
Lorpugo collected $0.05 from pot
Lorpugo: doesn't show hand 
*** SUMMARY ***
Total pot $0.05 | Rake $0 
Seat 1: luiyi11 folded before Flop (didn't bet)
Seat 2: Lorpugo (button) collected ($0.05)
Seat 3: Skagenui Lenni (small blind) folded before Flop
Seat 5: Aceheart13 (big blind) folded before Flop
Seat 6: clubber_ba folded before Flop (didn't bet)



PokerStars Hand #240644166475:  Hold'em No Limit ($0.01/$0.02 USD) - 2022/12/23 13:27:55 ET
Table 'Lundia II' 6-max Seat #3 is the button
Seat 1: luiyi11 ($1.83 in chips) 
Seat 2: Lorpugo ($2.21 in chips) 
Seat 3: Skagenui Lenni ($1.45 in chips) 
Seat 5: Aceheart13 ($2.66 in chips) 
Seat 6: clubber_ba ($2.62 in chips) 
Aceheart13: posts small blind $0.01
clubber_ba: posts big blind $0.02
*** HOLE CARDS ***
Dealt to Lorpugo [8c 6c]
luiyi11 has timed out
luiyi11: folds 
Lorpugo: raises $0.04 to $0.06
Skagenui Lenni: folds 
Aceheart13: calls $0.05
clubber_ba: folds 
*** FLOP *** [Jh Qc 4h]
Aceheart13: checks 
Lorpugo: checks 
*** TURN *** [Jh Qc 4h] [2h]
Aceheart13: bets $0.04
Lorpugo: folds 
Uncalled bet ($0.04) returned to Aceheart13
Aceheart13 collected $0.14 from pot
*** SUMMARY ***
Total pot $0.14 | Rake $0 
Board [Jh Qc 4h 2h]
Seat 1: luiyi11 folded before Flop (didn't bet)
Seat 2: Lorpugo folded on the Turn
Seat 3: Skagenui Lenni (button) folded before Flop (didn't bet)
Seat 5: Aceheart13 (small blind) collected ($0.14)
Seat 6: clubber_ba (big blind) folded before Flop



PokerStars Hand #240644181396:  Hold'em No Limit ($0.01/$0.02 USD) - 2022/12/23 13:28:38 ET
Table 'Lundia II' 6-max Seat #5 is the button
Seat 1: luiyi11 ($1.83 in chips) 
Seat 2: Lorpugo ($2.15 in chips) 
Seat 3: Skagenui Lenni ($1.45 in chips) 
Seat 5: Aceheart13 ($2.74 in chips) 
Seat 6: clubber_ba ($2.60 in chips) 
clubber_ba: posts small blind $0.01
luiyi11: posts big blind $0.02
*** HOLE CARDS ***
Dealt to Lorpugo [Qh Jd]
Lorpugo: raises $0.04 to $0.06
Skagenui Lenni: folds 
Aceheart13: folds 
clubber_ba: folds 
luiyi11: folds 
Uncalled bet ($0.04) returned to Lorpugo
Lorpugo collected $0.05 from pot
Lorpugo: doesn't show hand 
*** SUMMARY ***
Total pot $0.05 | Rake $0 
Seat 1: luiyi11 (big blind) folded before Flop
Seat 2: Lorpugo collected ($0.05)
Seat 3: Skagenui Lenni folded before Flop (didn't bet)
Seat 5: Aceheart13 (button) folded before Flop (didn't bet)
Seat 6: clubber_ba (small blind) folded before Flop



PokerStars Hand #240644186349:  Hold'em No Limit ($0.01/$0.02 USD) - 2022/12/23 13:28:53 ET
Table 'Lundia II' 6-max Seat #6 is the button
Seat 1: luiyi11 ($1.81 in chips) 
Seat 2: Lorpugo ($2.18 in chips) 
Seat 3: Skagenui Lenni ($1.45 in chips) 
Seat 5: Aceheart13 ($2.74 in chips) 
Seat 6: clubber_ba ($2.59 in chips) 
luiyi11: posts small blind $0.01
Lorpugo: posts big blind $0.02
*** HOLE CARDS ***
Dealt to Lorpugo [9s 6c]
NorganNoyors leaves the table
Skagenui Lenni: raises $0.04 to $0.06
Aceheart13: folds 
clubber_ba: folds 
luiyi11: folds 
Lorpugo: folds 
Uncalled bet ($0.04) returned to Skagenui Lenni
Skagenui Lenni collected $0.05 from pot
Skagenui Lenni: doesn't show hand 
*** SUMMARY ***
Total pot $0.05 | Rake $0 
Seat 1: luiyi11 (small blind) folded before Flop
Seat 2: Lorpugo (big blind) folded before Flop
Seat 3: Skagenui Lenni collected ($0.05)
Seat 5: Aceheart13 folded before Flop (didn't bet)
Seat 6: clubber_ba (button) folded before Flop (didn't bet)



PokerStars Hand #240644191315:  Hold'em No Limit ($0.01/$0.02 USD) - 2022/12/23 13:29:07 ET
Table 'Lundia II' 6-max Seat #1 is the button
Seat 1: luiyi11 ($1.80 in chips) 
Seat 2: Lorpugo ($2.16 in chips) 
Seat 3: Skagenui Lenni ($1.48 in chips) 
Seat 5: Aceheart13 ($2.74 in chips) 
Seat 6: clubber_ba ($2.59 in chips) 
Lorpugo: posts small blind $0.01
Skagenui Lenni: posts big blind $0.02
*** HOLE CARDS ***
Dealt to Lorpugo [9s 3s]
Aceheart13: folds 
clubber_ba: folds 
luiyi11: calls $0.02
Lorpugo: folds 
Skagenui Lenni: checks 
*** FLOP *** [5c 5d 7d]
Skagenui Lenni: checks 
luiyi11: checks 
*** TURN *** [5c 5d 7d] [As]
Skagenui Lenni: checks 
luiyi11: bets $0.06
Skagenui Lenni: folds 
Uncalled bet ($0.06) returned to luiyi11
luiyi11 collected $0.05 from pot
*** SUMMARY ***
Total pot $0.05 | Rake $0 
Board [5c 5d 7d As]
Seat 1: luiyi11 (button) collected ($0.05)
Seat 2: Lorpugo (small blind) folded before Flop
Seat 3: Skagenui Lenni (big blind) folded on the Turn
Seat 5: Aceheart13 folded before Flop (didn't bet)
Seat 6: clubber_ba folded before Flop (didn't bet)



PokerStars Hand #240644206685:  Hold'em No Limit ($0.01/$0.02 USD) - 2022/12/23 13:29:52 ET
Table 'Lundia II' 6-max Seat #2 is the button
Seat 1: luiyi11 ($1.83 in chips) 
Seat 2: Lorpugo ($2.15 in chips) 
Seat 3: Skagenui Lenni ($1.46 in chips) 
Seat 5: Aceheart13 ($2.74 in chips) 
Seat 6: clubber_ba ($2.59 in chips) 
Skagenui Lenni: posts small blind $0.01
Aceheart13: posts big blind $0.02
*** HOLE CARDS ***
Dealt to Lorpugo [Ks Jc]
escplayer joins the table at seat #4 
clubber_ba: folds 
luiyi11: calls $0.02
Lorpugo: raises $0.08 to $0.10
Skagenui Lenni: folds 
Aceheart13: folds 
luiyi11: calls $0.08
*** FLOP *** [8d Ah 3s]
luiyi11: checks 
Lorpugo: bets $0.11
luiyi11: folds 
Uncalled bet ($0.11) returned to Lorpugo
Lorpugo collected $0.22 from pot
Lorpugo: doesn't show hand 
*** SUMMARY ***
Total pot $0.23 | Rake $0.01 
Board [8d Ah 3s]
Seat 1: luiyi11 folded on the Flop
Seat 2: Lorpugo (button) collected ($0.22)
Seat 3: Skagenui Lenni (small blind) folded before Flop
Seat 5: Aceheart13 (big blind) folded before Flop
Seat 6: clubber_ba folded before Flop (didn't bet)



PokerStars Hand #240644218248:  Hold'em No Limit ($0.01/$0.02 USD) - 2022/12/23 13:30:24 ET
Table 'Lundia II' 6-max Seat #3 is the button
Seat 1: luiyi11 ($1.73 in chips) 
Seat 2: Lorpugo ($2.27 in chips) 
Seat 3: Skagenui Lenni ($1.45 in chips) 
Seat 5: Aceheart13 ($2.72 in chips) 
Seat 6: clubber_ba ($2.59 in chips) 
Aceheart13: posts small blind $0.01
clubber_ba: posts big blind $0.02
*** HOLE CARDS ***
Dealt to Lorpugo [Kc Th]
luiyi11: calls $0.02
Lorpugo: folds 
Skagenui Lenni has timed out
Skagenui Lenni: folds 
Aceheart13: calls $0.01
clubber_ba: checks 
*** FLOP *** [3s Ac 6d]
Aceheart13: checks 
clubber_ba: bets $0.04
luiyi11: folds 
Aceheart13: folds 
Uncalled bet ($0.04) returned to clubber_ba
clubber_ba collected $0.06 from pot
clubber_ba: doesn't show hand 
*** SUMMARY ***
Total pot $0.06 | Rake $0 
Board [3s Ac 6d]
Seat 1: luiyi11 folded on the Flop
Seat 2: Lorpugo folded before Flop (didn't bet)
Seat 3: Skagenui Lenni (button) folded before Flop (didn't bet)
Seat 5: Aceheart13 (small blind) folded on the Flop
Seat 6: clubber_ba (big blind) collected ($0.06)



PokerStars Hand #240644233814:  Hold'em No Limit ($0.01/$0.02 USD) - 2022/12/23 13:31:08 ET
Table 'Lundia II' 6-max Seat #5 is the button
Seat 1: luiyi11 ($1.71 in chips) 
Seat 2: Lorpugo ($2.27 in chips) 
Seat 3: Skagenui Lenni ($1.45 in chips) 
Seat 4: escplayer ($2 in chips) 
Seat 5: Aceheart13 ($2.70 in chips) 
Seat 6: clubber_ba ($2.63 in chips) 
clubber_ba: posts small blind $0.01
luiyi11: posts big blind $0.02
escplayer: posts big blind $0.02
*** HOLE CARDS ***
Dealt to Lorpugo [8d 2d]
Lorpugo: folds 
Skagenui Lenni: folds 
escplayer: raises $0.04 to $0.06
Aceheart13: folds 
clubber_ba: folds 
luiyi11: folds 
Uncalled bet ($0.04) returned to escplayer
escplayer collected $0.05 from pot
*** SUMMARY ***
Total pot $0.05 | Rake $0 
Seat 1: luiyi11 (big blind) folded before Flop
Seat 2: Lorpugo folded before Flop (didn't bet)
Seat 3: Skagenui Lenni folded before Flop (didn't bet)
Seat 4: escplayer collected ($0.05)
Seat 5: Aceheart13 (button) folded before Flop (didn't bet)
Seat 6: clubber_ba (small blind) folded before Flop



PokerStars Hand #240644250934:  Hold'em No Limit ($0.01/$0.02 USD) - 2022/12/23 13:31:56 ET
Table 'Lundia II' 6-max Seat #6 is the button
Seat 1: luiyi11 ($1.69 in chips) 
Seat 2: Lorpugo ($2.27 in chips) 
Seat 3: Skagenui Lenni ($1.45 in chips) 
Seat 4: escplayer ($2.03 in chips) 
Seat 5: Aceheart13 ($2.70 in chips) 
Seat 6: clubber_ba ($2.62 in chips) 
luiyi11: posts small blind $0.01
Lorpugo: posts big blind $0.02
*** HOLE CARDS ***
Dealt to Lorpugo [5s 8c]
Skagenui Lenni: folds 
escplayer: folds 
Aceheart13: calls $0.02
clubber_ba: folds 
luiyi11: folds 
Lorpugo: checks 
*** FLOP *** [Kh 8s Ts]
Lorpugo: checks 
Aceheart13: bets $0.06
Lorpugo: calls $0.06
*** TURN *** [Kh 8s Ts] [3c]
Lorpugo: checks 
Aceheart13: checks 
*** RIVER *** [Kh 8s Ts 3c] [3s]
Lorpugo: checks 
Aceheart13: checks 
*** SHOW DOWN ***
Lorpugo: shows [5s 8c] (two pair, Eights and Threes)
Aceheart13: shows [Js 8h] (two pair, Eights and Threes)
Lorpugo collected $0.08 from pot
Aceheart13 collected $0.08 from pot
*** SUMMARY ***
Total pot $0.17 | Rake $0.01 
Board [Kh 8s Ts 3c 3s]
Seat 1: luiyi11 (small blind) folded before Flop
Seat 2: Lorpugo (big blind) showed [5s 8c] and won ($0.08) with two pair, Eights and Threes
Seat 3: Skagenui Lenni folded before Flop (didn't bet)
Seat 4: escplayer folded before Flop (didn't bet)
Seat 5: Aceheart13 showed [Js 8h] and won ($0.08) with two pair, Eights and Threes
Seat 6: clubber_ba (button) folded before Flop (didn't bet)



PokerStars Hand #240644266776:  Hold'em No Limit ($0.01/$0.02 USD) - 2022/12/23 13:32:40 ET
Table 'Lundia II' 6-max Seat #1 is the button
Seat 1: luiyi11 ($1.68 in chips) 
Seat 2: Lorpugo ($2.27 in chips) 
Seat 3: Skagenui Lenni ($1.45 in chips) 
Seat 4: escplayer ($2.03 in chips) 
Seat 5: Aceheart13 ($2.70 in chips) 
Seat 6: clubber_ba ($2.62 in chips) 
Lorpugo: posts small blind $0.01
Skagenui Lenni: posts big blind $0.02
*** HOLE CARDS ***
Dealt to Lorpugo [3h Ad]
escplayer: raises $0.02 to $0.04
Aceheart13: calls $0.04
clubber_ba: folds 
luiyi11: folds 
Lorpugo: folds 
Skagenui Lenni: calls $0.02
*** FLOP *** [5d 8d 6h]
Skagenui Lenni: checks 
escplayer: checks 
Aceheart13: bets $0.07
Skagenui Lenni: calls $0.07
escplayer: folds 
*** TURN *** [5d 8d 6h] [Qs]
Skagenui Lenni: checks 
Aceheart13: bets $0.09
Skagenui Lenni: calls $0.09
*** RIVER *** [5d 8d 6h Qs] [4d]
Skagenui Lenni: checks 
Aceheart13: checks 
*** SHOW DOWN ***
Skagenui Lenni: shows [6c Th] (a pair of Sixes)
Aceheart13: shows [8s Ac] (a pair of Eights)
Aceheart13 collected $0.43 from pot
*** SUMMARY ***
Total pot $0.45 | Rake $0.02 
Board [5d 8d 6h Qs 4d]
Seat 1: luiyi11 (button) folded before Flop (didn't bet)
Seat 2: Lorpugo (small blind) folded before Flop
Seat 3: Skagenui Lenni (big blind) showed [6c Th] and lost with a pair of Sixes
Seat 4: escplayer folded on the Flop
Seat 5: Aceheart13 showed [8s Ac] and won ($0.43) with a pair of Eights
Seat 6: clubber_ba folded before Flop (didn't bet)



PokerStars Hand #240644296581:  Hold'em No Limit ($0.01/$0.02 USD) - 2022/12/23 13:34:03 ET
Table 'Lundia II' 6-max Seat #2 is the button
Seat 1: luiyi11 ($1.68 in chips) 
Seat 2: Lorpugo ($2.26 in chips) 
Seat 3: Skagenui Lenni ($1.25 in chips) 
Seat 4: escplayer ($1.99 in chips) 
Seat 5: Aceheart13 ($2.93 in chips) 
Seat 6: clubber_ba ($2.62 in chips) 
Skagenui Lenni: posts small blind $0.01
escplayer: posts big blind $0.02
*** HOLE CARDS ***
Dealt to Lorpugo [3c As]
Aceheart13: folds 
clubber_ba: folds 
luiyi11: folds 
Lorpugo: raises $0.04 to $0.06
Skagenui Lenni: folds 
escplayer: calls $0.04
*** FLOP *** [5c 7h 3s]
Skagenui Lenni leaves the table
escplayer: bets $0.09
Lorpugo: calls $0.09
*** TURN *** [5c 7h 3s] [2s]
Baulöwe1958 joins the table at seat #3 
escplayer: bets $0.30
Lorpugo: folds 
Uncalled bet ($0.30) returned to escplayer
escplayer collected $0.30 from pot
*** SUMMARY ***
Total pot $0.31 | Rake $0.01 
Board [5c 7h 3s 2s]
Seat 1: luiyi11 folded before Flop (didn't bet)
Seat 2: Lorpugo (button) folded on the Turn
Seat 3: Skagenui Lenni (small blind) folded before Flop
Seat 4: escplayer (big blind) collected ($0.30)
Seat 5: Aceheart13 folded before Flop (didn't bet)
Seat 6: clubber_ba folded before Flop (didn't bet)



PokerStars Hand #240644312983:  Hold'em No Limit ($0.01/$0.02 USD) - 2022/12/23 13:34:49 ET
Table 'Lundia II' 6-max Seat #4 is the button
Seat 1: luiyi11 ($1.68 in chips) 
Seat 2: Lorpugo ($2.11 in chips) 
Seat 3: Baulöwe1958 ($1.60 in chips) 
Seat 4: escplayer ($2.14 in chips) 
Seat 5: Aceheart13 ($2.93 in chips) 
Seat 6: clubber_ba ($2.62 in chips) 
Aceheart13: posts small blind $0.01
clubber_ba: posts big blind $0.02
Baulöwe1958: posts big blind $0.02
*** HOLE CARDS ***
Dealt to Lorpugo [6c 5d]
luiyi11 has timed out
luiyi11: folds 
Lorpugo: folds 
Baulöwe1958: checks 
escplayer: raises $0.04 to $0.06
Aceheart13: folds 
clubber_ba: folds 
Baulöwe1958: folds 
Uncalled bet ($0.04) returned to escplayer
escplayer collected $0.07 from pot
*** SUMMARY ***
Total pot $0.07 | Rake $0 
Seat 1: luiyi11 folded before Flop (didn't bet)
Seat 2: Lorpugo folded before Flop (didn't bet)
Seat 3: Baulöwe1958 folded before Flop (didn't bet)
Seat 4: escplayer (button) collected ($0.07)
Seat 5: Aceheart13 (small blind) folded before Flop
Seat 6: clubber_ba (big blind) folded before Flop



PokerStars Hand #240644323180:  Hold'em No Limit ($0.01/$0.02 USD) - 2022/12/23 13:35:18 ET
Table 'Lundia II' 6-max Seat #5 is the button
Seat 2: Lorpugo ($2.11 in chips) 
Seat 3: Baulöwe1958 ($1.58 in chips) 
Seat 4: escplayer ($2.19 in chips) 
Seat 5: Aceheart13 ($2.92 in chips) 
Seat 6: clubber_ba ($2.60 in chips) 
clubber_ba: posts small blind $0.01
Lorpugo: posts big blind $0.02
*** HOLE CARDS ***
Dealt to Lorpugo [Ac Qc]
Baulöwe1958: folds 
escplayer: folds 
Aceheart13: folds 
clubber_ba: folds 
Uncalled bet ($0.01) returned to Lorpugo
Lorpugo collected $0.02 from pot
Lorpugo: doesn't show hand 
*** SUMMARY ***
Total pot $0.02 | Rake $0 
Seat 2: Lorpugo (big blind) collected ($0.02)
Seat 3: Baulöwe1958 folded before Flop (didn't bet)
Seat 4: escplayer folded before Flop (didn't bet)
Seat 5: Aceheart13 (button) folded before Flop (didn't bet)
Seat 6: clubber_ba (small blind) folded before Flop



PokerStars Hand #240644328403:  Hold'em No Limit ($0.01/$0.02 USD) - 2022/12/23 13:35:32 ET
Table 'Lundia II' 6-max Seat #6 is the button
Seat 2: Lorpugo ($2.12 in chips) 
Seat 3: Baulöwe1958 ($1.58 in chips) 
Seat 4: escplayer ($2.19 in chips) 
Seat 5: Aceheart13 ($2.92 in chips) 
Seat 6: clubber_ba ($2.59 in chips) 
Lorpugo: posts small blind $0.01
Baulöwe1958: posts big blind $0.02
*** HOLE CARDS ***
Dealt to Lorpugo [Qh 8h]
escplayer: raises $0.04 to $0.06
Aceheart13: folds 
clubber_ba: folds 
Lorpugo: folds 
Baulöwe1958: calls $0.04
*** FLOP *** [Kd 4d 2c]
Baulöwe1958: bets $0.02
escplayer: raises $0.06 to $0.08
Baulöwe1958: folds 
Uncalled bet ($0.06) returned to escplayer
escplayer collected $0.16 from pot
*** SUMMARY ***
Total pot $0.17 | Rake $0.01 
Board [Kd 4d 2c]
Seat 2: Lorpugo (small blind) folded before Flop
Seat 3: Baulöwe1958 (big blind) folded on the Flop
Seat 4: escplayer collected ($0.16)
Seat 5: Aceheart13 folded before Flop (didn't bet)
Seat 6: clubber_ba (button) folded before Flop (didn't bet)



PokerStars Hand #240644342481:  Hold'em No Limit ($0.01/$0.02 USD) - 2022/12/23 13:36:11 ET
Table 'Lundia II' 6-max Seat #2 is the button
Seat 2: Lorpugo ($2.11 in chips) 
Seat 3: Baulöwe1958 ($1.50 in chips) 
Seat 4: escplayer ($2.27 in chips) 
Seat 5: Aceheart13 ($2.92 in chips) 
Seat 6: clubber_ba ($2.59 in chips) 
Baulöwe1958: posts small blind $0.01
escplayer: posts big blind $0.02
*** HOLE CARDS ***
Dealt to Lorpugo [Ad 7h]
Aceheart13: calls $0.02
clubber_ba: folds 
Lorpugo: raises $0.08 to $0.10
Baulöwe1958: folds 
escplayer: folds 
Aceheart13: folds 
Uncalled bet ($0.08) returned to Lorpugo
Lorpugo collected $0.07 from pot
Lorpugo: doesn't show hand 
*** SUMMARY ***
Total pot $0.07 | Rake $0 
Seat 2: Lorpugo (button) collected ($0.07)
Seat 3: Baulöwe1958 (small blind) folded before Flop
Seat 4: escplayer (big blind) folded before Flop
Seat 5: Aceheart13 folded before Flop
Seat 6: clubber_ba folded before Flop (didn't bet)



PokerStars Hand #240644348681:  Hold'em No Limit ($0.01/$0.02 USD) - 2022/12/23 13:36:28 ET
Table 'Lundia II' 6-max Seat #3 is the button
Seat 2: Lorpugo ($2.16 in chips) 
Seat 3: Baulöwe1958 ($1.49 in chips) 
Seat 4: escplayer ($2.25 in chips) 
Seat 5: Aceheart13 ($2.90 in chips) 
Seat 6: clubber_ba ($2.59 in chips) 
escplayer: posts small blind $0.01
Aceheart13: posts big blind $0.02
*** HOLE CARDS ***
Dealt to Lorpugo [Td 5h]
clubber_ba: folds 
Lorpugo: folds 
Baulöwe1958: calls $0.02
escplayer: raises $0.02 to $0.04
Aceheart13: calls $0.02
Baulöwe1958: calls $0.02
*** FLOP *** [Ac Th Qd]
escplayer: bets $0.06
Aceheart13: folds 
Baulöwe1958: calls $0.06
*** TURN *** [Ac Th Qd] [Ks]
escplayer: bets $0.12
Baulöwe1958: raises $1.27 to $1.39 and is all-in
escplayer: folds 
Uncalled bet ($1.27) returned to Baulöwe1958
Baulöwe1958 collected $0.46 from pot
*** SUMMARY ***
Total pot $0.48 | Rake $0.02 
Board [Ac Th Qd Ks]
Seat 2: Lorpugo folded before Flop (didn't bet)
Seat 3: Baulöwe1958 (button) collected ($0.46)
Seat 4: escplayer (small blind) folded on the Turn
Seat 5: Aceheart13 (big blind) folded on the Flop
Seat 6: clubber_ba folded before Flop (didn't bet)



PokerStars Hand #240644372166:  Hold'em No Limit ($0.01/$0.02 USD) - 2022/12/23 13:37:33 ET
Table 'Lundia II' 6-max Seat #4 is the button
Seat 1: luiyi11 ($1.68 in chips) 
Seat 2: Lorpugo ($2.16 in chips) 
Seat 3: Baulöwe1958 ($1.73 in chips) 
Seat 4: escplayer ($2.03 in chips) 
Seat 5: Aceheart13 ($2.86 in chips) 
Seat 6: clubber_ba ($2.59 in chips) 
Aceheart13: posts small blind $0.01
clubber_ba: posts big blind $0.02
luiyi11: posts small & big blinds $0.03
*** HOLE CARDS ***
Dealt to Lorpugo [Tc 3d]
luiyi11: checks 
Lorpugo: folds 
Baulöwe1958: folds 
escplayer: raises $0.08 to $0.10
Aceheart13: folds 
clubber_ba: folds 
luiyi11: folds 
Uncalled bet ($0.08) returned to escplayer
escplayer collected $0.08 from pot
*** SUMMARY ***
Total pot $0.08 | Rake $0 
Seat 1: luiyi11 folded before Flop (didn't bet)
Seat 2: Lorpugo folded before Flop (didn't bet)
Seat 3: Baulöwe1958 folded before Flop (didn't bet)
Seat 4: escplayer (button) collected ($0.08)
Seat 5: Aceheart13 (small blind) folded before Flop
Seat 6: clubber_ba (big blind) folded before Flop



PokerStars Hand #240644379901:  Hold'em No Limit ($0.01/$0.02 USD) - 2022/12/23 13:37:55 ET
Table 'Lundia II' 6-max Seat #5 is the button
Seat 1: luiyi11 ($1.65 in chips) 
Seat 2: Lorpugo ($2.16 in chips) 
Seat 3: Baulöwe1958 ($1.73 in chips) 
Seat 4: escplayer ($2.09 in chips) 
Seat 5: Aceheart13 ($2.85 in chips) 
Seat 6: clubber_ba ($2.57 in chips) 
clubber_ba: posts small blind $0.01
luiyi11: posts big blind $0.02
*** HOLE CARDS ***
Dealt to Lorpugo [As 6c]
Lorpugo: folds 
Baulöwe1958: folds 
escplayer: folds 
Aceheart13: raises $0.02 to $0.04
clubber_ba: folds 
luiyi11: folds 
Uncalled bet ($0.02) returned to Aceheart13
Aceheart13 collected $0.05 from pot
*** SUMMARY ***
Total pot $0.05 | Rake $0 
Seat 1: luiyi11 (big blind) folded before Flop
Seat 2: Lorpugo folded before Flop (didn't bet)
Seat 3: Baulöwe1958 folded before Flop (didn't bet)
Seat 4: escplayer folded before Flop (didn't bet)
Seat 5: Aceheart13 (button) collected ($0.05)
Seat 6: clubber_ba (small blind) folded before Flop



PokerStars Hand #240644385218:  Hold'em No Limit ($0.01/$0.02 USD) - 2022/12/23 13:38:10 ET
Table 'Lundia II' 6-max Seat #6 is the button
Seat 1: luiyi11 ($1.63 in chips) 
Seat 2: Lorpugo ($2.16 in chips) 
Seat 3: Baulöwe1958 ($1.73 in chips) 
Seat 4: escplayer ($2.09 in chips) 
Seat 5: Aceheart13 ($2.88 in chips) 
Seat 6: clubber_ba ($2.56 in chips) 
luiyi11: posts small blind $0.01
Lorpugo: posts big blind $0.02
*** HOLE CARDS ***
Dealt to Lorpugo [Td 5c]
Baulöwe1958: calls $0.02
escplayer: raises $0.04 to $0.06
Aceheart13: folds 
clubber_ba: folds 
luiyi11: folds 
Lorpugo: folds 
Baulöwe1958: calls $0.04
*** FLOP *** [8d 6d Ks]
Baulöwe1958: checks 
escplayer: bets $0.09
Baulöwe1958: folds 
Uncalled bet ($0.09) returned to escplayer
escplayer collected $0.14 from pot
*** SUMMARY ***
Total pot $0.15 | Rake $0.01 
Board [8d 6d Ks]
Seat 1: luiyi11 (small blind) folded before Flop
Seat 2: Lorpugo (big blind) folded before Flop
Seat 3: Baulöwe1958 folded on the Flop
Seat 4: escplayer collected ($0.14)
Seat 5: Aceheart13 folded before Flop (didn't bet)
Seat 6: clubber_ba (button) folded before Flop (didn't bet)



PokerStars Hand #240644403327:  Hold'em No Limit ($0.01/$0.02 USD) - 2022/12/23 13:39:00 ET
Table 'Lundia II' 6-max Seat #1 is the button
Seat 1: luiyi11 ($1.62 in chips) 
Seat 2: Lorpugo ($2.14 in chips) 
Seat 3: Baulöwe1958 ($1.67 in chips) 
Seat 4: escplayer ($2.17 in chips) 
Seat 5: Aceheart13 ($2.88 in chips) 
Seat 6: clubber_ba ($2.56 in chips) 
Lorpugo: posts small blind $0.01
Baulöwe1958: posts big blind $0.02
*** HOLE CARDS ***
Dealt to Lorpugo [Th Ah]
escplayer: raises $0.06 to $0.08
Aceheart13: folds 
clubber_ba: folds 
luiyi11: folds 
Lorpugo: calls $0.07
Baulöwe1958: folds 
*** FLOP *** [3s 6h Js]
Lorpugo: checks 
escplayer: bets $0.11
Lorpugo: calls $0.11
*** TURN *** [3s 6h Js] [4c]
Lorpugo: checks 
escplayer: bets $0.41
Lorpugo: folds 
Uncalled bet ($0.41) returned to escplayer
escplayer collected $0.39 from pot
*** SUMMARY ***
Total pot $0.40 | Rake $0.01 
Board [3s 6h Js 4c]
Seat 1: luiyi11 (button) folded before Flop (didn't bet)
Seat 2: Lorpugo (small blind) folded on the Turn
Seat 3: Baulöwe1958 (big blind) folded before Flop
Seat 4: escplayer collected ($0.39)
Seat 5: Aceheart13 folded before Flop (didn't bet)
Seat 6: clubber_ba folded before Flop (didn't bet)



PokerStars Hand #240644423534:  Hold'em No Limit ($0.01/$0.02 USD) - 2022/12/23 13:39:56 ET
Table 'Lundia II' 6-max Seat #2 is the button
Seat 1: luiyi11 ($1.62 in chips) 
Seat 2: Lorpugo ($1.95 in chips) 
Seat 3: Baulöwe1958 ($1.65 in chips) 
Seat 4: escplayer ($2.37 in chips) 
Seat 5: Aceheart13 ($2.88 in chips) 
Seat 6: clubber_ba ($2.56 in chips) 
Baulöwe1958: posts small blind $0.01
escplayer: posts big blind $0.02
*** HOLE CARDS ***
Dealt to Lorpugo [Ac 8c]
Aceheart13: folds 
clubber_ba: folds 
luiyi11: calls $0.02
Lorpugo: raises $0.08 to $0.10
Baulöwe1958: folds 
escplayer: folds 
luiyi11: folds 
Uncalled bet ($0.08) returned to Lorpugo
Lorpugo collected $0.07 from pot
Lorpugo: doesn't show hand 
*** SUMMARY ***
Total pot $0.07 | Rake $0 
Seat 1: luiyi11 folded before Flop
Seat 2: Lorpugo (button) collected ($0.07)
Seat 3: Baulöwe1958 (small blind) folded before Flop
Seat 4: escplayer (big blind) folded before Flop
Seat 5: Aceheart13 folded before Flop (didn't bet)
Seat 6: clubber_ba folded before Flop (didn't bet)



PokerStars Hand #240644432709:  Hold'em No Limit ($0.01/$0.02 USD) - 2022/12/23 13:40:21 ET
Table 'Lundia II' 6-max Seat #3 is the button
Seat 1: luiyi11 ($1.60 in chips) 
Seat 2: Lorpugo ($2 in chips) 
Seat 3: Baulöwe1958 ($1.64 in chips) 
Seat 4: escplayer ($2.35 in chips) 
Seat 5: Aceheart13 ($2.88 in chips) 
Seat 6: clubber_ba ($2.56 in chips) 
escplayer: posts small blind $0.01
Aceheart13: posts big blind $0.02
*** HOLE CARDS ***
Dealt to Lorpugo [7h 4c]
clubber_ba: folds 
luiyi11: folds 
Lorpugo: folds 
Baulöwe1958: calls $0.02
escplayer: raises $0.02 to $0.04
Aceheart13: calls $0.02
Baulöwe1958: calls $0.02
*** FLOP *** [4d 9c Ad]
escplayer: bets $0.06
Aceheart13: folds 
Baulöwe1958: folds 
Uncalled bet ($0.06) returned to escplayer
escplayer collected $0.12 from pot
*** SUMMARY ***
Total pot $0.12 | Rake $0 
Board [4d 9c Ad]
Seat 1: luiyi11 folded before Flop (didn't bet)
Seat 2: Lorpugo folded before Flop (didn't bet)
Seat 3: Baulöwe1958 (button) folded on the Flop
Seat 4: escplayer (small blind) collected ($0.12)
Seat 5: Aceheart13 (big blind) folded on the Flop
Seat 6: clubber_ba folded before Flop (didn't bet)



PokerStars Hand #240644447950:  Hold'em No Limit ($0.01/$0.02 USD) - 2022/12/23 13:41:04 ET
Table 'Lundia II' 6-max Seat #4 is the button
Seat 1: luiyi11 ($1.60 in chips) 
Seat 2: Lorpugo ($2 in chips) 
Seat 3: Baulöwe1958 ($1.60 in chips) 
Seat 4: escplayer ($2.43 in chips) 
Seat 5: Aceheart13 ($2.84 in chips) 
Seat 6: clubber_ba ($2.56 in chips) 
Aceheart13: posts small blind $0.01
clubber_ba: posts big blind $0.02
*** HOLE CARDS ***
Dealt to Lorpugo [4s As]
luiyi11: folds 
Lorpugo: raises $0.04 to $0.06
Baulöwe1958: folds 
escplayer: folds 
Aceheart13: folds 
escplayer leaves the table
clubber_ba: folds 
Uncalled bet ($0.04) returned to Lorpugo
Lorpugo collected $0.05 from pot
Lorpugo: doesn't show hand 
*** SUMMARY ***
Total pot $0.05 | Rake $0 
Seat 1: luiyi11 folded before Flop (didn't bet)
Seat 2: Lorpugo collected ($0.05)
Seat 3: Baulöwe1958 folded before Flop (didn't bet)
Seat 4: escplayer (button) folded before Flop (didn't bet)
Seat 5: Aceheart13 (small blind) folded before Flop
Seat 6: clubber_ba (big blind) folded before Flop



PokerStars Hand #240644455174:  Hold'em No Limit ($0.01/$0.02 USD) - 2022/12/23 13:41:24 ET
Table 'Lundia II' 6-max Seat #5 is the button
Seat 1: luiyi11 ($1.60 in chips) 
Seat 2: Lorpugo ($2.03 in chips) 
Seat 3: Baulöwe1958 ($1.60 in chips) 
Seat 5: Aceheart13 ($2.83 in chips) 
Seat 6: clubber_ba ($2.54 in chips) 
clubber_ba: posts small blind $0.01
luiyi11: posts big blind $0.02
*** HOLE CARDS ***
Dealt to Lorpugo [Kd 7s]
Lorpugo: folds 
Baulöwe1958: folds 
GrayB92 joins the table at seat #4 
Aceheart13: calls $0.02
clubber_ba: folds 
luiyi11: checks 
*** FLOP *** [5c 7c Tc]
luiyi11: checks 
Aceheart13: bets $0.03
luiyi11: calls $0.03
*** TURN *** [5c 7c Tc] [Kh]
luiyi11: checks 
Aceheart13: checks 
*** RIVER *** [5c 7c Tc Kh] [Jh]
luiyi11: bets $0.08
Aceheart13: folds 
Uncalled bet ($0.08) returned to luiyi11
luiyi11 collected $0.11 from pot
*** SUMMARY ***
Total pot $0.11 | Rake $0 
Board [5c 7c Tc Kh Jh]
Seat 1: luiyi11 (big blind) collected ($0.11)
Seat 2: Lorpugo folded before Flop (didn't bet)
Seat 3: Baulöwe1958 folded before Flop (didn't bet)
Seat 5: Aceheart13 (button) folded on the River
Seat 6: clubber_ba (small blind) folded before Flop



PokerStars Hand #240644472000:  Hold'em No Limit ($0.01/$0.02 USD) - 2022/12/23 13:42:10 ET
Table 'Lundia II' 6-max Seat #6 is the button
Seat 1: luiyi11 ($1.66 in chips) 
Seat 2: Lorpugo ($2.03 in chips) 
Seat 3: Baulöwe1958 ($1.60 in chips) 
Seat 5: Aceheart13 ($2.78 in chips) 
Seat 6: clubber_ba ($2.53 in chips) 
luiyi11: posts small blind $0.01
Lorpugo: posts big blind $0.02
*** HOLE CARDS ***
Dealt to Lorpugo [Ad Kh]
Baulöwe1958: folds 
Aceheart13: calls $0.02
clubber_ba: folds 
luiyi11: calls $0.01
Lorpugo: raises $0.08 to $0.10
Aceheart13: folds 
luiyi11: folds 
Uncalled bet ($0.08) returned to Lorpugo
Lorpugo collected $0.06 from pot
Lorpugo: doesn't show hand 
*** SUMMARY ***
Total pot $0.06 | Rake $0 
Seat 1: luiyi11 (small blind) folded before Flop
Seat 2: Lorpugo (big blind) collected ($0.06)
Seat 3: Baulöwe1958 folded before Flop (didn't bet)
Seat 5: Aceheart13 folded before Flop
Seat 6: clubber_ba (button) folded before Flop (didn't bet)



PokerStars Hand #240644479652:  Hold'em No Limit ($0.01/$0.02 USD) - 2022/12/23 13:42:32 ET
Table 'Lundia II' 6-max Seat #1 is the button
Seat 1: luiyi11 ($1.64 in chips) 
Seat 2: Lorpugo ($2.07 in chips) 
Seat 3: Baulöwe1958 ($1.60 in chips) 
Seat 4: GrayB92 ($1.60 in chips) 
Seat 5: Aceheart13 ($2.76 in chips) 
Seat 6: clubber_ba ($2.53 in chips) 
Lorpugo: posts small blind $0.01
Baulöwe1958: posts big blind $0.02
GrayB92: posts big blind $0.02
*** HOLE CARDS ***
Dealt to Lorpugo [3s 2c]
GrayB92: checks 
Aceheart13: folds 
clubber_ba: raises $0.06 to $0.08
luiyi11: folds 
Lorpugo: folds 
Baulöwe1958: folds 
GrayB92: calls $0.06
*** FLOP *** [3c Th Td]
GrayB92: checks 
clubber_ba: bets $0.10
GrayB92: calls $0.10
*** TURN *** [3c Th Td] [5c]
GrayB92: checks 
clubber_ba: checks 
*** RIVER *** [3c Th Td 5c] [Tc]
GrayB92: checks 
clubber_ba: checks 
*** SHOW DOWN ***
GrayB92: shows [9h 8c] (three of a kind, Tens)
clubber_ba: shows [Kc Qd] (three of a kind, Tens - King kicker)
clubber_ba collected $0.38 from pot
*** SUMMARY ***
Total pot $0.39 | Rake $0.01 
Board [3c Th Td 5c Tc]
Seat 1: luiyi11 (button) folded before Flop (didn't bet)
Seat 2: Lorpugo (small blind) folded before Flop
Seat 3: Baulöwe1958 (big blind) folded before Flop
Seat 4: GrayB92 showed [9h 8c] and lost with three of a kind, Tens
Seat 5: Aceheart13 folded before Flop (didn't bet)
Seat 6: clubber_ba showed [Kc Qd] and won ($0.38) with three of a kind, Tens



PokerStars Hand #240644492701:  Hold'em No Limit ($0.01/$0.02 USD) - 2022/12/23 13:43:07 ET
Table 'Lundia II' 6-max Seat #2 is the button
Seat 1: luiyi11 ($1.64 in chips) 
Seat 2: Lorpugo ($2.06 in chips) 
Seat 3: Baulöwe1958 ($1.58 in chips) 
Seat 4: GrayB92 ($1.42 in chips) 
Seat 5: Aceheart13 ($2.76 in chips) 
Seat 6: clubber_ba ($2.73 in chips) 
Baulöwe1958: posts small blind $0.01
GrayB92: posts big blind $0.02
*** HOLE CARDS ***
Dealt to Lorpugo [8s 6d]
Aceheart13: folds 
clubber_ba: folds 
luiyi11: folds 
Lorpugo: raises $0.04 to $0.06
Baulöwe1958: folds 
GrayB92: calls $0.04
*** FLOP *** [As 2h 9d]
GrayB92: checks 
Lorpugo: bets $0.04
GrayB92: folds 
Uncalled bet ($0.04) returned to Lorpugo
Lorpugo collected $0.13 from pot
Lorpugo: doesn't show hand 
*** SUMMARY ***
Total pot $0.13 | Rake $0 
Board [As 2h 9d]
Seat 1: luiyi11 folded before Flop (didn't bet)
Seat 2: Lorpugo (button) collected ($0.13)
Seat 3: Baulöwe1958 (small blind) folded before Flop
Seat 4: GrayB92 (big blind) folded on the Flop
Seat 5: Aceheart13 folded before Flop (didn't bet)
Seat 6: clubber_ba folded before Flop (didn't bet)



PokerStars Hand #240644501731:  Hold'em No Limit ($0.01/$0.02 USD) - 2022/12/23 13:43:32 ET
Table 'Lundia II' 6-max Seat #3 is the button
Seat 1: luiyi11 ($1.64 in chips) 
Seat 2: Lorpugo ($2.13 in chips) 
Seat 3: Baulöwe1958 ($1.57 in chips) 
Seat 4: GrayB92 ($1.36 in chips) 
Seat 5: Aceheart13 ($2.76 in chips) 
Seat 6: clubber_ba ($2.73 in chips) 
GrayB92: posts small blind $0.01
Aceheart13: posts big blind $0.02
*** HOLE CARDS ***
Dealt to Lorpugo [6h 2s]
clubber_ba: folds 
luiyi11: folds 
Lorpugo: folds 
Baulöwe1958: folds 
GrayB92: calls $0.01
Aceheart13: checks 
*** FLOP *** [7c Kd Ah]
GrayB92: checks 
Aceheart13: checks 
*** TURN *** [7c Kd Ah] [Qs]
GrayB92: checks 
Aceheart13: bets $0.06
GrayB92: folds 
Uncalled bet ($0.06) returned to Aceheart13
Aceheart13 collected $0.04 from pot
*** SUMMARY ***
Total pot $0.04 | Rake $0 
Board [7c Kd Ah Qs]
Seat 1: luiyi11 folded before Flop (didn't bet)
Seat 2: Lorpugo folded before Flop (didn't bet)
Seat 3: Baulöwe1958 (button) folded before Flop (didn't bet)
Seat 4: GrayB92 (small blind) folded on the Turn
Seat 5: Aceheart13 (big blind) collected ($0.04)
Seat 6: clubber_ba folded before Flop (didn't bet)



PokerStars Hand #240644515873:  Hold'em No Limit ($0.01/$0.02 USD) - 2022/12/23 13:44:12 ET
Table 'Lundia II' 6-max Seat #4 is the button
Seat 2: Lorpugo ($2.13 in chips) 
Seat 3: Baulöwe1958 ($1.57 in chips) 
Seat 4: GrayB92 ($1.34 in chips) 
Seat 5: Aceheart13 ($2.78 in chips) 
Seat 6: clubber_ba ($2.73 in chips) 
Aceheart13: posts small blind $0.01
clubber_ba: posts big blind $0.02
*** HOLE CARDS ***
Dealt to Lorpugo [7h Ac]
Lorpugo: raises $0.04 to $0.06
Baulöwe1958: folds 
GrayB92: raises $1.28 to $1.34 and is all-in
Aceheart13: folds 
clubber_ba: folds 
Lorpugo: folds 
Uncalled bet ($1.28) returned to GrayB92
GrayB92 collected $0.15 from pot
*** SUMMARY ***
Total pot $0.15 | Rake $0 
Seat 2: Lorpugo folded before Flop
Seat 3: Baulöwe1958 folded before Flop (didn't bet)
Seat 4: GrayB92 (button) collected ($0.15)
Seat 5: Aceheart13 (small blind) folded before Flop
Seat 6: clubber_ba (big blind) folded before Flop



PokerStars Hand #240644521406:  Hold'em No Limit ($0.01/$0.02 USD) - 2022/12/23 13:44:27 ET
Table 'Lundia II' 6-max Seat #5 is the button
Seat 2: Lorpugo ($2.07 in chips) 
Seat 3: Baulöwe1958 ($1.57 in chips) 
Seat 4: GrayB92 ($1.43 in chips) 
Seat 5: Aceheart13 ($2.77 in chips) 
Seat 6: clubber_ba ($2.71 in chips) 
clubber_ba: posts small blind $0.01
Lorpugo: posts big blind $0.02
*** HOLE CARDS ***
Dealt to Lorpugo [2c 6d]
Baulöwe1958: folds 
GrayB92: raises $1.41 to $1.43 and is all-in
Aceheart13: folds 
clubber_ba: folds 
Lorpugo: folds 
Uncalled bet ($1.41) returned to GrayB92
GrayB92 collected $0.05 from pot
*** SUMMARY ***
Total pot $0.05 | Rake $0 
Seat 2: Lorpugo (big blind) folded before Flop
Seat 3: Baulöwe1958 folded before Flop (didn't bet)
Seat 4: GrayB92 collected ($0.05)
Seat 5: Aceheart13 (button) folded before Flop (didn't bet)
Seat 6: clubber_ba (small blind) folded before Flop



PokerStars Hand #240644526278:  Hold'em No Limit ($0.01/$0.02 USD) - 2022/12/23 13:44:41 ET
Table 'Lundia II' 6-max Seat #6 is the button
Seat 2: Lorpugo ($2.05 in chips) 
Seat 3: Baulöwe1958 ($1.57 in chips) 
Seat 4: GrayB92 ($1.46 in chips) 
Seat 5: Aceheart13 ($2.77 in chips) 
Seat 6: clubber_ba ($2.70 in chips) 
Lorpugo: posts small blind $0.01
Baulöwe1958: posts big blind $0.02
*** HOLE CARDS ***
Dealt to Lorpugo [2c 3s]
GrayB92: raises $1.44 to $1.46 and is all-in
Aceheart13: folds 
clubber_ba: folds 
Lorpugo: folds 
Baulöwe1958: folds 
Uncalled bet ($1.44) returned to GrayB92
GrayB92 collected $0.05 from pot
*** SUMMARY ***
Total pot $0.05 | Rake $0 
Seat 2: Lorpugo (small blind) folded before Flop
Seat 3: Baulöwe1958 (big blind) folded before Flop
Seat 4: GrayB92 collected ($0.05)
Seat 5: Aceheart13 folded before Flop (didn't bet)
Seat 6: clubber_ba (button) folded before Flop (didn't bet)



PokerStars Hand #240644530665:  Hold'em No Limit ($0.01/$0.02 USD) - 2022/12/23 13:44:53 ET
Table 'Lundia II' 6-max Seat #2 is the button
Seat 1: luiyi11 ($1.64 in chips) 
Seat 2: Lorpugo ($2.04 in chips) 
Seat 3: Baulöwe1958 ($1.55 in chips) 
Seat 4: GrayB92 ($1.49 in chips) 
Seat 5: Aceheart13 ($2.77 in chips) 
Seat 6: clubber_ba ($2.70 in chips) 
Baulöwe1958: posts small blind $0.01
GrayB92: posts big blind $0.02
luiyi11: posts small & big blinds $0.03
*** HOLE CARDS ***
Dealt to Lorpugo [7d Ad]
Aceheart13: folds 
clubber_ba: folds 
luiyi11: checks 
Lorpugo: raises $0.08 to $0.10
Baulöwe1958: folds 
GrayB92: folds 
luiyi11: calls $0.08
*** FLOP *** [Qs 6s Js]
luiyi11: checks 
Lorpugo: checks 
*** TURN *** [Qs 6s Js] [5s]
luiyi11 has timed out
luiyi11: checks 
Lorpugo: bets $0.12
luiyi11: folds 
Uncalled bet ($0.12) returned to Lorpugo
Lorpugo collected $0.23 from pot
Lorpugo: doesn't show hand 
*** SUMMARY ***
Total pot $0.24 | Rake $0.01 
Board [Qs 6s Js 5s]
Seat 1: luiyi11 folded on the Turn
Seat 2: Lorpugo (button) collected ($0.23)
Seat 3: Baulöwe1958 (small blind) folded before Flop
Seat 4: GrayB92 (big blind) folded before Flop
Seat 5: Aceheart13 folded before Flop (didn't bet)
Seat 6: clubber_ba folded before Flop (didn't bet)



PokerStars Hand #240644569942:  Hold'em No Limit ($0.01/$0.02 USD) - 2022/12/23 13:46:41 ET
Table 'Lundia II' 6-max Seat #3 is the button
Seat 1: luiyi11 ($1.53 in chips) 
Seat 2: Lorpugo ($2.17 in chips) 
Seat 3: Baulöwe1958 ($1.54 in chips) 
Seat 4: GrayB92 ($1.47 in chips) 
Seat 5: Aceheart13 ($2.77 in chips) 
Seat 6: clubber_ba ($2.70 in chips) 
GrayB92: posts small blind $0.01
Aceheart13: posts big blind $0.02
*** HOLE CARDS ***
Dealt to Lorpugo [6c 4s]
clubber_ba: folds 
luiyi11: folds 
Lorpugo: folds 
Baulöwe1958: calls $0.02
GrayB92: folds 
Aceheart13: checks 
*** FLOP *** [9d 6d 7c]
GrayB92 leaves the table
Aceheart13: bets $0.02
Baulöwe1958: raises $0.04 to $0.06
Denchik00759 joins the table at seat #4 
Aceheart13: calls $0.04
*** TURN *** [9d 6d 7c] [Jh]
Aceheart13: checks 
Baulöwe1958: bets $0.12
Aceheart13: folds 
Uncalled bet ($0.12) returned to Baulöwe1958
Baulöwe1958 collected $0.16 from pot
*** SUMMARY ***
Total pot $0.17 | Rake $0.01 
Board [9d 6d 7c Jh]
Seat 1: luiyi11 folded before Flop (didn't bet)
Seat 2: Lorpugo folded before Flop (didn't bet)
Seat 3: Baulöwe1958 (button) collected ($0.16)
Seat 4: GrayB92 (small blind) folded before Flop
Seat 5: Aceheart13 (big blind) folded on the Turn
Seat 6: clubber_ba folded before Flop (didn't bet)



PokerStars Hand #240644580894:  Hold'em No Limit ($0.01/$0.02 USD) - 2022/12/23 13:47:11 ET
Table 'Lundia II' 6-max Seat #5 is the button
Seat 1: luiyi11 ($1.53 in chips) 
Seat 2: Lorpugo ($2.17 in chips) 
Seat 3: Baulöwe1958 ($1.62 in chips) 
Seat 5: Aceheart13 ($2.69 in chips) 
Seat 6: clubber_ba ($2.70 in chips) 
clubber_ba: posts small blind $0.01
luiyi11: posts big blind $0.02
*** HOLE CARDS ***
Dealt to Lorpugo [9h 5h]
Lorpugo: folds 
Baulöwe1958: folds 
Aceheart13: calls $0.02
clubber_ba: folds 
luiyi11: checks 
*** FLOP *** [Qd 3s Ah]
luiyi11 has timed out
luiyi11: checks 
Aceheart13: bets $0.04
luiyi11: folds 
Uncalled bet ($0.04) returned to Aceheart13
Aceheart13 collected $0.05 from pot
*** SUMMARY ***
Total pot $0.05 | Rake $0 
Board [Qd 3s Ah]
Seat 1: luiyi11 (big blind) folded on the Flop
Seat 2: Lorpugo folded before Flop (didn't bet)
Seat 3: Baulöwe1958 folded before Flop (didn't bet)
Seat 5: Aceheart13 (button) collected ($0.05)
Seat 6: clubber_ba (small blind) folded before Flop



PokerStars Hand #240644598005:  Hold'em No Limit ($0.01/$0.02 USD) - 2022/12/23 13:47:59 ET
Table 'Lundia II' 6-max Seat #6 is the button
Seat 1: luiyi11 ($1.51 in chips) 
Seat 2: Lorpugo ($2.17 in chips) 
Seat 3: Baulöwe1958 ($1.62 in chips) 
Seat 4: Denchik00759 ($1.60 in chips) 
Seat 5: Aceheart13 ($2.72 in chips) 
Seat 6: clubber_ba ($2.69 in chips) 
luiyi11: posts small blind $0.01
Lorpugo: posts big blind $0.02
Denchik00759: posts big blind $0.02
*** HOLE CARDS ***
Dealt to Lorpugo [9s Ac]
Baulöwe1958: folds 
Denchik00759: checks 
Aceheart13: folds 
clubber_ba: folds 
luiyi11: folds 
Lorpugo: raises $0.08 to $0.10
Denchik00759: calls $0.08
*** FLOP *** [Ah 7h 3h]
Lorpugo: bets $0.07
Denchik00759: calls $0.07
*** TURN *** [Ah 7h 3h] [Ad]
Lorpugo: bets $0.22
Denchik00759: folds 
Uncalled bet ($0.22) returned to Lorpugo
Lorpugo collected $0.34 from pot
Lorpugo: doesn't show hand 
*** SUMMARY ***
Total pot $0.35 | Rake $0.01 
Board [Ah 7h 3h Ad]
Seat 1: luiyi11 (small blind) folded before Flop
Seat 2: Lorpugo (big blind) collected ($0.34)
Seat 3: Baulöwe1958 folded before Flop (didn't bet)
Seat 4: Denchik00759 folded on the Turn
Seat 5: Aceheart13 folded before Flop (didn't bet)
Seat 6: clubber_ba (button) folded before Flop (didn't bet)



PokerStars Hand #240644611509:  Hold'em No Limit ($0.01/$0.02 USD) - 2022/12/23 13:48:36 ET
Table 'Lundia II' 6-max Seat #2 is the button
Seat 2: Lorpugo ($2.34 in chips) 
Seat 3: Baulöwe1958 ($1.62 in chips) 
Seat 4: Denchik00759 ($1.43 in chips) 
Seat 5: Aceheart13 ($2.72 in chips) 
Seat 6: clubber_ba ($2.69 in chips) 
Baulöwe1958: posts small blind $0.01
Denchik00759: posts big blind $0.02
*** HOLE CARDS ***
Dealt to Lorpugo [5s Jh]
Aceheart13: folds 
clubber_ba: raises $0.04 to $0.06
Lorpugo: folds 
Baulöwe1958: folds 
Denchik00759: raises $0.18 to $0.24
clubber_ba: folds 
Uncalled bet ($0.18) returned to Denchik00759
Denchik00759 collected $0.13 from pot
Denchik00759: doesn't show hand 
*** SUMMARY ***
Total pot $0.13 | Rake $0 
Seat 2: Lorpugo (button) folded before Flop (didn't bet)
Seat 3: Baulöwe1958 (small blind) folded before Flop
Seat 4: Denchik00759 (big blind) collected ($0.13)
Seat 5: Aceheart13 folded before Flop (didn't bet)
Seat 6: clubber_ba folded before Flop



PokerStars Hand #240644621165:  Hold'em No Limit ($0.01/$0.02 USD) - 2022/12/23 13:49:03 ET
Table 'Lundia II' 6-max Seat #3 is the button
Seat 2: Lorpugo ($2.34 in chips) 
Seat 3: Baulöwe1958 ($1.61 in chips) 
Seat 4: Denchik00759 ($1.50 in chips) 
Seat 5: Aceheart13 ($2.72 in chips) 
Seat 6: clubber_ba ($2.63 in chips) 
Denchik00759: posts small blind $0.01
Aceheart13: posts big blind $0.02
*** HOLE CARDS ***
Dealt to Lorpugo [4c Qc]
clubber_ba: folds 
Lorpugo: raises $0.04 to $0.06
Baulöwe1958: calls $0.06
Denchik00759: folds 
Aceheart13: calls $0.04
*** FLOP *** [Ah Ks 9h]
Aceheart13: checks 
Lorpugo: checks 
Baulöwe1958: bets $0.02
Aceheart13: raises $0.07 to $0.09
Lorpugo: folds 
Baulöwe1958: calls $0.07
*** TURN *** [Ah Ks 9h] [Jh]
Aceheart13: checks 
Baulöwe1958: bets $0.04
Aceheart13: raises $0.06 to $0.10
Baulöwe1958: calls $0.06
*** RIVER *** [Ah Ks 9h Jh] [Td]
Aceheart13: bets $0.24
Baulöwe1958: raises $1.12 to $1.36 and is all-in
Aceheart13: calls $1.12
*** SHOW DOWN ***
Baulöwe1958: shows [Jd Qh] (a straight, Ten to Ace)
Aceheart13: shows [7h Th] (a flush, Ace high)
Aceheart13 collected $3.17 from pot
*** SUMMARY ***
Total pot $3.29 | Rake $0.12 
Board [Ah Ks 9h Jh Td]
Seat 2: Lorpugo folded on the Flop
Seat 3: Baulöwe1958 (button) showed [Jd Qh] and lost with a straight, Ten to Ace
Seat 4: Denchik00759 (small blind) folded before Flop
Seat 5: Aceheart13 (big blind) showed [7h Th] and won ($3.17) with a flush, Ace high
Seat 6: clubber_ba folded before Flop (didn't bet)



PokerStars Hand #240644646820:  Hold'em No Limit ($0.01/$0.02 USD) - 2022/12/23 13:50:14 ET
Table 'Lundia II' 6-max Seat #4 is the button
Seat 2: Lorpugo ($2.28 in chips) 
Seat 4: Denchik00759 ($1.49 in chips) 
Seat 5: Aceheart13 ($4.28 in chips) 
Seat 6: clubber_ba ($2.63 in chips) 
Aceheart13: posts small blind $0.01
clubber_ba: posts big blind $0.02
*** HOLE CARDS ***
Dealt to Lorpugo [9h Qh]
Lorpugo: raises $0.04 to $0.06
Denchik00759: folds 
Baulöwe1958 leaves the table
Aceheart13: calls $0.05
clubber_ba: folds 
*** FLOP *** [3c Qc 4c]
Aceheart13: bets $0.02
Lorpugo: raises $0.09 to $0.11
clubber_ba leaves the table
Aceheart13: folds 
Uncalled bet ($0.09) returned to Lorpugo
Lorpugo collected $0.17 from pot
Lorpugo: doesn't show hand 
*** SUMMARY ***
Total pot $0.18 | Rake $0.01 
Board [3c Qc 4c]
Seat 2: Lorpugo collected ($0.17)
Seat 4: Denchik00759 (button) folded before Flop (didn't bet)
Seat 5: Aceheart13 (small blind) folded on the Flop
Seat 6: clubber_ba (big blind) folded before Flop



PokerStars Hand #240644655650:  Hold'em No Limit ($0.01/$0.02 USD) - 2022/12/23 13:50:39 ET
Table 'Lundia II' 6-max Seat #5 is the button
Seat 1: luiyi11 ($1.50 in chips) 
Seat 2: Lorpugo ($2.37 in chips) 
Seat 4: Denchik00759 ($1.49 in chips) 
Seat 5: Aceheart13 ($4.20 in chips) 
luiyi11: posts small blind $0.01
Lorpugo: posts big blind $0.02
*** HOLE CARDS ***
Dealt to Lorpugo [Kc 3h]
Denchik00759: raises $0.04 to $0.06
Aceheart13: calls $0.06
luiyi11: folds 
Lorpugo: folds 
*** FLOP *** [2h 5s Js]
Denchik00759: checks 
Aceheart13: checks 
*** TURN *** [2h 5s Js] [Td]
Lavidalocagamer joins the table at seat #3 
Denchik00759: bets $0.07
Aceheart13: folds 
Uncalled bet ($0.07) returned to Denchik00759
Denchik00759 collected $0.14 from pot
Denchik00759: doesn't show hand 
*** SUMMARY ***
Total pot $0.15 | Rake $0.01 
Board [2h 5s Js Td]
Seat 1: luiyi11 (small blind) folded before Flop
Seat 2: Lorpugo (big blind) folded before Flop
Seat 4: Denchik00759 collected ($0.14)
Seat 5: Aceheart13 (button) folded on the Turn



PokerStars Hand #240644667145:  Hold'em No Limit ($0.01/$0.02 USD) - 2022/12/23 13:51:11 ET
Table 'Lundia II' 6-max Seat #1 is the button
Seat 1: luiyi11 ($1.49 in chips) 
Seat 2: Lorpugo ($2.35 in chips) 
Seat 3: Lavidalocagamer ($1.20 in chips) 
Seat 4: Denchik00759 ($1.57 in chips) 
Seat 5: Aceheart13 ($4.14 in chips) 
Lorpugo: posts small blind $0.01
Lavidalocagamer: posts big blind $0.02
*** HOLE CARDS ***
Dealt to Lorpugo [4h Ks]
Manu_Sbg joins the table at seat #6 
Denchik00759: folds 
Aceheart13: calls $0.02
luiyi11: calls $0.02
Lorpugo: folds 
Lavidalocagamer: checks 
*** FLOP *** [5c 9s 2d]
Lavidalocagamer: checks 
Aceheart13: bets $0.04
luiyi11: folds 
Lavidalocagamer: folds 
Uncalled bet ($0.04) returned to Aceheart13
Aceheart13 collected $0.07 from pot
*** SUMMARY ***
Total pot $0.07 | Rake $0 
Board [5c 9s 2d]
Seat 1: luiyi11 (button) folded on the Flop
Seat 2: Lorpugo (small blind) folded before Flop
Seat 3: Lavidalocagamer (big blind) folded on the Flop
Seat 4: Denchik00759 folded before Flop (didn't bet)
Seat 5: Aceheart13 collected ($0.07)



PokerStars Hand #240644675910:  Hold'em No Limit ($0.01/$0.02 USD) - 2022/12/23 13:51:36 ET
Table 'Lundia II' 6-max Seat #2 is the button
Seat 1: luiyi11 ($1.47 in chips) 
Seat 2: Lorpugo ($2.34 in chips) 
Seat 3: Lavidalocagamer ($1.18 in chips) 
Seat 4: Denchik00759 ($1.57 in chips) 
Seat 5: Aceheart13 ($4.19 in chips) 
Lavidalocagamer: posts small blind $0.01
Denchik00759: posts big blind $0.02
*** HOLE CARDS ***
Dealt to Lorpugo [Jc 8h]
Aceheart13: folds 
luiyi11 has timed out
luiyi11: folds 
Lorpugo: raises $0.04 to $0.06
Lavidalocagamer: folds 
Denchik00759: folds 
Uncalled bet ($0.04) returned to Lorpugo
Lorpugo collected $0.05 from pot
Lorpugo: doesn't show hand 
*** SUMMARY ***
Total pot $0.05 | Rake $0 
Seat 1: luiyi11 folded before Flop (didn't bet)
Seat 2: Lorpugo (button) collected ($0.05)
Seat 3: Lavidalocagamer (small blind) folded before Flop
Seat 4: Denchik00759 (big blind) folded before Flop
Seat 5: Aceheart13 folded before Flop (didn't bet)



PokerStars Hand #240644687234:  Hold'em No Limit ($0.01/$0.02 USD) - 2022/12/23 13:52:07 ET
Table 'Lundia II' 6-max Seat #3 is the button
Seat 2: Lorpugo ($2.37 in chips) 
Seat 3: Lavidalocagamer ($1.17 in chips) 
Seat 4: Denchik00759 ($1.55 in chips) 
Seat 6: Manu_Sbg ($2 in chips) 
Denchik00759: posts small blind $0.01
Aceheart13 has timed out
Manu_Sbg: posts big blind $0.02
*** HOLE CARDS ***
Dealt to Lorpugo [4h 2h]
Lorpugo: raises $0.04 to $0.06
Lavidalocagamer: folds 
Denchik00759: folds 
Manu_Sbg: calls $0.04
*** FLOP *** [7s Qd 9h]
Aceheart13 is disconnected 
Manu_Sbg: checks 
Lorpugo: checks 
*** TURN *** [7s Qd 9h] [4d]
Manu_Sbg: checks 
Lorpugo: checks 
*** RIVER *** [7s Qd 9h 4d] [Ah]
Manu_Sbg: checks 
Lorpugo: checks 
*** SHOW DOWN ***
Manu_Sbg: shows [Qc 7c] (two pair, Queens and Sevens)
Lorpugo: mucks hand 
Manu_Sbg collected $0.13 from pot
*** SUMMARY ***
Total pot $0.13 | Rake $0 
Board [7s Qd 9h 4d Ah]
Seat 2: Lorpugo mucked [4h 2h]
Seat 3: Lavidalocagamer (button) folded before Flop (didn't bet)
Seat 4: Denchik00759 (small blind) folded before Flop
Seat 6: Manu_Sbg (big blind) showed [Qc 7c] and won ($0.13) with two pair, Queens and Sevens



PokerStars Hand #240644700044:  Hold'em No Limit ($0.01/$0.02 USD) - 2022/12/23 13:52:43 ET
Table 'Lundia II' 6-max Seat #4 is the button
Seat 1: luiyi11 ($1.47 in chips) 
Seat 2: Lorpugo ($2.31 in chips) 
Seat 3: Lavidalocagamer ($1.17 in chips) 
Seat 4: Denchik00759 ($1.54 in chips) 
Seat 6: Manu_Sbg ($2.07 in chips) 
Manu_Sbg: posts small blind $0.01
luiyi11: posts big blind $0.02
*** HOLE CARDS ***
Dealt to Lorpugo [As 3c]
Lorpugo: raises $0.04 to $0.06
Lavidalocagamer: folds 
Denchik00759: calls $0.06
Manu_Sbg: folds 
luiyi11: folds 
*** FLOP *** [8c 9h 4h]
Lorpugo: checks 
Denchik00759: checks 
*** TURN *** [8c 9h 4h] [Ad]
Lorpugo: bets $0.09
Denchik00759: folds 
Uncalled bet ($0.09) returned to Lorpugo
Lorpugo collected $0.14 from pot
Lorpugo: doesn't show hand 
*** SUMMARY ***
Total pot $0.15 | Rake $0.01 
Board [8c 9h 4h Ad]
Seat 1: luiyi11 (big blind) folded before Flop
Seat 2: Lorpugo collected ($0.14)
Seat 3: Lavidalocagamer folded before Flop (didn't bet)
Seat 4: Denchik00759 (button) folded on the Turn
Seat 6: Manu_Sbg (small blind) folded before Flop



PokerStars Hand #240644716586:  Hold'em No Limit ($0.01/$0.02 USD) - 2022/12/23 13:53:30 ET
Table 'Lundia II' 6-max Seat #6 is the button
Seat 1: luiyi11 ($1.45 in chips) 
Seat 2: Lorpugo ($2.39 in chips) 
Seat 3: Lavidalocagamer ($1.17 in chips) 
Seat 4: Denchik00759 ($1.48 in chips) 
Seat 6: Manu_Sbg ($2.06 in chips) 
luiyi11: posts small blind $0.01
Lorpugo: posts big blind $0.02
*** HOLE CARDS ***
Dealt to Lorpugo [4h 9d]
Lavidalocagamer: folds 
Denchik00759: folds 
Manu_Sbg: raises $0.02 to $0.04
luiyi11: folds 
Lorpugo: folds 
Uncalled bet ($0.02) returned to Manu_Sbg
Manu_Sbg collected $0.05 from pot
*** SUMMARY ***
Total pot $0.05 | Rake $0 
Seat 1: luiyi11 (small blind) folded before Flop
Seat 2: Lorpugo (big blind) folded before Flop
Seat 3: Lavidalocagamer folded before Flop (didn't bet)
Seat 4: Denchik00759 folded before Flop (didn't bet)
Seat 6: Manu_Sbg (button) collected ($0.05)



PokerStars Hand #240644724505:  Hold'em No Limit ($0.01/$0.02 USD) - 2022/12/23 13:53:52 ET
Table 'Lundia II' 6-max Seat #1 is the button
Seat 1: luiyi11 ($1.44 in chips) 
Seat 2: Lorpugo ($2.37 in chips) 
Seat 3: Lavidalocagamer ($1.17 in chips) 
Seat 4: Denchik00759 ($1.48 in chips) 
Seat 6: Manu_Sbg ($2.09 in chips) 
Lorpugo: posts small blind $0.01
Lavidalocagamer: posts big blind $0.02
*** HOLE CARDS ***
Dealt to Lorpugo [9d 2d]
Denchik00759: folds 
Manu_Sbg: folds 
luiyi11: folds 
Lorpugo: folds 
Uncalled bet ($0.01) returned to Lavidalocagamer
Lavidalocagamer collected $0.02 from pot
*** SUMMARY ***
Total pot $0.02 | Rake $0 
Seat 1: luiyi11 (button) folded before Flop (didn't bet)
Seat 2: Lorpugo (small blind) folded before Flop
Seat 3: Lavidalocagamer (big blind) collected ($0.02)
Seat 4: Denchik00759 folded before Flop (didn't bet)
Seat 6: Manu_Sbg folded before Flop (didn't bet)



PokerStars Hand #240644730140:  Hold'em No Limit ($0.01/$0.02 USD) - 2022/12/23 13:54:08 ET
Table 'Lundia II' 6-max Seat #2 is the button
Seat 1: luiyi11 ($1.44 in chips) 
Seat 2: Lorpugo ($2.36 in chips) 
Seat 3: Lavidalocagamer ($1.18 in chips) 
Seat 4: Denchik00759 ($1.48 in chips) 
Seat 6: Manu_Sbg ($2.09 in chips) 
Lavidalocagamer: posts small blind $0.01
Denchik00759: posts big blind $0.02
*** HOLE CARDS ***
Dealt to Lorpugo [Ah 8s]
Manu_Sbg: folds 
luiyi11 has timed out
luiyi11: folds 
Lorpugo: raises $0.04 to $0.06
Lavidalocagamer: folds 
Denchik00759: calls $0.04
*** FLOP *** [Js 2h Jc]
Lavidalocagamer leaves the table
Denchik00759: bets $0.04
Lorpugo: calls $0.04
*** TURN *** [Js 2h Jc] [9c]
Denchik00759: bets $0.10
Lorpugo: folds 
Uncalled bet ($0.10) returned to Denchik00759
Denchik00759 collected $0.20 from pot
Denchik00759: doesn't show hand 
*** SUMMARY ***
Total pot $0.21 | Rake $0.01 
Board [Js 2h Jc 9c]
Seat 1: luiyi11 folded before Flop (didn't bet)
Seat 2: Lorpugo (button) folded on the Turn
Seat 3: Lavidalocagamer (small blind) folded before Flop
Seat 4: Denchik00759 (big blind) collected ($0.20)
Seat 6: Manu_Sbg folded before Flop (didn't bet)



PokerStars Hand #240644753360:  Hold'em No Limit ($0.01/$0.02 USD) - 2022/12/23 13:55:14 ET
Table 'Lundia II' 6-max Seat #4 is the button
Seat 2: Lorpugo ($2.26 in chips) 
Seat 4: Denchik00759 ($1.58 in chips) 
Seat 6: Manu_Sbg ($2.09 in chips) 
Manu_Sbg: posts small blind $0.01
Lorpugo: posts big blind $0.02
*** HOLE CARDS ***
Dealt to Lorpugo [4h 7d]
Denchik00759: folds 
Manu_Sbg: folds 
Uncalled bet ($0.01) returned to Lorpugo
Lorpugo collected $0.02 from pot
GlamourHblu joins the table at seat #3 
Lorpugo: doesn't show hand 
*** SUMMARY ***
Total pot $0.02 | Rake $0 
Seat 2: Lorpugo (big blind) collected ($0.02)
Seat 4: Denchik00759 (button) folded before Flop (didn't bet)
Seat 6: Manu_Sbg (small blind) folded before Flop



PokerStars Hand #240644755359:  Hold'em No Limit ($0.01/$0.02 USD) - 2022/12/23 13:55:22 ET
Table 'Lundia II' 6-max Seat #6 is the button
Seat 2: Lorpugo ($2.27 in chips) 
Seat 3: GlamourHblu ($1.50 in chips) 
Seat 4: Denchik00759 ($1.58 in chips) 
Seat 6: Manu_Sbg ($2.08 in chips) 
Lorpugo: posts small blind $0.01
GlamourHblu: posts big blind $0.02
*** HOLE CARDS ***
Dealt to Lorpugo [8d 4h]
Denchik00759: raises $0.02 to $0.04
Manu_Sbg: folds 
Lorpugo: folds 
GlamourHblu: calls $0.02
*** FLOP *** [Qs Ad Qc]
GlamourHblu: checks 
Denchik00759: bets $0.02
GlamourHblu: calls $0.02
*** TURN *** [Qs Ad Qc] [Ts]
GlamourHblu: checks 
Denchik00759: bets $0.02
GlamourHblu: calls $0.02
*** RIVER *** [Qs Ad Qc Ts] [2h]
GlamourHblu: checks 
Denchik00759: checks 
*** SHOW DOWN ***
GlamourHblu: shows [9s Jd] (a pair of Queens)
Denchik00759: shows [Jh Tc] (two pair, Queens and Tens)
Denchik00759 collected $0.16 from pot
*** SUMMARY ***
Total pot $0.17 | Rake $0.01 
Board [Qs Ad Qc Ts 2h]
Seat 2: Lorpugo (small blind) folded before Flop
Seat 3: GlamourHblu (big blind) showed [9s Jd] and lost with a pair of Queens
Seat 4: Denchik00759 showed [Jh Tc] and won ($0.16) with two pair, Queens and Tens
Seat 6: Manu_Sbg (button) folded before Flop (didn't bet)



PokerStars Hand #240644766986:  Hold'em No Limit ($0.01/$0.02 USD) - 2022/12/23 13:56:05 ET
Table 'Lundia II' 6-max Seat #2 is the button
Seat 1: luiyi11 ($1.44 in chips) 
Seat 2: Lorpugo ($2.26 in chips) 
Seat 3: GlamourHblu ($1.42 in chips) 
Seat 4: Denchik00759 ($1.66 in chips) 
Seat 6: Manu_Sbg ($2.08 in chips) 
GlamourHblu: posts small blind $0.01
Denchik00759: posts big blind $0.02
luiyi11: posts small & big blinds $0.03
*** HOLE CARDS ***
Dealt to Lorpugo [As Qs]
Manu_Sbg: folds 
luiyi11: checks 
Lorpugo has timed out
Lorpugo: folds 
GlamourHblu: calls $0.01
Denchik00759: raises $0.04 to $0.06
luiyi11: calls $0.04
GlamourHblu: calls $0.04
*** FLOP *** [4s 9d 5h]
GlamourHblu: bets $0.02
Denchik00759: calls $0.02
luiyi11: calls $0.02
*** TURN *** [4s 9d 5h] [3h]
GlamourHblu: bets $0.02
Denchik00759: calls $0.02
luiyi11: calls $0.02
*** RIVER *** [4s 9d 5h 3h] [4h]
GlamourHblu: checks 
Denchik00759: bets $0.23
luiyi11: calls $0.23
GlamourHblu: folds 
*** SHOW DOWN ***
Denchik00759: shows [9h 9s] (a full house, Nines full of Fours)
luiyi11: mucks hand 
Denchik00759 collected $0.74 from pot
*** SUMMARY ***
Total pot $0.77 | Rake $0.03 
Board [4s 9d 5h 3h 4h]
Seat 1: luiyi11 mucked [Td Tc]
Seat 2: Lorpugo (button) folded before Flop (didn't bet)
Seat 3: GlamourHblu (small blind) folded on the River
Seat 4: Denchik00759 (big blind) showed [9h 9s] and won ($0.74) with a full house, Nines full of Fours
Seat 6: Manu_Sbg folded before Flop (didn't bet)



PokerStars Hand #240644783095:  Hold'em No Limit ($0.01/$0.02 USD) - 2022/12/23 13:57:06 ET
Table 'Lundia II' 6-max Seat #3 is the button
Seat 1: luiyi11 ($1.10 in chips) 
Seat 2: Lorpugo ($2.26 in chips) 
Seat 3: GlamourHblu ($1.32 in chips) 
Seat 4: Denchik00759 ($2.07 in chips) 
Seat 6: Manu_Sbg ($2.08 in chips) 
Denchik00759: posts small blind $0.01
Manu_Sbg: posts big blind $0.02
*** HOLE CARDS ***
Dealt to Lorpugo [Js 5d]
luiyi11: calls $0.02
Lorpugo: folds 
GlamourHblu: calls $0.02
Denchik00759: folds 
Manu_Sbg: checks 
*** FLOP *** [Kh 9c Jd]
Denchik00759 leaves the table
Manu_Sbg: checks 
luiyi11: checks 
GlamourHblu: checks 
*** TURN *** [Kh 9c Jd] [9d]
Manu_Sbg: bets $0.03
luiyi11: folds 
GlamourHblu: calls $0.03
*** RIVER *** [Kh 9c Jd 9d] [Qh]
Manu_Sbg: bets $0.07
GlamourHblu: raises $0.43 to $0.50
Manu_Sbg: calls $0.43
*** SHOW DOWN ***
GlamourHblu: shows [7s Td] (a straight, Nine to King)
Manu_Sbg: shows [9s Tc] (a straight, Nine to King)
Manu_Sbg collected $0.55 from pot
GlamourHblu collected $0.54 from pot
Aceheart13 leaves the table
*** SUMMARY ***
Total pot $1.13 | Rake $0.04 
Board [Kh 9c Jd 9d Qh]
Seat 1: luiyi11 folded on the Turn
Seat 2: Lorpugo folded before Flop (didn't bet)
Seat 3: GlamourHblu (button) showed [7s Td] and won ($0.54) with a straight, Nine to King
Seat 4: Denchik00759 (small blind) folded before Flop
Seat 6: Manu_Sbg (big blind) showed [9s Tc] and won ($0.55) with a straight, Nine to King



PokerStars Hand #240644798820:  Hold'em No Limit ($0.01/$0.02 USD) - 2022/12/23 13:58:04 ET
Table 'Lundia II' 6-max Seat #6 is the button
Seat 1: luiyi11 ($1.08 in chips) 
Seat 2: Lorpugo ($2.26 in chips) 
Seat 3: GlamourHblu ($1.31 in chips) 
Seat 6: Manu_Sbg ($2.08 in chips) 
luiyi11: posts small blind $0.01
Lorpugo: posts big blind $0.02
*** HOLE CARDS ***
Dealt to Lorpugo [Qs Jc]
GlamourHblu: calls $0.02
Manu_Sbg: raises $0.02 to $0.04
luiyi11: folds 
Lorpugo: calls $0.02
GlamourHblu: calls $0.02
*** FLOP *** [2c 4d 3c]
Lorpugo: checks 
GlamourHblu: bets $0.02
Manu_Sbg: raises $0.06 to $0.08
Lorpugo: folds 
GlamourHblu: calls $0.06
*** TURN *** [2c 4d 3c] [Ts]
GlamourHblu: checks 
Manu_Sbg: checks 
*** RIVER *** [2c 4d 3c Ts] [Kh]
GlamourHblu: checks 
Manu_Sbg: checks 
*** SHOW DOWN ***
GlamourHblu: shows [3s 9d] (a pair of Threes)
Manu_Sbg: mucks hand 
GlamourHblu collected $0.28 from pot
*** SUMMARY ***
Total pot $0.29 | Rake $0.01 
Board [2c 4d 3c Ts Kh]
Seat 1: luiyi11 (small blind) folded before Flop
Seat 2: Lorpugo (big blind) folded on the Flop
Seat 3: GlamourHblu showed [3s 9d] and won ($0.28) with a pair of Threes
Seat 6: Manu_Sbg (button) mucked [7c 5c]



PokerStars Hand #240644810501:  Hold'em No Limit ($0.01/$0.02 USD) - 2022/12/23 13:58:47 ET
Table 'Lundia II' 6-max Seat #1 is the button
Seat 1: luiyi11 ($1.07 in chips) 
Seat 2: Lorpugo ($2.22 in chips) 
Seat 3: GlamourHblu ($1.47 in chips) 
Seat 6: Manu_Sbg ($2 in chips) 
Lorpugo: posts small blind $0.01
GlamourHblu: posts big blind $0.02
*** HOLE CARDS ***
Dealt to Lorpugo [8h 4s]
Manu_Sbg: raises $0.02 to $0.04
luiyi11: folds 
Lorpugo: folds 
GlamourHblu: calls $0.02
*** FLOP *** [5h 6c Tc]
GlamourHblu: checks 
Manu_Sbg: bets $0.03
GlamourHblu: calls $0.03
*** TURN *** [5h 6c Tc] [Td]
GlamourHblu: checks 
Manu_Sbg: bets $0.07
GlamourHblu: calls $0.07
*** RIVER *** [5h 6c Tc Td] [Jh]
GlamourHblu: checks 
Manu_Sbg: checks 
*** SHOW DOWN ***
GlamourHblu: shows [Ac 5d] (two pair, Tens and Fives)
Manu_Sbg: shows [7s 7h] (two pair, Tens and Sevens)
Manu_Sbg collected $0.28 from pot
*** SUMMARY ***
Total pot $0.29 | Rake $0.01 
Board [5h 6c Tc Td Jh]
Seat 1: luiyi11 (button) folded before Flop (didn't bet)
Seat 2: Lorpugo (small blind) folded before Flop
Seat 3: GlamourHblu (big blind) showed [Ac 5d] and lost with two pair, Tens and Fives
Seat 6: Manu_Sbg showed [7s 7h] and won ($0.28) with two pair, Tens and Sevens



