PokerStars Hand #240795445707:  Hold'em No Limit ($0.01/$0.02 USD) - 2022/12/30 9:54:43 ET
Table 'Numerowia II' 6-max Seat #5 is the button
Seat 1: Lorpugo ($1.60 in chips) 
Seat 3: ZOOlou_13 ($2 in chips) 
Seat 4: maruoyu ($3.97 in chips) 
Seat 5: MrDonRich ($1.89 in chips) 
Seat 6: So sick dude ($4.57 in chips) 
So sick dude: posts small blind $0.01
Lorpugo: posts big blind $0.02
*** HOLE CARDS ***
Dealt to Lorpugo [9h 2s]
ZOOlou_13: folds 
maruoyu: folds 
MrDonRich: calls $0.02
So sick dude: folds 
Lorpugo: checks 
*** FLOP *** [Ts 9c 7s]
Lorpugo: checks 
MrDonRich: checks 
*** TURN *** [Ts 9c 7s] [Td]
Lorpugo: bets $0.03
MrDonRich: folds 
Uncalled bet ($0.03) returned to Lorpugo
Lorpugo collected $0.05 from pot
Lorpugo: doesn't show hand 
*** SUMMARY ***
Total pot $0.05 | Rake $0 
Board [Ts 9c 7s Td]
Seat 1: Lorpugo (big blind) collected ($0.05)
Seat 3: ZOOlou_13 folded before Flop (didn't bet)
Seat 4: maruoyu folded before Flop (didn't bet)
Seat 5: MrDonRich (button) folded on the Turn
Seat 6: So sick dude (small blind) folded before Flop



PokerStars Hand #240795455113:  Hold'em No Limit ($0.01/$0.02 USD) - 2022/12/30 9:55:21 ET
Table 'Numerowia II' 6-max Seat #6 is the button
Seat 1: Lorpugo ($1.63 in chips) 
Seat 3: ZOOlou_13 ($2 in chips) 
Seat 4: maruoyu ($3.97 in chips) 
Seat 5: MrDonRich ($1.87 in chips) 
Seat 6: So sick dude ($4.56 in chips) 
Lorpugo: posts small blind $0.01
ZOOlou_13: posts big blind $0.02
*** HOLE CARDS ***
Dealt to Lorpugo [3c Js]
maruoyu: raises $0.04 to $0.06
MrDonRich: folds 
So sick dude: folds 
Lorpugo: folds 
ZOOlou_13: folds 
Uncalled bet ($0.04) returned to maruoyu
maruoyu collected $0.05 from pot
13Mohican leaves the table
*** SUMMARY ***
Total pot $0.05 | Rake $0 
Seat 1: Lorpugo (small blind) folded before Flop
Seat 3: ZOOlou_13 (big blind) folded before Flop
Seat 4: maruoyu collected ($0.05)
Seat 5: MrDonRich folded before Flop (didn't bet)
Seat 6: So sick dude (button) folded before Flop (didn't bet)



PokerStars Hand #240795458238:  Hold'em No Limit ($0.01/$0.02 USD) - 2022/12/30 9:55:35 ET
Table 'Numerowia II' 6-max Seat #1 is the button
Seat 1: Lorpugo ($1.62 in chips) 
Seat 3: ZOOlou_13 ($2 in chips) 
Seat 4: maruoyu ($4 in chips) 
Seat 5: MrDonRich ($1.87 in chips) 
Seat 6: So sick dude ($4.56 in chips) 
ZOOlou_13: posts small blind $0.01
maruoyu: posts big blind $0.02
*** HOLE CARDS ***
Dealt to Lorpugo [9c 4s]
MrDonRich: folds 
So sick dude: folds 
Lorpugo: folds 
ZOOlou_13: folds 
Uncalled bet ($0.01) returned to maruoyu
maruoyu collected $0.02 from pot
*** SUMMARY ***
Total pot $0.02 | Rake $0 
Seat 1: Lorpugo (button) folded before Flop (didn't bet)
Seat 3: ZOOlou_13 (small blind) folded before Flop
Seat 4: maruoyu (big blind) collected ($0.02)
Seat 5: MrDonRich folded before Flop (didn't bet)
Seat 6: So sick dude folded before Flop (didn't bet)



PokerStars Hand #240795460782:  Hold'em No Limit ($0.01/$0.02 USD) - 2022/12/30 9:55:46 ET
Table 'Numerowia II' 6-max Seat #3 is the button
Seat 1: Lorpugo ($1.62 in chips) 
Seat 3: ZOOlou_13 ($2 in chips) 
Seat 4: maruoyu ($4.01 in chips) 
Seat 5: MrDonRich ($1.87 in chips) 
Seat 6: So sick dude ($4.56 in chips) 
maruoyu: posts small blind $0.01
MrDonRich: posts big blind $0.02
*** HOLE CARDS ***
Dealt to Lorpugo [Kh Td]
So sick dude: folds 
Lorpugo: raises $0.04 to $0.06
ZOOlou_13: folds 
maruoyu: folds 
MrDonRich: folds 
Uncalled bet ($0.04) returned to Lorpugo
Lorpugo collected $0.05 from pot
Lorpugo: doesn't show hand 
*** SUMMARY ***
Total pot $0.05 | Rake $0 
Seat 1: Lorpugo collected ($0.05)
Seat 3: ZOOlou_13 (button) folded before Flop (didn't bet)
Seat 4: maruoyu (small blind) folded before Flop
Seat 5: MrDonRich (big blind) folded before Flop
Seat 6: So sick dude folded before Flop (didn't bet)



PokerStars Hand #240795463327:  Hold'em No Limit ($0.01/$0.02 USD) - 2022/12/30 9:55:57 ET
Table 'Numerowia II' 6-max Seat #4 is the button
Seat 1: Lorpugo ($1.65 in chips) 
Seat 3: ZOOlou_13 ($2 in chips) 
Seat 4: maruoyu ($4 in chips) 
Seat 5: MrDonRich ($1.85 in chips) 
Seat 6: So sick dude ($4.56 in chips) 
MrDonRich: posts small blind $0.01
So sick dude: posts big blind $0.02
*** HOLE CARDS ***
Dealt to Lorpugo [Js 6c]
Lorpugo: folds 
ZOOlou_13: folds 
maruoyu: folds 
MrDonRich: calls $0.01
So sick dude: checks 
*** FLOP *** [As 8h 8d]
MrDonRich: checks 
So sick dude: checks 
*** TURN *** [As 8h 8d] [Td]
MrDonRich: checks 
So sick dude: checks 
*** RIVER *** [As 8h 8d Td] [Ah]
MrDonRich: checks 
So sick dude: checks 
*** SHOW DOWN ***
MrDonRich: shows [5s 3c] (two pair, Aces and Eights)
So sick dude: shows [Qh 3h] (two pair, Aces and Eights - Queen kicker)
So sick dude collected $0.04 from pot
*** SUMMARY ***
Total pot $0.04 | Rake $0 
Board [As 8h 8d Td Ah]
Seat 1: Lorpugo folded before Flop (didn't bet)
Seat 3: ZOOlou_13 folded before Flop (didn't bet)
Seat 4: maruoyu (button) folded before Flop (didn't bet)
Seat 5: MrDonRich (small blind) showed [5s 3c] and lost with two pair, Aces and Eights
Seat 6: So sick dude (big blind) showed [Qh 3h] and won ($0.04) with two pair, Aces and Eights



PokerStars Hand #240795469186:  Hold'em No Limit ($0.01/$0.02 USD) - 2022/12/30 9:56:23 ET
Table 'Numerowia II' 6-max Seat #5 is the button
Seat 1: Lorpugo ($1.65 in chips) 
Seat 3: ZOOlou_13 ($2 in chips) 
Seat 4: maruoyu ($4 in chips) 
Seat 5: MrDonRich ($1.83 in chips) 
Seat 6: So sick dude ($4.58 in chips) 
So sick dude: posts small blind $0.01
Lorpugo: posts big blind $0.02
*** HOLE CARDS ***
Dealt to Lorpugo [7h 9c]
ZOOlou_13: raises $0.04 to $0.06
maruoyu: folds 
MrDonRich: folds 
So sick dude: folds 
Lorpugo: calls $0.04
*** FLOP *** [Ah 3h 5s]
Lorpugo: checks 
Blauerklaus3 joins the table at seat #2 
ZOOlou_13: bets $0.07
Lorpugo: folds 
Uncalled bet ($0.07) returned to ZOOlou_13
ZOOlou_13 collected $0.13 from pot
ZOOlou_13: doesn't show hand 
*** SUMMARY ***
Total pot $0.13 | Rake $0 
Board [Ah 3h 5s]
Seat 1: Lorpugo (big blind) folded on the Flop
Seat 3: ZOOlou_13 collected ($0.13)
Seat 4: maruoyu folded before Flop (didn't bet)
Seat 5: MrDonRich (button) folded before Flop (didn't bet)
Seat 6: So sick dude (small blind) folded before Flop



PokerStars Hand #240795476407:  Hold'em No Limit ($0.01/$0.02 USD) - 2022/12/30 9:56:56 ET
Table 'Numerowia II' 6-max Seat #6 is the button
Seat 1: Lorpugo ($1.59 in chips) 
Seat 2: Blauerklaus3 ($2 in chips) 
Seat 3: ZOOlou_13 ($2.07 in chips) 
Seat 4: maruoyu ($4 in chips) 
Seat 5: MrDonRich ($1.83 in chips) 
Seat 6: So sick dude ($4.57 in chips) 
Lorpugo: posts small blind $0.01
Blauerklaus3: posts big blind $0.02
*** HOLE CARDS ***
Dealt to Lorpugo [Ts 7h]
ZOOlou_13: folds 
maruoyu: raises $0.04 to $0.06
MrDonRich: calls $0.06
So sick dude: folds 
Lorpugo: folds 
Blauerklaus3: calls $0.04
*** FLOP *** [Jc Qd Kc]
Blauerklaus3: checks 
maruoyu: bets $0.05
MrDonRich: folds 
Blauerklaus3: calls $0.05
*** TURN *** [Jc Qd Kc] [4d]
Blauerklaus3: checks 
maruoyu: bets $0.10
Blauerklaus3: calls $0.10
*** RIVER *** [Jc Qd Kc 4d] [7s]
Blauerklaus3: checks 
maruoyu: bets $0.43
Blauerklaus3: folds 
Uncalled bet ($0.43) returned to maruoyu
maruoyu collected $0.47 from pot
*** SUMMARY ***
Total pot $0.49 | Rake $0.02 
Board [Jc Qd Kc 4d 7s]
Seat 1: Lorpugo (small blind) folded before Flop
Seat 2: Blauerklaus3 (big blind) folded on the River
Seat 3: ZOOlou_13 folded before Flop (didn't bet)
Seat 4: maruoyu collected ($0.47)
Seat 5: MrDonRich folded on the Flop
Seat 6: So sick dude (button) folded before Flop (didn't bet)



PokerStars Hand #240795489087:  Hold'em No Limit ($0.01/$0.02 USD) - 2022/12/30 9:57:52 ET
Table 'Numerowia II' 6-max Seat #1 is the button
Seat 1: Lorpugo ($1.58 in chips) 
Seat 2: Blauerklaus3 ($1.79 in chips) 
Seat 3: ZOOlou_13 ($2.07 in chips) 
Seat 4: maruoyu ($4.26 in chips) 
Seat 5: MrDonRich ($2 in chips) 
Seat 6: So sick dude ($4.57 in chips) 
Blauerklaus3: posts small blind $0.01
ZOOlou_13: posts big blind $0.02
*** HOLE CARDS ***
Dealt to Lorpugo [9d Jh]
maruoyu: folds 
MrDonRich: folds 
So sick dude: folds 
Lorpugo: raises $0.04 to $0.06
Blauerklaus3: folds 
ZOOlou_13: calls $0.04
*** FLOP *** [4h 8h 8c]
ZOOlou_13: checks 
Lorpugo: checks 
*** TURN *** [4h 8h 8c] [3s]
ZOOlou_13: bets $0.06
Lorpugo: folds 
Uncalled bet ($0.06) returned to ZOOlou_13
ZOOlou_13 collected $0.13 from pot
ZOOlou_13: doesn't show hand 
*** SUMMARY ***
Total pot $0.13 | Rake $0 
Board [4h 8h 8c 3s]
Seat 1: Lorpugo (button) folded on the Turn
Seat 2: Blauerklaus3 (small blind) folded before Flop
Seat 3: ZOOlou_13 (big blind) collected ($0.13)
Seat 4: maruoyu folded before Flop (didn't bet)
Seat 5: MrDonRich folded before Flop (didn't bet)
Seat 6: So sick dude folded before Flop (didn't bet)



PokerStars Hand #240795497185:  Hold'em No Limit ($0.01/$0.02 USD) - 2022/12/30 9:58:28 ET
Table 'Numerowia II' 6-max Seat #2 is the button
Seat 1: Lorpugo ($1.52 in chips) 
Seat 2: Blauerklaus3 ($1.78 in chips) 
Seat 3: ZOOlou_13 ($2.14 in chips) 
Seat 4: maruoyu ($4.26 in chips) 
Seat 5: MrDonRich ($2 in chips) 
Seat 6: So sick dude ($4.57 in chips) 
ZOOlou_13: posts small blind $0.01
maruoyu: posts big blind $0.02
*** HOLE CARDS ***
Dealt to Lorpugo [5d Ad]
MrDonRich: folds 
So sick dude: folds 
Lorpugo: raises $0.04 to $0.06
Blauerklaus3: folds 
ZOOlou_13: folds 
maruoyu: calls $0.04
*** FLOP *** [Qc 8s Tc]
maruoyu: checks 
Lorpugo: checks 
*** TURN *** [Qc 8s Tc] [Qd]
maruoyu: bets $0.05
Lorpugo: folds 
Uncalled bet ($0.05) returned to maruoyu
maruoyu collected $0.13 from pot
*** SUMMARY ***
Total pot $0.13 | Rake $0 
Board [Qc 8s Tc Qd]
Seat 1: Lorpugo folded on the Turn
Seat 2: Blauerklaus3 (button) folded before Flop (didn't bet)
Seat 3: ZOOlou_13 (small blind) folded before Flop
Seat 4: maruoyu (big blind) collected ($0.13)
Seat 5: MrDonRich folded before Flop (didn't bet)
Seat 6: So sick dude folded before Flop (didn't bet)



PokerStars Hand #240795505707:  Hold'em No Limit ($0.01/$0.02 USD) - 2022/12/30 9:59:06 ET
Table 'Numerowia II' 6-max Seat #3 is the button
Seat 1: Lorpugo ($1.46 in chips) 
Seat 2: Blauerklaus3 ($1.78 in chips) 
Seat 3: ZOOlou_13 ($2.13 in chips) 
Seat 4: maruoyu ($4.33 in chips) 
Seat 5: MrDonRich ($2 in chips) 
Seat 6: So sick dude ($4.57 in chips) 
maruoyu: posts small blind $0.01
MrDonRich: posts big blind $0.02
*** HOLE CARDS ***
Dealt to Lorpugo [Qd 9s]
So sick dude: folds 
Lorpugo: folds 
Blauerklaus3: raises $0.05 to $0.07
ZOOlou_13: folds 
maruoyu: folds 
MrDonRich: folds 
Uncalled bet ($0.05) returned to Blauerklaus3
Blauerklaus3 collected $0.05 from pot
Blauerklaus3: doesn't show hand 
*** SUMMARY ***
Total pot $0.05 | Rake $0 
Seat 1: Lorpugo folded before Flop (didn't bet)
Seat 2: Blauerklaus3 collected ($0.05)
Seat 3: ZOOlou_13 (button) folded before Flop (didn't bet)
Seat 4: maruoyu (small blind) folded before Flop
Seat 5: MrDonRich (big blind) folded before Flop
Seat 6: So sick dude folded before Flop (didn't bet)



PokerStars Hand #240795509011:  Hold'em No Limit ($0.01/$0.02 USD) - 2022/12/30 9:59:21 ET
Table 'Numerowia II' 6-max Seat #4 is the button
Seat 1: Lorpugo ($1.46 in chips) 
Seat 2: Blauerklaus3 ($1.81 in chips) 
Seat 3: ZOOlou_13 ($2.13 in chips) 
Seat 4: maruoyu ($4.32 in chips) 
Seat 5: MrDonRich ($1.98 in chips) 
Seat 6: So sick dude ($4.57 in chips) 
MrDonRich: posts small blind $0.01
So sick dude: posts big blind $0.02
*** HOLE CARDS ***
Dealt to Lorpugo [Ah Jd]
Lorpugo: raises $0.04 to $0.06
Blauerklaus3: folds 
ZOOlou_13: calls $0.06
maruoyu: raises $0.12 to $0.18
MrDonRich: folds 
So sick dude: folds 
Lorpugo: calls $0.12
ZOOlou_13: calls $0.12
*** FLOP *** [5s 2h As]
Lorpugo: checks 
ZOOlou_13: checks 
maruoyu: checks 
*** TURN *** [5s 2h As] [3h]
Lorpugo: checks 
ZOOlou_13: bets $0.18
maruoyu: folds 
Lorpugo: raises $1.10 to $1.28 and is all-in
ZOOlou_13: folds 
Uncalled bet ($1.10) returned to Lorpugo
Lorpugo collected $0.90 from pot
Lorpugo: doesn't show hand 
*** SUMMARY ***
Total pot $0.93 | Rake $0.03 
Board [5s 2h As 3h]
Seat 1: Lorpugo collected ($0.90)
Seat 2: Blauerklaus3 folded before Flop (didn't bet)
Seat 3: ZOOlou_13 folded on the Turn
Seat 4: maruoyu (button) folded on the Turn
Seat 5: MrDonRich (small blind) folded before Flop
Seat 6: So sick dude (big blind) folded before Flop



PokerStars Hand #240795524677:  Hold'em No Limit ($0.01/$0.02 USD) - 2022/12/30 10:00:30 ET
Table 'Numerowia II' 6-max Seat #5 is the button
Seat 1: Lorpugo ($2 in chips) 
Seat 2: Blauerklaus3 ($1.81 in chips) 
Seat 3: ZOOlou_13 ($2 in chips) 
Seat 4: maruoyu ($4.14 in chips) 
Seat 5: MrDonRich ($1.97 in chips) 
Seat 6: So sick dude ($4.55 in chips) 
So sick dude: posts small blind $0.01
Lorpugo: posts big blind $0.02
*** HOLE CARDS ***
Dealt to Lorpugo [4s 5d]
Blauerklaus3: folds 
ZOOlou_13: folds 
maruoyu: raises $0.04 to $0.06
MrDonRich: folds 
So sick dude: folds 
Lorpugo: folds 
Uncalled bet ($0.04) returned to maruoyu
maruoyu collected $0.05 from pot
*** SUMMARY ***
Total pot $0.05 | Rake $0 
Seat 1: Lorpugo (big blind) folded before Flop
Seat 2: Blauerklaus3 folded before Flop (didn't bet)
Seat 3: ZOOlou_13 folded before Flop (didn't bet)
Seat 4: maruoyu collected ($0.05)
Seat 5: MrDonRich (button) folded before Flop (didn't bet)
Seat 6: So sick dude (small blind) folded before Flop



PokerStars Hand #240795529222:  Hold'em No Limit ($0.01/$0.02 USD) - 2022/12/30 10:00:49 ET
Table 'Numerowia II' 6-max Seat #6 is the button
Seat 1: Lorpugo ($1.98 in chips) 
Seat 2: Blauerklaus3 ($1.81 in chips) 
Seat 3: ZOOlou_13 ($2 in chips) 
Seat 4: maruoyu ($4.17 in chips) 
Seat 5: MrDonRich ($1.97 in chips) 
Seat 6: So sick dude ($4.54 in chips) 
Lorpugo: posts small blind $0.01
Blauerklaus3: posts big blind $0.02
*** HOLE CARDS ***
Dealt to Lorpugo [4c 9d]
ZOOlou_13: folds 
maruoyu: folds 
MrDonRich: folds 
So sick dude: folds 
Lorpugo: folds 
Uncalled bet ($0.01) returned to Blauerklaus3
Blauerklaus3 collected $0.02 from pot
Blauerklaus3: doesn't show hand 
*** SUMMARY ***
Total pot $0.02 | Rake $0 
Seat 1: Lorpugo (small blind) folded before Flop
Seat 2: Blauerklaus3 (big blind) collected ($0.02)
Seat 3: ZOOlou_13 folded before Flop (didn't bet)
Seat 4: maruoyu folded before Flop (didn't bet)
Seat 5: MrDonRich folded before Flop (didn't bet)
Seat 6: So sick dude (button) folded before Flop (didn't bet)



PokerStars Hand #240795532299:  Hold'em No Limit ($0.01/$0.02 USD) - 2022/12/30 10:01:02 ET
Table 'Numerowia II' 6-max Seat #1 is the button
Seat 1: Lorpugo ($1.97 in chips) 
Seat 2: Blauerklaus3 ($1.82 in chips) 
Seat 3: ZOOlou_13 ($2 in chips) 
Seat 4: maruoyu ($4.17 in chips) 
Seat 5: MrDonRich ($1.97 in chips) 
Seat 6: So sick dude ($4.54 in chips) 
Blauerklaus3: posts small blind $0.01
ZOOlou_13: posts big blind $0.02
*** HOLE CARDS ***
Dealt to Lorpugo [3s Th]
maruoyu: raises $0.04 to $0.06
MrDonRich: folds 
So sick dude: folds 
Lorpugo: folds 
Blauerklaus3: calls $0.05
ZOOlou_13: folds 
*** FLOP *** [Tc Qh Kh]
Blauerklaus3: checks 
maruoyu: checks 
*** TURN *** [Tc Qh Kh] [7d]
Blauerklaus3: bets $0.02
maruoyu: raises $0.06 to $0.08
Blauerklaus3: folds 
Uncalled bet ($0.06) returned to maruoyu
maruoyu collected $0.17 from pot
*** SUMMARY ***
Total pot $0.18 | Rake $0.01 
Board [Tc Qh Kh 7d]
Seat 1: Lorpugo (button) folded before Flop (didn't bet)
Seat 2: Blauerklaus3 (small blind) folded on the Turn
Seat 3: ZOOlou_13 (big blind) folded before Flop
Seat 4: maruoyu collected ($0.17)
Seat 5: MrDonRich folded before Flop (didn't bet)
Seat 6: So sick dude folded before Flop (didn't bet)



PokerStars Hand #240795540111:  Hold'em No Limit ($0.01/$0.02 USD) - 2022/12/30 10:01:32 ET
Table 'Numerowia II' 6-max Seat #2 is the button
Seat 1: Lorpugo ($1.97 in chips) 
Seat 2: Blauerklaus3 ($1.74 in chips) 
Seat 3: ZOOlou_13 ($2 in chips) 
Seat 4: maruoyu ($4.26 in chips) 
Seat 5: MrDonRich ($1.97 in chips) 
Seat 6: So sick dude ($4.54 in chips) 
ZOOlou_13: posts small blind $0.01
maruoyu: posts big blind $0.02
*** HOLE CARDS ***
Dealt to Lorpugo [Qs Qd]
MrDonRich: folds 
So sick dude: folds 
Lorpugo: raises $0.04 to $0.06
Blauerklaus3: raises $0.15 to $0.21
ZOOlou_13: folds 
maruoyu: folds 
Lorpugo: raises $1.76 to $1.97 and is all-in
Blauerklaus3: calls $1.53 and is all-in
Uncalled bet ($0.23) returned to Lorpugo
*** FLOP *** [4s Qh 6h]
*** TURN *** [4s Qh 6h] [Jd]
*** RIVER *** [4s Qh 6h Jd] [7d]
*** SHOW DOWN ***
Lorpugo: shows [Qs Qd] (three of a kind, Queens)
Blauerklaus3: shows [Jc Kd] (a pair of Jacks)
Lorpugo collected $3.39 from pot
*** SUMMARY ***
Total pot $3.51 | Rake $0.12 
Board [4s Qh 6h Jd 7d]
Seat 1: Lorpugo showed [Qs Qd] and won ($3.39) with three of a kind, Queens
Seat 2: Blauerklaus3 (button) showed [Jc Kd] and lost with a pair of Jacks
Seat 3: ZOOlou_13 (small blind) folded before Flop
Seat 4: maruoyu (big blind) folded before Flop
Seat 5: MrDonRich folded before Flop (didn't bet)
Seat 6: So sick dude folded before Flop (didn't bet)



PokerStars Hand #240795548153:  Hold'em No Limit ($0.01/$0.02 USD) - 2022/12/30 10:02:03 ET
Table 'Numerowia II' 6-max Seat #3 is the button
Seat 1: Lorpugo ($3.62 in chips) 
Seat 3: ZOOlou_13 ($2 in chips) 
Seat 4: maruoyu ($4.24 in chips) 
Seat 5: MrDonRich ($1.97 in chips) 
Seat 6: So sick dude ($4.54 in chips) 
maruoyu: posts small blind $0.01
MrDonRich: posts big blind $0.02
*** HOLE CARDS ***
Dealt to Lorpugo [3c 3d]
So sick dude: folds 
Blauerklaus3 leaves the table
Lorpugo: raises $0.04 to $0.06
ZOOlou_13: folds 
maruoyu: folds 
MrDonRich: folds 
Uncalled bet ($0.04) returned to Lorpugo
Lorpugo collected $0.05 from pot
Lorpugo: doesn't show hand 
*** SUMMARY ***
Total pot $0.05 | Rake $0 
Seat 1: Lorpugo collected ($0.05)
Seat 3: ZOOlou_13 (button) folded before Flop (didn't bet)
Seat 4: maruoyu (small blind) folded before Flop
Seat 5: MrDonRich (big blind) folded before Flop
Seat 6: So sick dude folded before Flop (didn't bet)



PokerStars Hand #240795552221:  Hold'em No Limit ($0.01/$0.02 USD) - 2022/12/30 10:02:18 ET
Table 'Numerowia II' 6-max Seat #4 is the button
Seat 1: Lorpugo ($3.65 in chips) 
Seat 3: ZOOlou_13 ($2 in chips) 
Seat 4: maruoyu ($4.23 in chips) 
Seat 5: MrDonRich ($1.95 in chips) 
Seat 6: So sick dude ($4.54 in chips) 
MrDonRich: posts small blind $0.01
So sick dude: posts big blind $0.02
*** HOLE CARDS ***
Dealt to Lorpugo [2h 7d]
Lorpugo: folds 
ZOOlou_13: raises $0.04 to $0.06
maruoyu: folds 
MrDonRich: folds 
So sick dude: folds 
Uncalled bet ($0.04) returned to ZOOlou_13
ZOOlou_13 collected $0.05 from pot
ZOOlou_13: doesn't show hand 
*** SUMMARY ***
Total pot $0.05 | Rake $0 
Seat 1: Lorpugo folded before Flop (didn't bet)
Seat 3: ZOOlou_13 collected ($0.05)
Seat 4: maruoyu (button) folded before Flop (didn't bet)
Seat 5: MrDonRich (small blind) folded before Flop
Seat 6: So sick dude (big blind) folded before Flop



PokerStars Hand #240795556220:  Hold'em No Limit ($0.01/$0.02 USD) - 2022/12/30 10:02:33 ET
Table 'Numerowia II' 6-max Seat #5 is the button
Seat 1: Lorpugo ($3.65 in chips) 
Seat 3: ZOOlou_13 ($2.03 in chips) 
Seat 4: maruoyu ($4.23 in chips) 
Seat 5: MrDonRich ($1.94 in chips) 
Seat 6: So sick dude ($4.52 in chips) 
So sick dude: posts small blind $0.01
Lorpugo: posts big blind $0.02
*** HOLE CARDS ***
Dealt to Lorpugo [8h 7h]
ZOOlou_13: folds 
maruoyu: raises $0.04 to $0.06
MrDonRich: folds 
So sick dude: folds 
Lorpugo: calls $0.04
*** FLOP *** [Qc 5h 9c]
Lorpugo: checks 
maruoyu: checks 
*** TURN *** [Qc 5h 9c] [9s]
Lorpugo: bets $0.07
maruoyu: calls $0.07
*** RIVER *** [Qc 5h 9c 9s] [Qh]
Lorpugo: checks 
maruoyu: bets $0.17
Nol 'thra joins the table at seat #2 
Lorpugo: folds 
Uncalled bet ($0.17) returned to maruoyu
maruoyu collected $0.26 from pot
*** SUMMARY ***
Total pot $0.27 | Rake $0.01 
Board [Qc 5h 9c 9s Qh]
Seat 1: Lorpugo (big blind) folded on the River
Seat 3: ZOOlou_13 folded before Flop (didn't bet)
Seat 4: maruoyu collected ($0.26)
Seat 5: MrDonRich (button) folded before Flop (didn't bet)
Seat 6: So sick dude (small blind) folded before Flop



PokerStars Hand #240795568987:  Hold'em No Limit ($0.01/$0.02 USD) - 2022/12/30 10:03:21 ET
Table 'Numerowia II' 6-max Seat #6 is the button
Seat 1: Lorpugo ($3.52 in chips) 
Seat 2: Nol 'thra ($2 in chips) 
Seat 3: ZOOlou_13 ($2.03 in chips) 
Seat 4: maruoyu ($4.36 in chips) 
Seat 5: MrDonRich ($1.94 in chips) 
Seat 6: So sick dude ($4.51 in chips) 
Lorpugo: posts small blind $0.01
Nol 'thra: posts big blind $0.02
*** HOLE CARDS ***
Dealt to Lorpugo [4c Qd]
ZOOlou_13: raises $0.04 to $0.06
maruoyu: folds 
MrDonRich: calls $0.06
So sick dude: folds 
Lorpugo: folds 
Nol 'thra: folds 
*** FLOP *** [Qh 5d 4h]
ZOOlou_13: bets $0.06
MrDonRich: folds 
Uncalled bet ($0.06) returned to ZOOlou_13
ZOOlou_13 collected $0.14 from pot
ZOOlou_13: doesn't show hand 
*** SUMMARY ***
Total pot $0.15 | Rake $0.01 
Board [Qh 5d 4h]
Seat 1: Lorpugo (small blind) folded before Flop
Seat 2: Nol 'thra (big blind) folded before Flop
Seat 3: ZOOlou_13 collected ($0.14)
Seat 4: maruoyu folded before Flop (didn't bet)
Seat 5: MrDonRich folded on the Flop
Seat 6: So sick dude (button) folded before Flop (didn't bet)



PokerStars Hand #240795582904:  Hold'em No Limit ($0.01/$0.02 USD) - 2022/12/30 10:04:13 ET
Table 'Numerowia II' 6-max Seat #1 is the button
Seat 1: Lorpugo ($3.51 in chips) 
Seat 2: Nol 'thra ($2 in chips) 
Seat 3: ZOOlou_13 ($2.11 in chips) 
Seat 4: maruoyu ($4.36 in chips) 
Seat 5: MrDonRich ($1.88 in chips) 
Seat 6: So sick dude ($4.51 in chips) 
Nol 'thra: posts small blind $0.01
ZOOlou_13: posts big blind $0.02
*** HOLE CARDS ***
Dealt to Lorpugo [7h 6s]
maruoyu: folds 
MrDonRich: raises $0.04 to $0.06
So sick dude: folds 
Lorpugo: folds 
Nol 'thra: folds 
ZOOlou_13: calls $0.04
*** FLOP *** [3c Ah 2d]
ZOOlou_13: checks 
MrDonRich: bets $0.09
ZOOlou_13: folds 
Uncalled bet ($0.09) returned to MrDonRich
MrDonRich collected $0.13 from pot
*** SUMMARY ***
Total pot $0.13 | Rake $0 
Board [3c Ah 2d]
Seat 1: Lorpugo (button) folded before Flop (didn't bet)
Seat 2: Nol 'thra (small blind) folded before Flop
Seat 3: ZOOlou_13 (big blind) folded on the Flop
Seat 4: maruoyu folded before Flop (didn't bet)
Seat 5: MrDonRich collected ($0.13)
Seat 6: So sick dude folded before Flop (didn't bet)



PokerStars Hand #240795594205:  Hold'em No Limit ($0.01/$0.02 USD) - 2022/12/30 10:04:54 ET
Table 'Numerowia II' 6-max Seat #2 is the button
Seat 1: Lorpugo ($3.51 in chips) 
Seat 2: Nol 'thra ($2 in chips) 
Seat 3: ZOOlou_13 ($2.05 in chips) 
Seat 4: maruoyu ($4.36 in chips) 
Seat 5: MrDonRich ($1.95 in chips) 
Seat 6: So sick dude ($4.51 in chips) 
ZOOlou_13: posts small blind $0.01
maruoyu: posts big blind $0.02
*** HOLE CARDS ***
Dealt to Lorpugo [2s 7h]
MrDonRich: folds 
So sick dude: folds 
Lorpugo: folds 
Nol 'thra: folds 
ZOOlou_13: raises $0.02 to $0.04
maruoyu: raises $0.14 to $0.18
ZOOlou_13: folds 
Uncalled bet ($0.14) returned to maruoyu
maruoyu collected $0.08 from pot
*** SUMMARY ***
Total pot $0.08 | Rake $0 
Seat 1: Lorpugo folded before Flop (didn't bet)
Seat 2: Nol 'thra (button) folded before Flop (didn't bet)
Seat 3: ZOOlou_13 (small blind) folded before Flop
Seat 4: maruoyu (big blind) collected ($0.08)
Seat 5: MrDonRich folded before Flop (didn't bet)
Seat 6: So sick dude folded before Flop (didn't bet)



PokerStars Hand #240795601248:  Hold'em No Limit ($0.01/$0.02 USD) - 2022/12/30 10:05:20 ET
Table 'Numerowia II' 6-max Seat #3 is the button
Seat 1: Lorpugo ($3.51 in chips) 
Seat 2: Nol 'thra ($2 in chips) 
Seat 3: ZOOlou_13 ($2.01 in chips) 
Seat 4: maruoyu ($4.40 in chips) 
Seat 5: MrDonRich ($1.95 in chips) 
Seat 6: So sick dude ($4.51 in chips) 
maruoyu: posts small blind $0.01
MrDonRich: posts big blind $0.02
*** HOLE CARDS ***
Dealt to Lorpugo [Ah 5h]
So sick dude: folds 
Lorpugo: raises $0.04 to $0.06
Nol 'thra: folds 
ZOOlou_13: calls $0.06
maruoyu: folds 
MrDonRich: calls $0.04
*** FLOP *** [Jc 5d 6h]
MrDonRich: checks 
Lorpugo: bets $0.12
ZOOlou_13: folds 
MrDonRich: calls $0.12
*** TURN *** [Jc 5d 6h] [7c]
MrDonRich: checks 
Lorpugo: checks 
*** RIVER *** [Jc 5d 6h 7c] [Kc]
MrDonRich: checks 
Lorpugo: checks 
*** SHOW DOWN ***
MrDonRich: shows [6c 6d] (three of a kind, Sixes)
Lorpugo: mucks hand 
MrDonRich collected $0.41 from pot
*** SUMMARY ***
Total pot $0.43 | Rake $0.02 
Board [Jc 5d 6h 7c Kc]
Seat 1: Lorpugo mucked [Ah 5h]
Seat 2: Nol 'thra folded before Flop (didn't bet)
Seat 3: ZOOlou_13 (button) folded on the Flop
Seat 4: maruoyu (small blind) folded before Flop
Seat 5: MrDonRich (big blind) showed [6c 6d] and won ($0.41) with three of a kind, Sixes
Seat 6: So sick dude folded before Flop (didn't bet)



