PokerStars Hand #240727879172:  Hold'em No Limit ($0.01/$0.02 USD) - 2022/12/27 11:18:57 ET
Table 'Naantali' 6-max Seat #6 is the button
Seat 3: Prince Mantis ($3.99 in chips) 
Seat 4: Lorpugo ($1.60 in chips) 
Seat 5: EvilGxd ($2 in chips) 
Seat 6: MrZhelyazkov ($2.52 in chips) 
Prince Mantis: posts small blind $0.01
Lorpugo: posts big blind $0.02
*** HOLE CARDS ***
Dealt to Lorpugo [6c 9s]
EvilGxd: folds 
MrZhelyazkov: raises $0.02 to $0.04
Prince Mantis: folds 
Lorpugo: calls $0.02
*** FLOP *** [5c 8h Kc]
Lorpugo: checks 
MrZhelyazkov: checks 
*** TURN *** [5c 8h Kc] [Qh]
PokerKNARF77 leaves the table
Lorpugo: bets $0.04
bd.paulo14 joins the table at seat #1 
MrZhelyazkov: folds 
Uncalled bet ($0.04) returned to Lorpugo
Lorpugo collected $0.09 from pot
Lorpugo: doesn't show hand 
*** SUMMARY ***
Total pot $0.09 | Rake $0 
Board [5c 8h Kc Qh]
Seat 3: Prince Mantis (small blind) folded before Flop
Seat 4: Lorpugo (big blind) collected ($0.09)
Seat 5: EvilGxd folded before Flop (didn't bet)
Seat 6: MrZhelyazkov (button) folded on the Turn



PokerStars Hand #240727891464:  Hold'em No Limit ($0.01/$0.02 USD) - 2022/12/27 11:19:31 ET
Table 'Naantali' 6-max Seat #3 is the button
Seat 3: Prince Mantis ($3.98 in chips) 
Seat 4: Lorpugo ($1.65 in chips) 
Seat 5: EvilGxd ($2 in chips) 
Seat 6: MrZhelyazkov ($2.48 in chips) 
Lorpugo: posts small blind $0.01
EvilGxd: posts big blind $0.02
*** HOLE CARDS ***
Dealt to Lorpugo [Th Kd]
MrZhelyazkov: folds 
Prince Mantis: raises $0.04 to $0.06
Lorpugo: calls $0.05
EvilGxd: calls $0.04
*** FLOP *** [6s 9h 2c]
Lorpugo: checks 
EvilGxd: checks 
Prince Mantis: bets $0.10
Lorpugo: folds 
EvilGxd: calls $0.10
*** TURN *** [6s 9h 2c] [3s]
EvilGxd: checks 
Prince Mantis: bets $0.22
Mac Kinney123 leaves the table
EvilGxd: calls $0.22
*** RIVER *** [6s 9h 2c 3s] [5h]
ShakaUA joins the table at seat #2 
EvilGxd: checks 
Prince Mantis: checks 
*** SHOW DOWN ***
EvilGxd: shows [Jc 6c] (a pair of Sixes)
Prince Mantis: mucks hand 
EvilGxd collected $0.79 from pot
*** SUMMARY ***
Total pot $0.82 | Rake $0.03 
Board [6s 9h 2c 3s 5h]
Seat 3: Prince Mantis (button) mucked [Qd 8d]
Seat 4: Lorpugo (small blind) folded on the Flop
Seat 5: EvilGxd (big blind) showed [Jc 6c] and won ($0.79) with a pair of Sixes
Seat 6: MrZhelyazkov folded before Flop (didn't bet)



PokerStars Hand #240727917501:  Hold'em No Limit ($0.01/$0.02 USD) - 2022/12/27 11:20:45 ET
Table 'Naantali' 6-max Seat #4 is the button
Seat 1: bd.paulo14 ($1.56 in chips) 
Seat 3: Prince Mantis ($3.60 in chips) 
Seat 4: Lorpugo ($1.59 in chips) 
Seat 5: EvilGxd ($2.41 in chips) 
Seat 6: MrZhelyazkov ($2.48 in chips) 
EvilGxd: posts small blind $0.01
MrZhelyazkov: posts big blind $0.02
bd.paulo14: posts big blind $0.02
*** HOLE CARDS ***
Dealt to Lorpugo [7s Jc]
bd.paulo14: checks 
Prince Mantis: folds 
Lorpugo: folds 
EvilGxd: folds 
MrZhelyazkov: raises $0.06 to $0.08
bd.paulo14: folds 
Uncalled bet ($0.06) returned to MrZhelyazkov
MrZhelyazkov collected $0.05 from pot
*** SUMMARY ***
Total pot $0.05 | Rake $0 
Seat 1: bd.paulo14 folded before Flop (didn't bet)
Seat 3: Prince Mantis folded before Flop (didn't bet)
Seat 4: Lorpugo (button) folded before Flop (didn't bet)
Seat 5: EvilGxd (small blind) folded before Flop
Seat 6: MrZhelyazkov (big blind) collected ($0.05)



PokerStars Hand #240727924793:  Hold'em No Limit ($0.01/$0.02 USD) - 2022/12/27 11:21:06 ET
Table 'Naantali' 6-max Seat #5 is the button
Seat 1: bd.paulo14 ($1.54 in chips) 
Seat 3: Prince Mantis ($3.60 in chips) 
Seat 4: Lorpugo ($1.59 in chips) 
Seat 5: EvilGxd ($2.40 in chips) 
Seat 6: MrZhelyazkov ($2.51 in chips) 
MrZhelyazkov: posts small blind $0.01
bd.paulo14: posts big blind $0.02
*** HOLE CARDS ***
Dealt to Lorpugo [Jc 3s]
Prince Mantis: folds 
Lorpugo: folds 
EvilGxd: folds 
MrZhelyazkov: folds 
Uncalled bet ($0.01) returned to bd.paulo14
bd.paulo14 collected $0.02 from pot
*** SUMMARY ***
Total pot $0.02 | Rake $0 
Seat 1: bd.paulo14 (big blind) collected ($0.02)
Seat 3: Prince Mantis folded before Flop (didn't bet)
Seat 4: Lorpugo folded before Flop (didn't bet)
Seat 5: EvilGxd (button) folded before Flop (didn't bet)
Seat 6: MrZhelyazkov (small blind) folded before Flop



PokerStars Hand #240727929122:  Hold'em No Limit ($0.01/$0.02 USD) - 2022/12/27 11:21:18 ET
Table 'Naantali' 6-max Seat #6 is the button
Seat 1: bd.paulo14 ($1.55 in chips) 
Seat 2: ShakaUA ($2 in chips) 
Seat 3: Prince Mantis ($3.60 in chips) 
Seat 4: Lorpugo ($1.59 in chips) 
Seat 5: EvilGxd ($2.40 in chips) 
Seat 6: MrZhelyazkov ($2.50 in chips) 
bd.paulo14: posts small blind $0.01
ShakaUA: posts big blind $0.02
*** HOLE CARDS ***
Dealt to Lorpugo [9d 7c]
Prince Mantis: folds 
Lorpugo: folds 
EvilGxd: folds 
MrZhelyazkov: folds 
bd.paulo14: calls $0.01
ShakaUA: checks 
*** FLOP *** [Ks Th 9c]
bd.paulo14: checks 
ShakaUA: bets $0.02
bd.paulo14: folds 
Uncalled bet ($0.02) returned to ShakaUA
ShakaUA collected $0.04 from pot
ShakaUA: doesn't show hand 
*** SUMMARY ***
Total pot $0.04 | Rake $0 
Board [Ks Th 9c]
Seat 1: bd.paulo14 (small blind) folded on the Flop
Seat 2: ShakaUA (big blind) collected ($0.04)
Seat 3: Prince Mantis folded before Flop (didn't bet)
Seat 4: Lorpugo folded before Flop (didn't bet)
Seat 5: EvilGxd folded before Flop (didn't bet)
Seat 6: MrZhelyazkov (button) folded before Flop (didn't bet)



PokerStars Hand #240727940223:  Hold'em No Limit ($0.01/$0.02 USD) - 2022/12/27 11:21:49 ET
Table 'Naantali' 6-max Seat #1 is the button
Seat 1: bd.paulo14 ($1.53 in chips) 
Seat 2: ShakaUA ($2.02 in chips) 
Seat 3: Prince Mantis ($3.60 in chips) 
Seat 4: Lorpugo ($1.59 in chips) 
Seat 5: EvilGxd ($2.40 in chips) 
Seat 6: MrZhelyazkov ($2.50 in chips) 
ShakaUA: posts small blind $0.01
Prince Mantis: posts big blind $0.02
*** HOLE CARDS ***
Dealt to Lorpugo [Ks 8c]
Lorpugo: folds 
EvilGxd has timed out
EvilGxd: folds 
MrZhelyazkov: raises $0.06 to $0.08
bd.paulo14: folds 
bd.paulo14 leaves the table
ShakaUA: folds 
Prince Mantis: folds 
Uncalled bet ($0.06) returned to MrZhelyazkov
MrZhelyazkov collected $0.05 from pot
*** SUMMARY ***
Total pot $0.05 | Rake $0 
Seat 1: bd.paulo14 (button) folded before Flop (didn't bet)
Seat 2: ShakaUA (small blind) folded before Flop
Seat 3: Prince Mantis (big blind) folded before Flop
Seat 4: Lorpugo folded before Flop (didn't bet)
Seat 5: EvilGxd folded before Flop (didn't bet)
Seat 6: MrZhelyazkov collected ($0.05)



PokerStars Hand #240727950463:  Hold'em No Limit ($0.01/$0.02 USD) - 2022/12/27 11:22:18 ET
Table 'Naantali' 6-max Seat #2 is the button
Seat 2: ShakaUA ($2.01 in chips) 
Seat 3: Prince Mantis ($3.58 in chips) 
Seat 4: Lorpugo ($1.59 in chips) 
Seat 6: MrZhelyazkov ($2.53 in chips) 
Prince Mantis: posts small blind $0.01
Lorpugo: posts big blind $0.02
*** HOLE CARDS ***
Dealt to Lorpugo [Js 3s]
MrZhelyazkov: raises $0.02 to $0.04
ShakaUA: folds 
Prince Mantis: folds 
Lorpugo: calls $0.02
*** FLOP *** [Kc Td As]
Lorpugo: checks 
MrZhelyazkov: bets $0.06
Lorpugo: folds 
Uncalled bet ($0.06) returned to MrZhelyazkov
MrZhelyazkov collected $0.09 from pot
*** SUMMARY ***
Total pot $0.09 | Rake $0 
Board [Kc Td As]
Seat 2: ShakaUA (button) folded before Flop (didn't bet)
Seat 3: Prince Mantis (small blind) folded before Flop
Seat 4: Lorpugo (big blind) folded on the Flop
Seat 6: MrZhelyazkov collected ($0.09)



PokerStars Hand #240727960002:  Hold'em No Limit ($0.01/$0.02 USD) - 2022/12/27 11:22:46 ET
Table 'Naantali' 6-max Seat #3 is the button
Seat 2: ShakaUA ($2.01 in chips) 
Seat 3: Prince Mantis ($3.57 in chips) 
Seat 4: Lorpugo ($1.55 in chips) 
Seat 6: MrZhelyazkov ($2.58 in chips) 
Lorpugo: posts small blind $0.01
MrZhelyazkov: posts big blind $0.02
*** HOLE CARDS ***
Dealt to Lorpugo [Js 9d]
ShakaUA: folds 
Prince Mantis: folds 
Lorpugo: raises $0.04 to $0.06
MrZhelyazkov: calls $0.04
*** FLOP *** [2c 3s Qc]
Lorpugo: bets $0.06
MrZhelyazkov: folds 
Uncalled bet ($0.06) returned to Lorpugo
Lorpugo collected $0.12 from pot
Lorpugo: doesn't show hand 
*** SUMMARY ***
Total pot $0.12 | Rake $0 
Board [2c 3s Qc]
Seat 2: ShakaUA folded before Flop (didn't bet)
Seat 3: Prince Mantis (button) folded before Flop (didn't bet)
Seat 4: Lorpugo (small blind) collected ($0.12)
Seat 6: MrZhelyazkov (big blind) folded on the Flop



PokerStars Hand #240727967926:  Hold'em No Limit ($0.01/$0.02 USD) - 2022/12/27 11:23:08 ET
Table 'Naantali' 6-max Seat #4 is the button
Seat 2: ShakaUA ($2.01 in chips) 
Seat 3: Prince Mantis ($3.57 in chips) 
Seat 4: Lorpugo ($1.61 in chips) 
Seat 6: MrZhelyazkov ($2.52 in chips) 
MrZhelyazkov: posts small blind $0.01
ShakaUA: posts big blind $0.02
*** HOLE CARDS ***
Dealt to Lorpugo [Jc Ac]
Prince Mantis: folds 
Lorpugo: raises $0.04 to $0.06
MrZhelyazkov: folds 
ShakaUA: calls $0.04
*** FLOP *** [9h Qh Jh]
ShakaUA: checks 
Lorpugo: checks 
*** TURN *** [9h Qh Jh] [4h]
Shutou7 joins the table at seat #1 
ShakaUA: checks 
Lorpugo: checks 
*** RIVER *** [9h Qh Jh 4h] [Qc]
ShakaUA: checks 
Lorpugo: checks 
*** SHOW DOWN ***
ShakaUA: shows [6s 8s] (a pair of Queens)
Lorpugo: shows [Jc Ac] (two pair, Queens and Jacks)
Lorpugo collected $0.13 from pot
*** SUMMARY ***
Total pot $0.13 | Rake $0 
Board [9h Qh Jh 4h Qc]
Seat 2: ShakaUA (big blind) showed [6s 8s] and lost with a pair of Queens
Seat 3: Prince Mantis folded before Flop (didn't bet)
Seat 4: Lorpugo (button) showed [Jc Ac] and won ($0.13) with two pair, Queens and Jacks
Seat 6: MrZhelyazkov (small blind) folded before Flop



PokerStars Hand #240727979118:  Hold'em No Limit ($0.01/$0.02 USD) - 2022/12/27 11:23:40 ET
Table 'Naantali' 6-max Seat #6 is the button
Seat 2: ShakaUA ($2 in chips) 
Seat 3: Prince Mantis ($3.57 in chips) 
Seat 4: Lorpugo ($1.68 in chips) 
Seat 6: MrZhelyazkov ($2.51 in chips) 
ShakaUA: posts small blind $0.01
Prince Mantis: posts big blind $0.02
*** HOLE CARDS ***
Dealt to Lorpugo [Kc 7s]
Lorpugo: folds 
MrZhelyazkov: raises $0.04 to $0.06
ShakaUA: raises $0.18 to $0.24
Prince Mantis: folds 
MrZhelyazkov: folds 
Uncalled bet ($0.18) returned to ShakaUA
ShakaUA collected $0.14 from pot
ShakaUA: doesn't show hand 
*** SUMMARY ***
Total pot $0.14 | Rake $0 
Seat 2: ShakaUA (small blind) collected ($0.14)
Seat 3: Prince Mantis (big blind) folded before Flop
Seat 4: Lorpugo folded before Flop (didn't bet)
Seat 6: MrZhelyazkov (button) folded before Flop



PokerStars Hand #240727985188:  Hold'em No Limit ($0.01/$0.02 USD) - 2022/12/27 11:23:57 ET
Table 'Naantali' 6-max Seat #2 is the button
Seat 1: Shutou7 ($2 in chips) 
Seat 2: ShakaUA ($2.08 in chips) 
Seat 3: Prince Mantis ($3.55 in chips) 
Seat 4: Lorpugo ($1.68 in chips) 
Seat 6: MrZhelyazkov ($2.45 in chips) 
Prince Mantis: posts small blind $0.01
Lorpugo: posts big blind $0.02
Shutou7: posts big blind $0.02
*** HOLE CARDS ***
Dealt to Lorpugo [7c Kh]
MrZhelyazkov: raises $0.06 to $0.08
Shutou7: calls $0.06
ShakaUA: folds 
Prince Mantis: folds 
Lorpugo: folds 
*** FLOP *** [Ah Jh 7h]
MrZhelyazkov: bets $0.06
Shutou7: calls $0.06
*** TURN *** [Ah Jh 7h] [Qc]
MrZhelyazkov: bets $0.08
Shutou7: raises $0.46 to $0.54
MrZhelyazkov: folds 
Uncalled bet ($0.46) returned to Shutou7
Shutou7 collected $0.45 from pot
*** SUMMARY ***
Total pot $0.47 | Rake $0.02 
Board [Ah Jh 7h Qc]
Seat 1: Shutou7 collected ($0.45)
Seat 2: ShakaUA (button) folded before Flop (didn't bet)
Seat 3: Prince Mantis (small blind) folded before Flop
Seat 4: Lorpugo (big blind) folded before Flop
Seat 6: MrZhelyazkov folded on the Turn



PokerStars Hand #240728007296:  Hold'em No Limit ($0.01/$0.02 USD) - 2022/12/27 11:25:00 ET
Table 'Naantali' 6-max Seat #3 is the button
Seat 1: Shutou7 ($2.23 in chips) 
Seat 2: ShakaUA ($2.08 in chips) 
Seat 3: Prince Mantis ($3.54 in chips) 
Seat 4: Lorpugo ($1.66 in chips) 
Seat 5: EvilGxd ($2.40 in chips) 
Seat 6: MrZhelyazkov ($2.23 in chips) 
Lorpugo: posts small blind $0.01
EvilGxd: posts big blind $0.02
*** HOLE CARDS ***
Dealt to Lorpugo [4h 7h]
MrZhelyazkov: raises $0.08 to $0.10
Shutou7: folds 
ShakaUA: folds 
Prince Mantis: folds 
Lorpugo: folds 
EvilGxd: folds 
Uncalled bet ($0.08) returned to MrZhelyazkov
MrZhelyazkov collected $0.05 from pot
*** SUMMARY ***
Total pot $0.05 | Rake $0 
Seat 1: Shutou7 folded before Flop (didn't bet)
Seat 2: ShakaUA folded before Flop (didn't bet)
Seat 3: Prince Mantis (button) folded before Flop (didn't bet)
Seat 4: Lorpugo (small blind) folded before Flop
Seat 5: EvilGxd (big blind) folded before Flop
Seat 6: MrZhelyazkov collected ($0.05)



PokerStars Hand #240728014527:  Hold'em No Limit ($0.01/$0.02 USD) - 2022/12/27 11:25:20 ET
Table 'Naantali' 6-max Seat #4 is the button
Seat 1: Shutou7 ($2.23 in chips) 
Seat 2: ShakaUA ($2.08 in chips) 
Seat 3: Prince Mantis ($3.54 in chips) 
Seat 4: Lorpugo ($1.65 in chips) 
Seat 5: EvilGxd ($2.38 in chips) 
Seat 6: MrZhelyazkov ($2.26 in chips) 
EvilGxd: posts small blind $0.01
MrZhelyazkov: posts big blind $0.02
*** HOLE CARDS ***
Dealt to Lorpugo [7c Td]
Shutou7: raises $0.04 to $0.06
ShakaUA: raises $0.12 to $0.18
Prince Mantis: folds 
Lorpugo: folds 
EvilGxd: folds 
MrZhelyazkov: folds 
Shutou7: calls $0.12
*** FLOP *** [6h Tc 2c]
Shutou7: bets $0.16
ShakaUA: calls $0.16
*** TURN *** [6h Tc 2c] [8c]
Shutou7: bets $0.24
ShakaUA: calls $0.24
*** RIVER *** [6h Tc 2c 8c] [3c]
Shutou7: bets $0.96
ShakaUA: calls $0.96
*** SHOW DOWN ***
Shutou7: shows [6c Ac] (a flush, Ace high)
ShakaUA: mucks hand 
Shutou7 collected $3 from pot
*** SUMMARY ***
Total pot $3.11 | Rake $0.11 
Board [6h Tc 2c 8c 3c]
Seat 1: Shutou7 showed [6c Ac] and won ($3) with a flush, Ace high
Seat 2: ShakaUA mucked [Kh Kc]
Seat 3: Prince Mantis folded before Flop (didn't bet)
Seat 4: Lorpugo (button) folded before Flop (didn't bet)
Seat 5: EvilGxd (small blind) folded before Flop
Seat 6: MrZhelyazkov (big blind) folded before Flop



PokerStars Hand #240728038245:  Hold'em No Limit ($0.01/$0.02 USD) - 2022/12/27 11:26:27 ET
Table 'Naantali' 6-max Seat #5 is the button
Seat 1: Shutou7 ($3.69 in chips) 
Seat 2: ShakaUA ($2 in chips) 
Seat 3: Prince Mantis ($3.54 in chips) 
Seat 4: Lorpugo ($1.65 in chips) 
Seat 5: EvilGxd ($2.37 in chips) 
Seat 6: MrZhelyazkov ($2.24 in chips) 
MrZhelyazkov: posts small blind $0.01
Shutou7: posts big blind $0.02
*** HOLE CARDS ***
Dealt to Lorpugo [Ks Kd]
ShakaUA: folds 
Prince Mantis: folds 
Lorpugo: raises $0.04 to $0.06
EvilGxd: folds 
MrZhelyazkov: calls $0.05
Shutou7: raises $0.18 to $0.24
Lorpugo: raises $0.54 to $0.78
MrZhelyazkov: folds 
Shutou7: raises $2.91 to $3.69 and is all-in
Lorpugo: calls $0.87 and is all-in
Uncalled bet ($2.04) returned to Shutou7
*** FLOP *** [Jh 9d 3h]
*** TURN *** [Jh 9d 3h] [9s]
*** RIVER *** [Jh 9d 3h 9s] [Ad]
*** SHOW DOWN ***
Shutou7: shows [Jd Js] (a full house, Jacks full of Nines)
Lorpugo: shows [Ks Kd] (two pair, Kings and Nines)
Shutou7 collected $3.24 from pot
*** SUMMARY ***
Total pot $3.36 | Rake $0.12 
Board [Jh 9d 3h 9s Ad]
Seat 1: Shutou7 (big blind) showed [Jd Js] and won ($3.24) with a full house, Jacks full of Nines
Seat 2: ShakaUA folded before Flop (didn't bet)
Seat 3: Prince Mantis folded before Flop (didn't bet)
Seat 4: Lorpugo showed [Ks Kd] and lost with two pair, Kings and Nines
Seat 5: EvilGxd (button) folded before Flop (didn't bet)
Seat 6: MrZhelyazkov (small blind) folded before Flop



PokerStars Hand #240728092848:  Hold'em No Limit ($0.01/$0.02 USD) - 2022/12/27 11:29:02 ET
Table 'Naantali' 6-max Seat #3 is the button
Seat 3: Prince Mantis ($3.52 in chips) 
Seat 4: Lorpugo ($1.60 in chips) 
Seat 5: EvilGxd ($4.43 in chips) 
Lorpugo: posts small blind $0.01
EvilGxd: posts big blind $0.02
*** HOLE CARDS ***
Dealt to Lorpugo [3d 2s]
Prince Mantis: raises $0.04 to $0.06
Lorpugo: folds 
EvilGxd: folds 
Uncalled bet ($0.04) returned to Prince Mantis
Prince Mantis collected $0.05 from pot
Prince Mantis: doesn't show hand 
*** SUMMARY ***
Total pot $0.05 | Rake $0 
Seat 3: Prince Mantis (button) collected ($0.05)
Seat 4: Lorpugo (small blind) folded before Flop
Seat 5: EvilGxd (big blind) folded before Flop



PokerStars Hand #240728099716:  Hold'em No Limit ($0.01/$0.02 USD) - 2022/12/27 11:29:21 ET
Table 'Naantali' 6-max Seat #4 is the button
Seat 3: Prince Mantis ($3.55 in chips) 
Seat 4: Lorpugo ($1.59 in chips) 
Seat 5: EvilGxd ($4.41 in chips) 
Seat 6: MrZhelyazkov ($2 in chips) 
EvilGxd: posts small blind $0.01
MrZhelyazkov: posts big blind $0.02
*** HOLE CARDS ***
Dealt to Lorpugo [4c 6c]
Prince Mantis: folds 
Lorpugo: raises $0.04 to $0.06
EvilGxd: folds 
MrZhelyazkov: calls $0.04
*** FLOP *** [Jh Th 9s]
MrZhelyazkov: bets $0.06
Lorpugo: folds 
Uncalled bet ($0.06) returned to MrZhelyazkov
MrZhelyazkov collected $0.13 from pot
*** SUMMARY ***
Total pot $0.13 | Rake $0 
Board [Jh Th 9s]
Seat 3: Prince Mantis folded before Flop (didn't bet)
Seat 4: Lorpugo (button) folded on the Flop
Seat 5: EvilGxd (small blind) folded before Flop
Seat 6: MrZhelyazkov (big blind) collected ($0.13)



PokerStars Hand #240728105498:  Hold'em No Limit ($0.01/$0.02 USD) - 2022/12/27 11:29:38 ET
Table 'Naantali' 6-max Seat #5 is the button
Seat 1: dede1704 ($2 in chips) 
Seat 3: Prince Mantis ($3.55 in chips) 
Seat 4: Lorpugo ($1.53 in chips) 
Seat 5: EvilGxd ($4.40 in chips) 
Seat 6: MrZhelyazkov ($2.07 in chips) 
MrZhelyazkov: posts small blind $0.01
dede1704: posts big blind $0.02
*** HOLE CARDS ***
Dealt to Lorpugo [Kd Ad]
Prince Mantis: folds 
Lorpugo: raises $0.04 to $0.06
EvilGxd: calls $0.06
MrZhelyazkov: folds 
dede1704: folds 
*** FLOP *** [Kh Qc 5s]
Lorpugo: checks 
EvilGxd: bets $0.04
dede1704 leaves the table
Lorpugo: raises $0.11 to $0.15
Baddey12 joins the table at seat #1 
EvilGxd: calls $0.11
*** TURN *** [Kh Qc 5s] [2c]
Lorpugo: bets $0.28
EvilGxd: folds 
Uncalled bet ($0.28) returned to Lorpugo
Lorpugo collected $0.43 from pot
Lorpugo: doesn't show hand 
*** SUMMARY ***
Total pot $0.45 | Rake $0.02 
Board [Kh Qc 5s 2c]
Seat 1: dede1704 (big blind) folded before Flop
Seat 3: Prince Mantis folded before Flop (didn't bet)
Seat 4: Lorpugo collected ($0.43)
Seat 5: EvilGxd (button) folded on the Turn
Seat 6: MrZhelyazkov (small blind) folded before Flop



PokerStars Hand #240728131420:  Hold'em No Limit ($0.01/$0.02 USD) - 2022/12/27 11:30:48 ET
Table 'Naantali' 6-max Seat #6 is the button
Seat 3: Prince Mantis ($3.55 in chips) 
Seat 4: Lorpugo ($1.75 in chips) 
Seat 5: EvilGxd ($4.19 in chips) 
Seat 6: MrZhelyazkov ($2.06 in chips) 
Prince Mantis: posts small blind $0.01
Lorpugo: posts big blind $0.02
*** HOLE CARDS ***
Dealt to Lorpugo [Ac 7d]
EvilGxd: raises $0.02 to $0.04
MrZhelyazkov: folds 
Prince Mantis: folds 
Lorpugo: calls $0.02
*** FLOP *** [Qs 3h 9s]
Lorpugo: checks 
EvilGxd: checks 
*** TURN *** [Qs 3h 9s] [Qh]
Lorpugo: bets $0.05
EvilGxd: folds 
Uncalled bet ($0.05) returned to Lorpugo
Lorpugo collected $0.09 from pot
Lorpugo: doesn't show hand 
*** SUMMARY ***
Total pot $0.09 | Rake $0 
Board [Qs 3h 9s Qh]
Seat 3: Prince Mantis (small blind) folded before Flop
Seat 4: Lorpugo (big blind) collected ($0.09)
Seat 5: EvilGxd folded on the Turn
Seat 6: MrZhelyazkov (button) folded before Flop (didn't bet)



PokerStars Hand #240728147924:  Hold'em No Limit ($0.01/$0.02 USD) - 2022/12/27 11:31:32 ET
Table 'Naantali' 6-max Seat #3 is the button
Seat 1: Baddey12 ($1.60 in chips) 
Seat 3: Prince Mantis ($3.54 in chips) 
Seat 4: Lorpugo ($1.80 in chips) 
Seat 5: EvilGxd ($4.15 in chips) 
Seat 6: MrZhelyazkov ($2.06 in chips) 
Lorpugo: posts small blind $0.01
EvilGxd: posts big blind $0.02
Baddey12: posts big blind $0.02
*** HOLE CARDS ***
Dealt to Lorpugo [6s Td]
MrZhelyazkov: folds 
Baddey12 has timed out
Baddey12: checks 
Prince Mantis: raises $0.06 to $0.08
Lorpugo: folds 
EvilGxd: folds 
Baddey12: calls $0.06
*** FLOP *** [Ks 9s 8c]
Baddey12: checks 
Prince Mantis: checks 
*** TURN *** [Ks 9s 8c] [9c]
Baddey12: checks 
Prince Mantis: bets $0.10
Baddey12: calls $0.10
*** RIVER *** [Ks 9s 8c 9c] [9h]
Baddey12: checks 
Prince Mantis: checks 
*** SHOW DOWN ***
Baddey12: shows [Qh Ac] (three of a kind, Nines)
Prince Mantis: shows [Ah 2h] (three of a kind, Nines)
Baddey12 collected $0.19 from pot
Prince Mantis collected $0.19 from pot
*** SUMMARY ***
Total pot $0.39 | Rake $0.01 
Board [Ks 9s 8c 9c 9h]
Seat 1: Baddey12 showed [Qh Ac] and won ($0.19) with three of a kind, Nines
Seat 3: Prince Mantis (button) showed [Ah 2h] and won ($0.19) with three of a kind, Nines
Seat 4: Lorpugo (small blind) folded before Flop
Seat 5: EvilGxd (big blind) folded before Flop
Seat 6: MrZhelyazkov folded before Flop (didn't bet)



PokerStars Hand #240728173353:  Hold'em No Limit ($0.01/$0.02 USD) - 2022/12/27 11:32:39 ET
Table 'Naantali' 6-max Seat #4 is the button
Seat 1: Baddey12 ($1.61 in chips) 
Seat 3: Prince Mantis ($3.55 in chips) 
Seat 4: Lorpugo ($1.79 in chips) 
Seat 5: EvilGxd ($4.13 in chips) 
Seat 6: MrZhelyazkov ($2.06 in chips) 
EvilGxd: posts small blind $0.01
MrZhelyazkov: posts big blind $0.02
*** HOLE CARDS ***
Dealt to Lorpugo [Kd 5s]
Baddey12: folds 
Prince Mantis: raises $0.04 to $0.06
Lorpugo: folds 
EvilGxd: folds 
MrZhelyazkov: folds 
Uncalled bet ($0.04) returned to Prince Mantis
Prince Mantis collected $0.05 from pot
Prince Mantis: doesn't show hand 
*** SUMMARY ***
Total pot $0.05 | Rake $0 
Seat 1: Baddey12 folded before Flop (didn't bet)
Seat 3: Prince Mantis collected ($0.05)
Seat 4: Lorpugo (button) folded before Flop (didn't bet)
Seat 5: EvilGxd (small blind) folded before Flop
Seat 6: MrZhelyazkov (big blind) folded before Flop



PokerStars Hand #240728178955:  Hold'em No Limit ($0.01/$0.02 USD) - 2022/12/27 11:32:54 ET
Table 'Naantali' 6-max Seat #5 is the button
Seat 1: Baddey12 ($1.61 in chips) 
Seat 3: Prince Mantis ($3.58 in chips) 
Seat 4: Lorpugo ($1.79 in chips) 
Seat 5: EvilGxd ($4.12 in chips) 
Seat 6: MrZhelyazkov ($2.04 in chips) 
MrZhelyazkov: posts small blind $0.01
Baddey12: posts big blind $0.02
*** HOLE CARDS ***
Dealt to Lorpugo [6h 9d]
Prince Mantis: folds 
Lorpugo: folds 
EvilGxd: folds 
MrZhelyazkov: raises $0.02 to $0.04
Baddey12: calls $0.02
*** FLOP *** [Ad Td 8c]
MrZhelyazkov: bets $0.04
Baddey12: calls $0.04
*** TURN *** [Ad Td 8c] [8h]
MrZhelyazkov: bets $0.08
Baddey12: calls $0.08
*** RIVER *** [Ad Td 8c 8h] [9h]
MrZhelyazkov: bets $0.31
Baddey12: calls $0.31
*** SHOW DOWN ***
MrZhelyazkov: shows [Kd 8s] (three of a kind, Eights)
Baddey12: mucks hand 
MrZhelyazkov collected $0.91 from pot
*** SUMMARY ***
Total pot $0.94 | Rake $0.03 
Board [Ad Td 8c 8h 9h]
Seat 1: Baddey12 (big blind) mucked [As Kh]
Seat 3: Prince Mantis folded before Flop (didn't bet)
Seat 4: Lorpugo folded before Flop (didn't bet)
Seat 5: EvilGxd (button) folded before Flop (didn't bet)
Seat 6: MrZhelyazkov (small blind) showed [Kd 8s] and won ($0.91) with three of a kind, Eights



PokerStars Hand #240728194973:  Hold'em No Limit ($0.01/$0.02 USD) - 2022/12/27 11:33:37 ET
Table 'Naantali' 6-max Seat #6 is the button
Seat 1: Baddey12 ($1.14 in chips) 
Seat 2: ShakaUA ($2 in chips) 
Seat 3: Prince Mantis ($3.58 in chips) 
Seat 4: Lorpugo ($1.79 in chips) 
Seat 5: EvilGxd ($4.12 in chips) 
Seat 6: MrZhelyazkov ($2.48 in chips) 
Baddey12: posts small blind $0.01
ShakaUA: posts big blind $0.02
*** HOLE CARDS ***
Dealt to Lorpugo [Kd 9c]
Prince Mantis: folds 
Lorpugo: folds 
EvilGxd: folds 
MrZhelyazkov: folds 
Baddey12: calls $0.01
ShakaUA: checks 
*** FLOP *** [6h 3h Kc]
Baddey12: checks 
ShakaUA: checks 
*** TURN *** [6h 3h Kc] [9d]
Baddey12: checks 
ShakaUA: checks 
*** RIVER *** [6h 3h Kc 9d] [2d]
Baddey12: checks 
ShakaUA: checks 
*** SHOW DOWN ***
Baddey12: shows [Ac 8h] (high card Ace)
ShakaUA: shows [2c 8d] (a pair of Deuces)
ShakaUA collected $0.04 from pot
*** SUMMARY ***
Total pot $0.04 | Rake $0 
Board [6h 3h Kc 9d 2d]
Seat 1: Baddey12 (small blind) showed [Ac 8h] and lost with high card Ace
Seat 2: ShakaUA (big blind) showed [2c 8d] and won ($0.04) with a pair of Deuces
Seat 3: Prince Mantis folded before Flop (didn't bet)
Seat 4: Lorpugo folded before Flop (didn't bet)
Seat 5: EvilGxd folded before Flop (didn't bet)
Seat 6: MrZhelyazkov (button) folded before Flop (didn't bet)



PokerStars Hand #240728208124:  Hold'em No Limit ($0.01/$0.02 USD) - 2022/12/27 11:34:13 ET
Table 'Naantali' 6-max Seat #1 is the button
Seat 1: Baddey12 ($1.12 in chips) 
Seat 2: ShakaUA ($2.02 in chips) 
Seat 3: Prince Mantis ($3.58 in chips) 
Seat 4: Lorpugo ($1.79 in chips) 
Seat 5: EvilGxd ($4.12 in chips) 
Seat 6: MrZhelyazkov ($2.48 in chips) 
ShakaUA: posts small blind $0.01
Prince Mantis: posts big blind $0.02
*** HOLE CARDS ***
Dealt to Lorpugo [Js Ad]
Lorpugo: raises $0.04 to $0.06
EvilGxd: folds 
MrZhelyazkov: calls $0.06
Baddey12: folds 
ShakaUA: folds 
Prince Mantis: folds 
*** FLOP *** [6d 4d Kd]
Lorpugo: checks 
MrZhelyazkov: bets $0.07
Lorpugo: calls $0.07
*** TURN *** [6d 4d Kd] [3h]
Lorpugo: checks 
MrZhelyazkov: bets $0.10
Lorpugo: raises $0.20 to $0.30
MrZhelyazkov: folds [Jd Kc]
Uncalled bet ($0.20) returned to Lorpugo
Lorpugo collected $0.47 from pot
Lorpugo: doesn't show hand 
*** SUMMARY ***
Total pot $0.49 | Rake $0.02 
Board [6d 4d Kd 3h]
Seat 1: Baddey12 (button) folded before Flop (didn't bet)
Seat 2: ShakaUA (small blind) folded before Flop
Seat 3: Prince Mantis (big blind) folded before Flop
Seat 4: Lorpugo collected ($0.47)
Seat 5: EvilGxd folded before Flop (didn't bet)
Seat 6: MrZhelyazkov folded on the Turn



PokerStars Hand #240728232240:  Hold'em No Limit ($0.01/$0.02 USD) - 2022/12/27 11:35:17 ET
Table 'Naantali' 6-max Seat #2 is the button
Seat 1: Baddey12 ($1.12 in chips) 
Seat 2: ShakaUA ($2.01 in chips) 
Seat 3: Prince Mantis ($3.56 in chips) 
Seat 4: Lorpugo ($2.03 in chips) 
Seat 5: EvilGxd ($4.12 in chips) 
Seat 6: MrZhelyazkov ($2.25 in chips) 
Prince Mantis: posts small blind $0.01
Lorpugo: posts big blind $0.02
*** HOLE CARDS ***
Dealt to Lorpugo [Ks 9d]
EvilGxd: raises $0.02 to $0.04
MrZhelyazkov: folds 
Baddey12: folds 
ShakaUA: calls $0.04
Prince Mantis: folds 
Lorpugo: folds 
*** FLOP *** [4h Qh 2c]
EvilGxd: bets $0.03
ShakaUA: calls $0.03
*** TURN *** [4h Qh 2c] [As]
EvilGxd: bets $0.06
ShakaUA: raises $0.17 to $0.23
EvilGxd: folds 
Uncalled bet ($0.17) returned to ShakaUA
ShakaUA collected $0.28 from pot
ShakaUA: doesn't show hand 
*** SUMMARY ***
Total pot $0.29 | Rake $0.01 
Board [4h Qh 2c As]
Seat 1: Baddey12 folded before Flop (didn't bet)
Seat 2: ShakaUA (button) collected ($0.28)
Seat 3: Prince Mantis (small blind) folded before Flop
Seat 4: Lorpugo (big blind) folded before Flop
Seat 5: EvilGxd folded on the Turn
Seat 6: MrZhelyazkov folded before Flop (didn't bet)



PokerStars Hand #240728261693:  Hold'em No Limit ($0.01/$0.02 USD) - 2022/12/27 11:36:36 ET
Table 'Naantali' 6-max Seat #3 is the button
Seat 1: Baddey12 ($1.12 in chips) 
Seat 2: ShakaUA ($2.16 in chips) 
Seat 3: Prince Mantis ($3.55 in chips) 
Seat 4: Lorpugo ($2.01 in chips) 
Seat 5: EvilGxd ($3.99 in chips) 
Seat 6: MrZhelyazkov ($2.25 in chips) 
Lorpugo: posts small blind $0.01
EvilGxd: posts big blind $0.02
*** HOLE CARDS ***
Dealt to Lorpugo [7d 9c]
MrZhelyazkov: folds 
Baddey12: calls $0.02
ShakaUA: folds 
Prince Mantis: folds 
Lorpugo: calls $0.01
EvilGxd: checks 
*** FLOP *** [8c 3c 9s]
Lorpugo: bets $0.04
EvilGxd: folds 
Baddey12: folds 
Uncalled bet ($0.04) returned to Lorpugo
Lorpugo collected $0.06 from pot
Lorpugo: doesn't show hand 
*** SUMMARY ***
Total pot $0.06 | Rake $0 
Board [8c 3c 9s]
Seat 1: Baddey12 folded on the Flop
Seat 2: ShakaUA folded before Flop (didn't bet)
Seat 3: Prince Mantis (button) folded before Flop (didn't bet)
Seat 4: Lorpugo (small blind) collected ($0.06)
Seat 5: EvilGxd (big blind) folded on the Flop
Seat 6: MrZhelyazkov folded before Flop (didn't bet)



PokerStars Hand #240728273735:  Hold'em No Limit ($0.01/$0.02 USD) - 2022/12/27 11:37:08 ET
Table 'Naantali' 6-max Seat #4 is the button
Seat 1: Baddey12 ($1.10 in chips) 
Seat 2: ShakaUA ($2.16 in chips) 
Seat 3: Prince Mantis ($3.55 in chips) 
Seat 4: Lorpugo ($2.05 in chips) 
Seat 5: EvilGxd ($3.97 in chips) 
Seat 6: MrZhelyazkov ($2.25 in chips) 
EvilGxd: posts small blind $0.01
MrZhelyazkov: posts big blind $0.02
*** HOLE CARDS ***
Dealt to Lorpugo [8c 3d]
Baddey12: raises $0.04 to $0.06
ShakaUA: folds 
Prince Mantis: folds 
Lorpugo: folds 
EvilGxd: raises $0.16 to $0.22
MrZhelyazkov: folds 
Baddey12: calls $0.16
*** FLOP *** [8s 4h 5h]
EvilGxd: bets $0.20
Baddey12: folds 
Uncalled bet ($0.20) returned to EvilGxd
EvilGxd collected $0.44 from pot
EvilGxd: doesn't show hand 
*** SUMMARY ***
Total pot $0.46 | Rake $0.02 
Board [8s 4h 5h]
Seat 1: Baddey12 folded on the Flop
Seat 2: ShakaUA folded before Flop (didn't bet)
Seat 3: Prince Mantis folded before Flop (didn't bet)
Seat 4: Lorpugo (button) folded before Flop (didn't bet)
Seat 5: EvilGxd (small blind) collected ($0.44)
Seat 6: MrZhelyazkov (big blind) folded before Flop



PokerStars Hand #240728286395:  Hold'em No Limit ($0.01/$0.02 USD) - 2022/12/27 11:37:41 ET
Table 'Naantali' 6-max Seat #5 is the button
Seat 1: Baddey12 ($0.88 in chips) 
Seat 2: ShakaUA ($2.16 in chips) 
Seat 3: Prince Mantis ($3.55 in chips) 
Seat 4: Lorpugo ($2.05 in chips) 
Seat 5: EvilGxd ($4.19 in chips) 
Seat 6: MrZhelyazkov ($2.23 in chips) 
MrZhelyazkov: posts small blind $0.01
Baddey12: posts big blind $0.02
*** HOLE CARDS ***
Dealt to Lorpugo [Kc 9h]
ShakaUA: folds 
Prince Mantis: folds 
Lorpugo: raises $0.04 to $0.06
EvilGxd: folds 
MrZhelyazkov: folds 
Baddey12: calls $0.04
*** FLOP *** [4d Ks As]
Baddey12: checks 
Lorpugo: bets $0.02
Baddey12: calls $0.02
*** TURN *** [4d Ks As] [Td]
Baddey12: checks 
Lorpugo: bets $0.05
Baddey12: calls $0.05
*** RIVER *** [4d Ks As Td] [9d]
Baddey12: checks 
Lorpugo: bets $0.17
Baddey12: folds 
Uncalled bet ($0.17) returned to Lorpugo
Lorpugo collected $0.26 from pot
Lorpugo: doesn't show hand 
*** SUMMARY ***
Total pot $0.27 | Rake $0.01 
Board [4d Ks As Td 9d]
Seat 1: Baddey12 (big blind) folded on the River
Seat 2: ShakaUA folded before Flop (didn't bet)
Seat 3: Prince Mantis folded before Flop (didn't bet)
Seat 4: Lorpugo collected ($0.26)
Seat 5: EvilGxd (button) folded before Flop (didn't bet)
Seat 6: MrZhelyazkov (small blind) folded before Flop



PokerStars Hand #240728302064:  Hold'em No Limit ($0.01/$0.02 USD) - 2022/12/27 11:38:24 ET
Table 'Naantali' 6-max Seat #6 is the button
Seat 1: Baddey12 ($0.75 in chips) 
Seat 2: ShakaUA ($2.16 in chips) 
Seat 3: Prince Mantis ($3.55 in chips) 
Seat 4: Lorpugo ($2.18 in chips) 
Seat 5: EvilGxd ($4.19 in chips) 
Seat 6: MrZhelyazkov ($2.22 in chips) 
Baddey12: posts small blind $0.01
ShakaUA: posts big blind $0.02
*** HOLE CARDS ***
Dealt to Lorpugo [6h As]
Prince Mantis: folds 
Lorpugo: raises $0.04 to $0.06
EvilGxd: calls $0.06
MrZhelyazkov: raises $0.06 to $0.12
Baddey12: folds 
ShakaUA: folds 
Lorpugo: calls $0.06
EvilGxd: calls $0.06
*** FLOP *** [3c 5c 9s]
Lorpugo: checks 
EvilGxd: checks 
MrZhelyazkov: bets $0.10
Lorpugo: folds 
EvilGxd: calls $0.10
*** TURN *** [3c 5c 9s] [Jd]
EvilGxd: checks 
MrZhelyazkov: bets $0.29
EvilGxd: calls $0.29
*** RIVER *** [3c 5c 9s Jd] [6d]
EvilGxd: checks 
MrZhelyazkov: bets $1.13
EvilGxd: raises $1.13 to $2.26
MrZhelyazkov: folds 
Uncalled bet ($1.13) returned to EvilGxd
EvilGxd collected $3.31 from pot
EvilGxd: doesn't show hand 
*** SUMMARY ***
Total pot $3.43 | Rake $0.12 
Board [3c 5c 9s Jd 6d]
Seat 1: Baddey12 (small blind) folded before Flop
Seat 2: ShakaUA (big blind) folded before Flop
Seat 3: Prince Mantis folded before Flop (didn't bet)
Seat 4: Lorpugo folded on the Flop
Seat 5: EvilGxd collected ($3.31)
Seat 6: MrZhelyazkov (button) folded on the River



PokerStars Hand #240728339425:  Hold'em No Limit ($0.01/$0.02 USD) - 2022/12/27 11:40:05 ET
Table 'Naantali' 6-max Seat #1 is the button
Seat 1: Baddey12 ($0.74 in chips) 
Seat 2: ShakaUA ($2.14 in chips) 
Seat 3: Prince Mantis ($3.55 in chips) 
Seat 4: Lorpugo ($2.06 in chips) 
Seat 5: EvilGxd ($5.86 in chips) 
Seat 6: MrZhelyazkov ($0.58 in chips) 
ShakaUA: posts small blind $0.01
Prince Mantis: posts big blind $0.02
*** HOLE CARDS ***
Dealt to Lorpugo [7s 4h]
Lorpugo: folds 
EvilGxd: raises $0.02 to $0.04
MrZhelyazkov: calls $0.04
Baddey12: folds 
ShakaUA: folds 
Prince Mantis: folds 
*** FLOP *** [Th 3h 4c]
EvilGxd: bets $0.03
MrZhelyazkov: calls $0.03
*** TURN *** [Th 3h 4c] [2s]
EvilGxd: bets $0.08
MrZhelyazkov: folds 
Uncalled bet ($0.08) returned to EvilGxd
EvilGxd collected $0.16 from pot
EvilGxd: doesn't show hand 
*** SUMMARY ***
Total pot $0.17 | Rake $0.01 
Board [Th 3h 4c 2s]
Seat 1: Baddey12 (button) folded before Flop (didn't bet)
Seat 2: ShakaUA (small blind) folded before Flop
Seat 3: Prince Mantis (big blind) folded before Flop
Seat 4: Lorpugo folded before Flop (didn't bet)
Seat 5: EvilGxd collected ($0.16)
Seat 6: MrZhelyazkov folded on the Turn



PokerStars Hand #240728361460:  Hold'em No Limit ($0.01/$0.02 USD) - 2022/12/27 11:41:04 ET
Table 'Naantali' 6-max Seat #2 is the button
Seat 1: Baddey12 ($0.74 in chips) 
Seat 2: ShakaUA ($2.13 in chips) 
Seat 3: Prince Mantis ($3.53 in chips) 
Seat 4: Lorpugo ($2.06 in chips) 
Seat 5: EvilGxd ($5.95 in chips) 
Seat 6: MrZhelyazkov ($0.51 in chips) 
Prince Mantis: posts small blind $0.01
Lorpugo: posts big blind $0.02
*** HOLE CARDS ***
Dealt to Lorpugo [9c 6c]
EvilGxd: folds 
MrZhelyazkov: folds 
Baddey12: raises $0.02 to $0.04
ShakaUA: folds 
Prince Mantis: folds 
Lorpugo: calls $0.02
*** FLOP *** [8d 7s 4h]
Lorpugo: checks 
Baddey12: bets $0.04
Lorpugo: raises $0.10 to $0.14
Baddey12: calls $0.10
*** TURN *** [8d 7s 4h] [Kc]
Lorpugo: bets $0.20
Baddey12: raises $0.36 to $0.56 and is all-in
Lorpugo: calls $0.36
*** RIVER *** [8d 7s 4h Kc] [Ah]
*** SHOW DOWN ***
Lorpugo: shows [9c 6c] (high card Ace)
Baddey12: shows [Tc Td] (a pair of Tens)
Baddey12 collected $1.43 from pot
*** SUMMARY ***
Total pot $1.49 | Rake $0.06 
Board [8d 7s 4h Kc Ah]
Seat 1: Baddey12 showed [Tc Td] and won ($1.43) with a pair of Tens
Seat 2: ShakaUA (button) folded before Flop (didn't bet)
Seat 3: Prince Mantis (small blind) folded before Flop
Seat 4: Lorpugo (big blind) showed [9c 6c] and lost with high card Ace
Seat 5: EvilGxd folded before Flop (didn't bet)
Seat 6: MrZhelyazkov folded before Flop (didn't bet)



PokerStars Hand #240728380956:  Hold'em No Limit ($0.01/$0.02 USD) - 2022/12/27 11:41:57 ET
Table 'Naantali' 6-max Seat #3 is the button
Seat 1: Baddey12 ($1.43 in chips) 
Seat 2: ShakaUA ($2.13 in chips) 
Seat 3: Prince Mantis ($3.52 in chips) 
Seat 4: Lorpugo ($1.32 in chips) 
Seat 5: EvilGxd ($5.95 in chips) 
Seat 6: MrZhelyazkov ($0.51 in chips) 
Lorpugo: posts small blind $0.01
EvilGxd: posts big blind $0.02
*** HOLE CARDS ***
Dealt to Lorpugo [8d Th]
MrZhelyazkov: folds 
Baddey12: calls $0.02
ShakaUA: folds 
Prince Mantis: raises $0.06 to $0.08
Lorpugo: folds 
EvilGxd: folds 
Baddey12: calls $0.06
*** FLOP *** [Kc Qs 7c]
Baddey12: checks 
Prince Mantis: bets $0.14
Baddey12: folds 
Uncalled bet ($0.14) returned to Prince Mantis
Prince Mantis collected $0.18 from pot
Prince Mantis: doesn't show hand 
*** SUMMARY ***
Total pot $0.19 | Rake $0.01 
Board [Kc Qs 7c]
Seat 1: Baddey12 folded on the Flop
Seat 2: ShakaUA folded before Flop (didn't bet)
Seat 3: Prince Mantis (button) collected ($0.18)
Seat 4: Lorpugo (small blind) folded before Flop
Seat 5: EvilGxd (big blind) folded before Flop
Seat 6: MrZhelyazkov folded before Flop (didn't bet)



PokerStars Hand #240728394975:  Hold'em No Limit ($0.01/$0.02 USD) - 2022/12/27 11:42:35 ET
Table 'Naantali' 6-max Seat #4 is the button
Seat 1: Baddey12 ($1.35 in chips) 
Seat 2: ShakaUA ($2.13 in chips) 
Seat 3: Prince Mantis ($3.62 in chips) 
Seat 4: Lorpugo ($1.31 in chips) 
Seat 5: EvilGxd ($5.93 in chips) 
Seat 6: MrZhelyazkov ($0.51 in chips) 
EvilGxd: posts small blind $0.01
MrZhelyazkov: posts big blind $0.02
*** HOLE CARDS ***
Dealt to Lorpugo [9c 6d]
Baddey12: calls $0.02
ShakaUA: folds 
Prince Mantis: folds 
Lorpugo: folds 
EvilGxd: folds 
MrZhelyazkov: raises $0.04 to $0.06
Baddey12: calls $0.04
*** FLOP *** [7c 8c 5s]
MrZhelyazkov: checks 
Baddey12: checks 
*** TURN *** [7c 8c 5s] [7s]
MrZhelyazkov: checks 
Baddey12: checks 
*** RIVER *** [7c 8c 5s 7s] [Kd]
MrZhelyazkov: checks 
Baddey12: checks 
*** SHOW DOWN ***
MrZhelyazkov: shows [Qd Jc] (a pair of Sevens)
Baddey12: shows [As 3h] (a pair of Sevens - Ace kicker)
Baddey12 collected $0.13 from pot
*** SUMMARY ***
Total pot $0.13 | Rake $0 
Board [7c 8c 5s 7s Kd]
Seat 1: Baddey12 showed [As 3h] and won ($0.13) with a pair of Sevens
Seat 2: ShakaUA folded before Flop (didn't bet)
Seat 3: Prince Mantis folded before Flop (didn't bet)
Seat 4: Lorpugo (button) folded before Flop (didn't bet)
Seat 5: EvilGxd (small blind) folded before Flop
Seat 6: MrZhelyazkov (big blind) showed [Qd Jc] and lost with a pair of Sevens



PokerStars Hand #240728405555:  Hold'em No Limit ($0.01/$0.02 USD) - 2022/12/27 11:43:03 ET
Table 'Naantali' 6-max Seat #5 is the button
Seat 1: Baddey12 ($1.42 in chips) 
Seat 2: ShakaUA ($2.13 in chips) 
Seat 3: Prince Mantis ($3.62 in chips) 
Seat 4: Lorpugo ($1.31 in chips) 
Seat 5: EvilGxd ($5.92 in chips) 
Seat 6: MrZhelyazkov ($0.45 in chips) 
MrZhelyazkov: posts small blind $0.01
Baddey12: posts big blind $0.02
*** HOLE CARDS ***
Dealt to Lorpugo [2d Tc]
ShakaUA: folds 
Prince Mantis: folds 
Lorpugo: folds 
EvilGxd: raises $0.02 to $0.04
MrZhelyazkov: folds 
Baddey12: calls $0.02
*** FLOP *** [9c 4s 7h]
Baddey12: bets $0.02
EvilGxd: calls $0.02
*** TURN *** [9c 4s 7h] [6s]
Baddey12: checks 
EvilGxd: checks 
*** RIVER *** [9c 4s 7h 6s] [3c]
Baddey12: bets $0.08
EvilGxd: folds 
Uncalled bet ($0.08) returned to Baddey12
Baddey12 collected $0.13 from pot
*** SUMMARY ***
Total pot $0.13 | Rake $0 
Board [9c 4s 7h 6s 3c]
Seat 1: Baddey12 (big blind) collected ($0.13)
Seat 2: ShakaUA folded before Flop (didn't bet)
Seat 3: Prince Mantis folded before Flop (didn't bet)
Seat 4: Lorpugo folded before Flop (didn't bet)
Seat 5: EvilGxd (button) folded on the River
Seat 6: MrZhelyazkov (small blind) folded before Flop



PokerStars Hand #240728427130:  Hold'em No Limit ($0.01/$0.02 USD) - 2022/12/27 11:44:02 ET
Table 'Naantali' 6-max Seat #6 is the button
Seat 1: Baddey12 ($1.49 in chips) 
Seat 2: ShakaUA ($2.13 in chips) 
Seat 3: Prince Mantis ($3.62 in chips) 
Seat 4: Lorpugo ($1.31 in chips) 
Seat 5: EvilGxd ($5.86 in chips) 
Seat 6: MrZhelyazkov ($0.44 in chips) 
Baddey12: posts small blind $0.01
ShakaUA: posts big blind $0.02
*** HOLE CARDS ***
Dealt to Lorpugo [7c Kc]
Prince Mantis: folds 
Lorpugo: folds 
EvilGxd: folds 
MrZhelyazkov: folds 
Baddey12: calls $0.01
ShakaUA: checks 
*** FLOP *** [3s 8d Kh]
Baddey12: checks 
ShakaUA: checks 
*** TURN *** [3s 8d Kh] [Th]
Baddey12: bets $0.02
ShakaUA: folds 
Uncalled bet ($0.02) returned to Baddey12
Baddey12 collected $0.04 from pot
*** SUMMARY ***
Total pot $0.04 | Rake $0 
Board [3s 8d Kh Th]
Seat 1: Baddey12 (small blind) collected ($0.04)
Seat 2: ShakaUA (big blind) folded on the Turn
Seat 3: Prince Mantis folded before Flop (didn't bet)
Seat 4: Lorpugo folded before Flop (didn't bet)
Seat 5: EvilGxd folded before Flop (didn't bet)
Seat 6: MrZhelyazkov (button) folded before Flop (didn't bet)



PokerStars Hand #240728434815:  Hold'em No Limit ($0.01/$0.02 USD) - 2022/12/27 11:44:23 ET
Table 'Naantali' 6-max Seat #1 is the button
Seat 1: Baddey12 ($1.51 in chips) 
Seat 2: ShakaUA ($2.11 in chips) 
Seat 4: Lorpugo ($1.31 in chips) 
Seat 5: EvilGxd ($5.86 in chips) 
Seat 6: MrZhelyazkov ($0.44 in chips) 
ShakaUA: posts small blind $0.01
Lorpugo: posts big blind $0.02
*** HOLE CARDS ***
Dealt to Lorpugo [Jc 3s]
EvilGxd: folds 
MrZhelyazkov: raises $0.06 to $0.08
Baddey12: folds 
ShakaUA: folds 
Lorpugo: folds 
Uncalled bet ($0.06) returned to MrZhelyazkov
MrZhelyazkov collected $0.05 from pot
*** SUMMARY ***
Total pot $0.05 | Rake $0 
Seat 1: Baddey12 (button) folded before Flop (didn't bet)
Seat 2: ShakaUA (small blind) folded before Flop
Seat 4: Lorpugo (big blind) folded before Flop
Seat 5: EvilGxd folded before Flop (didn't bet)
Seat 6: MrZhelyazkov collected ($0.05)



PokerStars Hand #240728439682:  Hold'em No Limit ($0.01/$0.02 USD) - 2022/12/27 11:44:36 ET
Table 'Naantali' 6-max Seat #2 is the button
Seat 1: Baddey12 ($1.51 in chips) 
Seat 2: ShakaUA ($2.10 in chips) 
Seat 4: Lorpugo ($1.29 in chips) 
Seat 5: EvilGxd ($5.86 in chips) 
Seat 6: MrZhelyazkov ($0.47 in chips) 
Lorpugo: posts small blind $0.01
EvilGxd: posts big blind $0.02
*** HOLE CARDS ***
Dealt to Lorpugo [Qd Jd]
MrZhelyazkov: raises $0.06 to $0.08
Baddey12: calls $0.08
ShakaUA: folds 
Lorpugo: calls $0.07
EvilGxd: folds 
*** FLOP *** [3s 6h 9s]
Lorpugo: checks 
MrZhelyazkov: bets $0.39 and is all-in
Baddey12: calls $0.39
Lorpugo: folds 
*** TURN *** [3s 6h 9s] [9d]
*** RIVER *** [3s 6h 9s 9d] [Jc]
*** SHOW DOWN ***
MrZhelyazkov: shows [6d Ad] (two pair, Nines and Sixes)
Baddey12: shows [Kc Ks] (two pair, Kings and Nines)
Baddey12 collected $0.99 from pot
*** SUMMARY ***
Total pot $1.04 | Rake $0.05 
Board [3s 6h 9s 9d Jc]
Seat 1: Baddey12 showed [Kc Ks] and won ($0.99) with two pair, Kings and Nines
Seat 2: ShakaUA (button) folded before Flop (didn't bet)
Seat 4: Lorpugo (small blind) folded on the Flop
Seat 5: EvilGxd (big blind) folded before Flop
Seat 6: MrZhelyazkov showed [6d Ad] and lost with two pair, Nines and Sixes



PokerStars Hand #240728453861:  Hold'em No Limit ($0.01/$0.02 USD) - 2022/12/27 11:45:14 ET
Table 'Naantali' 6-max Seat #4 is the button
Seat 1: Baddey12 ($2.03 in chips) 
Seat 2: ShakaUA ($2.10 in chips) 
Seat 4: Lorpugo ($1.21 in chips) 
Seat 5: EvilGxd ($5.84 in chips) 
EvilGxd: posts small blind $0.01
Baddey12: posts big blind $0.02
*** HOLE CARDS ***
Dealt to Lorpugo [7c Jc]
ShakaUA: folds 
Lorpugo: raises $0.04 to $0.06
EvilGxd: folds 
Baddey12: calls $0.04
*** FLOP *** [9d 4s 8c]
Baddey12: checks 
Lorpugo: bets $0.09
Baddey12: folds 
Uncalled bet ($0.09) returned to Lorpugo
Lorpugo collected $0.13 from pot
Lorpugo: doesn't show hand 
*** SUMMARY ***
Total pot $0.13 | Rake $0 
Board [9d 4s 8c]
Seat 1: Baddey12 (big blind) folded on the Flop
Seat 2: ShakaUA folded before Flop (didn't bet)
Seat 4: Lorpugo (button) collected ($0.13)
Seat 5: EvilGxd (small blind) folded before Flop



PokerStars Hand #240728462311:  Hold'em No Limit ($0.01/$0.02 USD) - 2022/12/27 11:45:36 ET
Table 'Naantali' 6-max Seat #5 is the button
Seat 1: Baddey12 ($1.97 in chips) 
Seat 2: ShakaUA ($2.10 in chips) 
Seat 4: Lorpugo ($1.28 in chips) 
Seat 5: EvilGxd ($5.83 in chips) 
Baddey12: posts small blind $0.01
ShakaUA: posts big blind $0.02
*** HOLE CARDS ***
Dealt to Lorpugo [3c 8c]
MrZhelyazkov leaves the table
Lorpugo: folds 
Prince Mantis leaves the table
EvilGxd: folds 
Baddey12: calls $0.01
ShakaUA: checks 
*** FLOP *** [6s 7c 5h]
Baddey12: bets $0.02
ShakaUA: folds 
Uncalled bet ($0.02) returned to Baddey12
Baddey12 collected $0.04 from pot
*** SUMMARY ***
Total pot $0.04 | Rake $0 
Board [6s 7c 5h]
Seat 1: Baddey12 (small blind) collected ($0.04)
Seat 2: ShakaUA (big blind) folded on the Flop
Seat 4: Lorpugo folded before Flop (didn't bet)
Seat 5: EvilGxd (button) folded before Flop (didn't bet)



PokerStars Hand #240728468347:  Hold'em No Limit ($0.01/$0.02 USD) - 2022/12/27 11:45:53 ET
Table 'Naantali' 6-max Seat #1 is the button
Seat 1: Baddey12 ($1.99 in chips) 
Seat 2: ShakaUA ($2.08 in chips) 
Seat 4: Lorpugo ($1.28 in chips) 
Seat 5: EvilGxd ($5.83 in chips) 
ShakaUA: posts small blind $0.01
Lorpugo: posts big blind $0.02
*** HOLE CARDS ***
Dealt to Lorpugo [2c 4d]
EvilGxd: folds 
Baddey12: folds 
ShakaUA: folds 
Uncalled bet ($0.01) returned to Lorpugo
Lorpugo collected $0.02 from pot
Lorpugo: doesn't show hand 
*** SUMMARY ***
Total pot $0.02 | Rake $0 
Seat 1: Baddey12 (button) folded before Flop (didn't bet)
Seat 2: ShakaUA (small blind) folded before Flop
Seat 4: Lorpugo (big blind) collected ($0.02)
Seat 5: EvilGxd folded before Flop (didn't bet)



PokerStars Hand #240728470929:  Hold'em No Limit ($0.01/$0.02 USD) - 2022/12/27 11:46:00 ET
Table 'Naantali' 6-max Seat #2 is the button
Seat 1: Baddey12 ($1.99 in chips) 
Seat 2: ShakaUA ($2.07 in chips) 
Seat 4: Lorpugo ($1.29 in chips) 
Lorpugo: posts small blind $0.01
Baddey12: posts big blind $0.02
*** HOLE CARDS ***
Dealt to Lorpugo [Qc 3d]
ShakaUA: folds 
Lorpugo: raises $0.04 to $0.06
Baddey12: calls $0.04
*** FLOP *** [Tc 9h As]
Lorpugo: checks 
Baddey12: bets $0.10
Lorpugo: folds 
Uncalled bet ($0.10) returned to Baddey12
Baddey12 collected $0.12 from pot
*** SUMMARY ***
Total pot $0.12 | Rake $0 
Board [Tc 9h As]
Seat 1: Baddey12 (big blind) collected ($0.12)
Seat 2: ShakaUA (button) folded before Flop (didn't bet)
Seat 4: Lorpugo (small blind) folded on the Flop



PokerStars Hand #240728479485:  Hold'em No Limit ($0.01/$0.02 USD) - 2022/12/27 11:46:23 ET
Table 'Naantali' 6-max Seat #4 is the button
Seat 1: Baddey12 ($2.05 in chips) 
Seat 2: ShakaUA ($2.07 in chips) 
Seat 4: Lorpugo ($1.23 in chips) 
Baddey12: posts small blind $0.01
ShakaUA: posts big blind $0.02
*** HOLE CARDS ***
Dealt to Lorpugo [Qc 2c]
Lorpugo: raises $0.04 to $0.06
Baddey12: folds 
ShakaUA: folds 
Uncalled bet ($0.04) returned to Lorpugo
Lorpugo collected $0.05 from pot
Lorpugo: doesn't show hand 
*** SUMMARY ***
Total pot $0.05 | Rake $0 
Seat 1: Baddey12 (small blind) folded before Flop
Seat 2: ShakaUA (big blind) folded before Flop
Seat 4: Lorpugo (button) collected ($0.05)



PokerStars Hand #240728484407:  Hold'em No Limit ($0.01/$0.02 USD) - 2022/12/27 11:46:36 ET
Table 'Naantali' 6-max Seat #1 is the button
Seat 1: Baddey12 ($2.04 in chips) 
Seat 2: ShakaUA ($2.05 in chips) 
Seat 4: Lorpugo ($1.26 in chips) 
ShakaUA: posts small blind $0.01
Lorpugo: posts big blind $0.02
*** HOLE CARDS ***
Dealt to Lorpugo [5s Qc]
Baddey12: folds 
Baddey12 leaves the table
ShakaUA: raises $0.04 to $0.06
Lorpugo: folds 
Uncalled bet ($0.04) returned to ShakaUA
ShakaUA collected $0.04 from pot
ShakaUA: doesn't show hand 
*** SUMMARY ***
Total pot $0.04 | Rake $0 
Seat 1: Baddey12 (button) folded before Flop (didn't bet)
Seat 2: ShakaUA (small blind) collected ($0.04)
Seat 4: Lorpugo (big blind) folded before Flop



PokerStars Hand #240728488185:  Hold'em No Limit ($0.01/$0.02 USD) - 2022/12/27 11:46:46 ET
Table 'Naantali' 6-max Seat #4 is the button
Seat 2: ShakaUA ($2.07 in chips) 
Seat 4: Lorpugo ($1.24 in chips) 
Lorpugo: posts small blind $0.01
ShakaUA: posts big blind $0.02
*** HOLE CARDS ***
Dealt to Lorpugo [2c Qc]
Lorpugo: raises $0.04 to $0.06
ShakaUA: folds 
Uncalled bet ($0.04) returned to Lorpugo
Lorpugo collected $0.04 from pot
Lorpugo: doesn't show hand 
*** SUMMARY ***
Total pot $0.04 | Rake $0 
Seat 2: ShakaUA (big blind) folded before Flop
Seat 4: Lorpugo (button) (small blind) collected ($0.04)



PokerStars Hand #240728496094:  Hold'em No Limit ($0.01/$0.02 USD) - 2022/12/27 11:47:07 ET
Table 'Naantali' 6-max Seat #2 is the button
Seat 2: ShakaUA ($2.05 in chips) 
Seat 4: Lorpugo ($1.26 in chips) 
ShakaUA: posts small blind $0.01
Lorpugo: posts big blind $0.02
*** HOLE CARDS ***
Dealt to Lorpugo [9d 9s]
ShakaUA: folds 
Uncalled bet ($0.01) returned to Lorpugo
Lorpugo collected $0.02 from pot
Lorpugo: doesn't show hand 
*** SUMMARY ***
Total pot $0.02 | Rake $0 
Seat 2: ShakaUA (button) (small blind) folded before Flop
Seat 4: Lorpugo (big blind) collected ($0.02)



PokerStars Hand #240728497721:  Hold'em No Limit ($0.01/$0.02 USD) - 2022/12/27 11:47:11 ET
Table 'Naantali' 6-max Seat #4 is the button
Seat 2: ShakaUA ($2.04 in chips) 
Seat 4: Lorpugo ($1.27 in chips) 
Lorpugo: posts small blind $0.01
ShakaUA: posts big blind $0.02
*** HOLE CARDS ***
Dealt to Lorpugo [Qd Ks]
Lorpugo: raises $0.04 to $0.06
ShakaUA: folds 
Uncalled bet ($0.04) returned to Lorpugo
Lorpugo collected $0.04 from pot
Lorpugo: doesn't show hand 
*** SUMMARY ***
Total pot $0.04 | Rake $0 
Seat 2: ShakaUA (big blind) folded before Flop
Seat 4: Lorpugo (button) (small blind) collected ($0.04)



PokerStars Hand #240728500445:  Hold'em No Limit ($0.01/$0.02 USD) - 2022/12/27 11:47:18 ET
Table 'Naantali' 6-max Seat #2 is the button
Seat 2: ShakaUA ($2.02 in chips) 
Seat 4: Lorpugo ($1.29 in chips) 
ShakaUA: posts small blind $0.01
Lorpugo: posts big blind $0.02
*** HOLE CARDS ***
Dealt to Lorpugo [8c Ah]
ShakaUA: raises $0.04 to $0.06
Lorpugo: raises $0.12 to $0.18
ShakaUA: folds 
Uncalled bet ($0.12) returned to Lorpugo
Lorpugo collected $0.12 from pot
Lorpugo: doesn't show hand 
*** SUMMARY ***
Total pot $0.12 | Rake $0 
Seat 2: ShakaUA (button) (small blind) folded before Flop
Seat 4: Lorpugo (big blind) collected ($0.12)



PokerStars Hand #240728504931:  Hold'em No Limit ($0.01/$0.02 USD) - 2022/12/27 11:47:30 ET
Table 'Naantali' 6-max Seat #4 is the button
Seat 2: ShakaUA ($2 in chips) 
Seat 4: Lorpugo ($1.35 in chips) 
Lorpugo: posts small blind $0.01
ShakaUA: posts big blind $0.02
*** HOLE CARDS ***
Dealt to Lorpugo [Kc Qs]
Lorpugo: raises $0.04 to $0.06
ShakaUA: folds 
Uncalled bet ($0.04) returned to Lorpugo
Lorpugo collected $0.04 from pot
Lorpugo: doesn't show hand 
*** SUMMARY ***
Total pot $0.04 | Rake $0 
Seat 2: ShakaUA (big blind) folded before Flop
Seat 4: Lorpugo (button) (small blind) collected ($0.04)



PokerStars Hand #240728511044:  Hold'em No Limit ($0.01/$0.02 USD) - 2022/12/27 11:47:47 ET
Table 'Naantali' 6-max Seat #2 is the button
Seat 2: ShakaUA ($1.98 in chips) 
Seat 4: Lorpugo ($1.37 in chips) 
ShakaUA: posts small blind $0.01
Lorpugo: posts big blind $0.02
*** HOLE CARDS ***
Dealt to Lorpugo [6h 9d]
ShakaUA: folds 
Uncalled bet ($0.01) returned to Lorpugo
Lorpugo collected $0.02 from pot
Lorpugo: doesn't show hand 
*** SUMMARY ***
Total pot $0.02 | Rake $0 
Seat 2: ShakaUA (button) (small blind) folded before Flop
Seat 4: Lorpugo (big blind) collected ($0.02)



PokerStars Hand #240728512300:  Hold'em No Limit ($0.01/$0.02 USD) - 2022/12/27 11:47:50 ET
Table 'Naantali' 6-max Seat #4 is the button
Seat 2: ShakaUA ($2 in chips) 
Seat 4: Lorpugo ($1.38 in chips) 
Lorpugo: posts small blind $0.01
ShakaUA: posts big blind $0.02
*** HOLE CARDS ***
Dealt to Lorpugo [2c 2d]
Lorpugo: raises $0.04 to $0.06
ShakaUA: folds 
Uncalled bet ($0.04) returned to Lorpugo
Lorpugo collected $0.04 from pot
Lorpugo: doesn't show hand 
*** SUMMARY ***
Total pot $0.04 | Rake $0 
Seat 2: ShakaUA (big blind) folded before Flop
Seat 4: Lorpugo (button) (small blind) collected ($0.04)



PokerStars Hand #240728517325:  Hold'em No Limit ($0.01/$0.02 USD) - 2022/12/27 11:48:04 ET
Table 'Naantali' 6-max Seat #2 is the button
Seat 2: ShakaUA ($1.98 in chips) 
Seat 4: Lorpugo ($1.40 in chips) 
ShakaUA: posts small blind $0.01
Lorpugo: posts big blind $0.02
*** HOLE CARDS ***
Dealt to Lorpugo [Jh 4c]
ShakaUA: raises $0.04 to $0.06
FabGarden joins the table at seat #6 
Lorpugo: folds 
Uncalled bet ($0.04) returned to ShakaUA
ShakaUA collected $0.04 from pot
ShakaUA: doesn't show hand 
*** SUMMARY ***
Total pot $0.04 | Rake $0 
Seat 2: ShakaUA (button) (small blind) collected ($0.04)
Seat 4: Lorpugo (big blind) folded before Flop



PokerStars Hand #240728520703:  Hold'em No Limit ($0.01/$0.02 USD) - 2022/12/27 11:48:13 ET
Table 'Naantali' 6-max Seat #2 is the button
Seat 2: ShakaUA ($2 in chips) 
Seat 4: Lorpugo ($1.38 in chips) 
Seat 6: FabGarden ($2 in chips) 
Lorpugo: posts small blind $0.01
FabGarden: posts big blind $0.02
*** HOLE CARDS ***
Dealt to Lorpugo [Tc Jc]
ShakaUA: folds 
Lorpugo: raises $0.04 to $0.06
FabGarden: folds 
Uncalled bet ($0.04) returned to Lorpugo
Lorpugo collected $0.04 from pot
Lorpugo: doesn't show hand 
*** SUMMARY ***
Total pot $0.04 | Rake $0 
Seat 2: ShakaUA (button) folded before Flop (didn't bet)
Seat 4: Lorpugo (small blind) collected ($0.04)
Seat 6: FabGarden (big blind) folded before Flop



PokerStars Hand #240728524033:  Hold'em No Limit ($0.01/$0.02 USD) - 2022/12/27 11:48:21 ET
Table 'Naantali' 6-max Seat #4 is the button
Seat 2: ShakaUA ($2 in chips) 
Seat 4: Lorpugo ($1.40 in chips) 
Seat 6: FabGarden ($1.98 in chips) 
FabGarden: posts small blind $0.01
ShakaUA: posts big blind $0.02
*** HOLE CARDS ***
Dealt to Lorpugo [Kc Qc]
Lorpugo: raises $0.04 to $0.06
FabGarden: folds 
ShakaUA: folds 
Uncalled bet ($0.04) returned to Lorpugo
Lorpugo collected $0.05 from pot
Lorpugo: doesn't show hand 
*** SUMMARY ***
Total pot $0.05 | Rake $0 
Seat 2: ShakaUA (big blind) folded before Flop
Seat 4: Lorpugo (button) collected ($0.05)
Seat 6: FabGarden (small blind) folded before Flop



PokerStars Hand #240728527058:  Hold'em No Limit ($0.01/$0.02 USD) - 2022/12/27 11:48:29 ET
Table 'Naantali' 6-max Seat #6 is the button
Seat 2: ShakaUA ($1.98 in chips) 
Seat 4: Lorpugo ($1.43 in chips) 
Seat 6: FabGarden ($1.97 in chips) 
ShakaUA: posts small blind $0.01
Lorpugo: posts big blind $0.02
*** HOLE CARDS ***
Dealt to Lorpugo [2d 8h]
FabGarden: raises $0.04 to $0.06
ShakaUA: folds 
Lorpugo: folds 
Uncalled bet ($0.04) returned to FabGarden
FabGarden collected $0.05 from pot
FabGarden: doesn't show hand 
*** SUMMARY ***
Total pot $0.05 | Rake $0 
Seat 2: ShakaUA (small blind) folded before Flop
Seat 4: Lorpugo (big blind) folded before Flop
Seat 6: FabGarden (button) collected ($0.05)



PokerStars Hand #240728533206:  Hold'em No Limit ($0.01/$0.02 USD) - 2022/12/27 11:48:46 ET
Table 'Naantali' 6-max Seat #2 is the button
Seat 2: ShakaUA ($2 in chips) 
Seat 4: Lorpugo ($1.41 in chips) 
Seat 6: FabGarden ($2 in chips) 
Lorpugo: posts small blind $0.01
FabGarden: posts big blind $0.02
*** HOLE CARDS ***
Dealt to Lorpugo [5h Ts]
ShakaUA: folds 
Lorpugo: folds 
Uncalled bet ($0.01) returned to FabGarden
FabGarden collected $0.02 from pot
FabGarden: doesn't show hand 
*** SUMMARY ***
Total pot $0.02 | Rake $0 
Seat 2: ShakaUA (button) folded before Flop (didn't bet)
Seat 4: Lorpugo (small blind) folded before Flop
Seat 6: FabGarden (big blind) collected ($0.02)



PokerStars Hand #240728536610:  Hold'em No Limit ($0.01/$0.02 USD) - 2022/12/27 11:48:55 ET
Table 'Naantali' 6-max Seat #4 is the button
Seat 2: ShakaUA ($2 in chips) 
Seat 4: Lorpugo ($1.40 in chips) 
Seat 6: FabGarden ($2.01 in chips) 
FabGarden: posts small blind $0.01
ShakaUA: posts big blind $0.02
*** HOLE CARDS ***
Dealt to Lorpugo [6d 4h]
Lorpugo: folds 
FabGarden: folds 
Uncalled bet ($0.01) returned to ShakaUA
ShakaUA collected $0.02 from pot
ShakaUA: doesn't show hand 
*** SUMMARY ***
Total pot $0.02 | Rake $0 
Seat 2: ShakaUA (big blind) collected ($0.02)
Seat 4: Lorpugo (button) folded before Flop (didn't bet)
Seat 6: FabGarden (small blind) folded before Flop



