PokerStars Hand #240732709954:  Hold'em No Limit ($0.01/$0.02 USD) - 2022/12/27 14:41:09 ET
Table 'Naiad II' 6-max Seat #2 is the button
Seat 1: mu1station ($1.57 in chips) 
Seat 2: cbaritello ($2.45 in chips) 
Seat 3: Overdiewings ($2.50 in chips) 
Seat 4: Lorpugo ($1.60 in chips) 
Seat 5: Wagnertwinz ($2.05 in chips) 
Seat 6: K0tnUsher ($5.08 in chips) 
Overdiewings: posts small blind $0.01
Lorpugo: posts big blind $0.02
*** HOLE CARDS ***
Dealt to Lorpugo [Kh Qc]
Wagnertwinz: folds 
K0tnUsher: raises $0.04 to $0.06
mu1station: folds 
cbaritello: folds 
Overdiewings: folds 
Lorpugo: calls $0.04
*** FLOP *** [4h 8s 8h]
Lorpugo: checks 
K0tnUsher: bets $0.08
Lorpugo: calls $0.08
*** TURN *** [4h 8s 8h] [4c]
Lorpugo: checks 
K0tnUsher: bets $0.20
Lorpugo: folds 
Uncalled bet ($0.20) returned to K0tnUsher
K0tnUsher collected $0.28 from pot
K0tnUsher: doesn't show hand 
*** SUMMARY ***
Total pot $0.29 | Rake $0.01 
Board [4h 8s 8h 4c]
Seat 1: mu1station folded before Flop (didn't bet)
Seat 2: cbaritello (button) folded before Flop (didn't bet)
Seat 3: Overdiewings (small blind) folded before Flop
Seat 4: Lorpugo (big blind) folded on the Turn
Seat 5: Wagnertwinz folded before Flop (didn't bet)
Seat 6: K0tnUsher collected ($0.28)



PokerStars Hand #240732729527:  Hold'em No Limit ($0.01/$0.02 USD) - 2022/12/27 14:41:53 ET
Table 'Naiad II' 6-max Seat #3 is the button
Seat 1: mu1station ($1.57 in chips) 
Seat 2: cbaritello ($2.45 in chips) 
Seat 3: Overdiewings ($2.49 in chips) 
Seat 4: Lorpugo ($1.46 in chips) 
Seat 5: Wagnertwinz ($2.05 in chips) 
Seat 6: K0tnUsher ($5.22 in chips) 
Lorpugo: posts small blind $0.01
Wagnertwinz: posts big blind $0.02
*** HOLE CARDS ***
Dealt to Lorpugo [Kh 5d]
K0tnUsher: raises $0.04 to $0.06
mu1station: raises $1.51 to $1.57 and is all-in
cbaritello: folds 
Overdiewings: folds 
Lorpugo: folds 
Wagnertwinz: folds 
K0tnUsher: folds 
Uncalled bet ($1.51) returned to mu1station
mu1station collected $0.15 from pot
mu1station: doesn't show hand 
*** SUMMARY ***
Total pot $0.15 | Rake $0 
Seat 1: mu1station collected ($0.15)
Seat 2: cbaritello folded before Flop (didn't bet)
Seat 3: Overdiewings (button) folded before Flop (didn't bet)
Seat 4: Lorpugo (small blind) folded before Flop
Seat 5: Wagnertwinz (big blind) folded before Flop
Seat 6: K0tnUsher folded before Flop



PokerStars Hand #240732738542:  Hold'em No Limit ($0.01/$0.02 USD) - 2022/12/27 14:42:13 ET
Table 'Naiad II' 6-max Seat #4 is the button
Seat 1: mu1station ($1.66 in chips) 
Seat 2: cbaritello ($2.45 in chips) 
Seat 3: Overdiewings ($2.49 in chips) 
Seat 4: Lorpugo ($1.45 in chips) 
Seat 5: Wagnertwinz ($2.03 in chips) 
Seat 6: K0tnUsher ($5.16 in chips) 
Wagnertwinz: posts small blind $0.01
K0tnUsher: posts big blind $0.02
*** HOLE CARDS ***
Dealt to Lorpugo [Qc 8d]
mu1station: folds 
cbaritello: folds 
Overdiewings: folds 
Lorpugo: raises $0.04 to $0.06
Wagnertwinz: folds 
K0tnUsher: calls $0.04
*** FLOP *** [7s 3d 3h]
K0tnUsher: checks 
Lorpugo: bets $0.07
K0tnUsher: folds 
Uncalled bet ($0.07) returned to Lorpugo
Lorpugo collected $0.13 from pot
Lorpugo: doesn't show hand 
*** SUMMARY ***
Total pot $0.13 | Rake $0 
Board [7s 3d 3h]
Seat 1: mu1station folded before Flop (didn't bet)
Seat 2: cbaritello folded before Flop (didn't bet)
Seat 3: Overdiewings folded before Flop (didn't bet)
Seat 4: Lorpugo (button) collected ($0.13)
Seat 5: Wagnertwinz (small blind) folded before Flop
Seat 6: K0tnUsher (big blind) folded on the Flop



PokerStars Hand #240732751328:  Hold'em No Limit ($0.01/$0.02 USD) - 2022/12/27 14:42:42 ET
Table 'Naiad II' 6-max Seat #5 is the button
Seat 1: mu1station ($1.66 in chips) 
Seat 2: cbaritello ($2.45 in chips) 
Seat 3: Overdiewings ($2.49 in chips) 
Seat 4: Lorpugo ($1.52 in chips) 
Seat 5: Wagnertwinz ($2.02 in chips) 
Seat 6: K0tnUsher ($5.10 in chips) 
K0tnUsher: posts small blind $0.01
mu1station: posts big blind $0.02
*** HOLE CARDS ***
Dealt to Lorpugo [Qd Jh]
cbaritello: folds 
Overdiewings: folds 
Lorpugo: raises $0.04 to $0.06
Wagnertwinz: folds 
K0tnUsher: folds 
mu1station: folds 
Uncalled bet ($0.04) returned to Lorpugo
Lorpugo collected $0.05 from pot
Lorpugo: doesn't show hand 
*** SUMMARY ***
Total pot $0.05 | Rake $0 
Seat 1: mu1station (big blind) folded before Flop
Seat 2: cbaritello folded before Flop (didn't bet)
Seat 3: Overdiewings folded before Flop (didn't bet)
Seat 4: Lorpugo collected ($0.05)
Seat 5: Wagnertwinz (button) folded before Flop (didn't bet)
Seat 6: K0tnUsher (small blind) folded before Flop



PokerStars Hand #240732757203:  Hold'em No Limit ($0.01/$0.02 USD) - 2022/12/27 14:42:55 ET
Table 'Naiad II' 6-max Seat #6 is the button
Seat 1: mu1station ($1.64 in chips) 
Seat 2: cbaritello ($2.45 in chips) 
Seat 3: Overdiewings ($2.49 in chips) 
Seat 4: Lorpugo ($1.55 in chips) 
Seat 5: Wagnertwinz ($2.02 in chips) 
Seat 6: K0tnUsher ($5.09 in chips) 
mu1station: posts small blind $0.01
cbaritello: posts big blind $0.02
*** HOLE CARDS ***
Dealt to Lorpugo [8d 9d]
Overdiewings: folds 
Lorpugo: raises $0.04 to $0.06
Wagnertwinz: folds 
K0tnUsher: calls $0.06
mu1station: folds 
cbaritello: folds 
*** FLOP *** [9c Jc Td]
Lorpugo: checks 
K0tnUsher: bets $0.10
Lorpugo: calls $0.10
*** TURN *** [9c Jc Td] [3c]
Lorpugo: checks 
K0tnUsher: bets $0.30
Lorpugo: folds 
Uncalled bet ($0.30) returned to K0tnUsher
K0tnUsher collected $0.34 from pot
K0tnUsher: doesn't show hand 
*** SUMMARY ***
Total pot $0.35 | Rake $0.01 
Board [9c Jc Td 3c]
Seat 1: mu1station (small blind) folded before Flop
Seat 2: cbaritello (big blind) folded before Flop
Seat 3: Overdiewings folded before Flop (didn't bet)
Seat 4: Lorpugo folded on the Turn
Seat 5: Wagnertwinz folded before Flop (didn't bet)
Seat 6: K0tnUsher (button) collected ($0.34)



PokerStars Hand #240732779770:  Hold'em No Limit ($0.01/$0.02 USD) - 2022/12/27 14:43:45 ET
Table 'Naiad II' 6-max Seat #1 is the button
Seat 1: mu1station ($1.63 in chips) 
Seat 2: cbaritello ($2.43 in chips) 
Seat 3: Overdiewings ($2.49 in chips) 
Seat 4: Lorpugo ($1.39 in chips) 
Seat 5: Wagnertwinz ($2.02 in chips) 
Seat 6: K0tnUsher ($5.27 in chips) 
cbaritello: posts small blind $0.01
Overdiewings: posts big blind $0.02
*** HOLE CARDS ***
Dealt to Lorpugo [4c 2h]
Lorpugo: folds 
Wagnertwinz: folds 
K0tnUsher: folds 
mu1station: folds 
cbaritello: raises $0.04 to $0.06
Overdiewings: folds 
Uncalled bet ($0.04) returned to cbaritello
cbaritello collected $0.04 from pot
cbaritello: doesn't show hand 
*** SUMMARY ***
Total pot $0.04 | Rake $0 
Seat 1: mu1station (button) folded before Flop (didn't bet)
Seat 2: cbaritello (small blind) collected ($0.04)
Seat 3: Overdiewings (big blind) folded before Flop
Seat 4: Lorpugo folded before Flop (didn't bet)
Seat 5: Wagnertwinz folded before Flop (didn't bet)
Seat 6: K0tnUsher folded before Flop (didn't bet)



PokerStars Hand #240732855266:  Hold'em No Limit ($0.01/$0.02 USD) - 2022/12/27 14:46:34 ET
Table 'Naiad II' 6-max Seat #2 is the button
Seat 1: mu1station ($1.83 in chips) 
Seat 2: cbaritello ($2.65 in chips) 
Seat 3: prezik_v_sperme ($1.88 in chips) 
Seat 4: Lorpugo ($1.39 in chips) 
Seat 5: Wagnertwinz ($2 in chips) 
Seat 6: K0tnUsher ($5.07 in chips) 
prezik_v_sperme: posts small blind $0.01
Lorpugo: posts big blind $0.02
*** HOLE CARDS ***
Dealt to Lorpugo [5c 3c]
Wagnertwinz: folds 
K0tnUsher: raises $0.04 to $0.06
mu1station: folds 
cbaritello: folds 
prezik_v_sperme: folds 
Lorpugo: folds 
Uncalled bet ($0.04) returned to K0tnUsher
K0tnUsher collected $0.05 from pot
K0tnUsher: doesn't show hand 
*** SUMMARY ***
Total pot $0.05 | Rake $0 
Seat 1: mu1station folded before Flop (didn't bet)
Seat 2: cbaritello (button) folded before Flop (didn't bet)
Seat 3: prezik_v_sperme (small blind) folded before Flop
Seat 4: Lorpugo (big blind) folded before Flop
Seat 5: Wagnertwinz folded before Flop (didn't bet)
Seat 6: K0tnUsher collected ($0.05)



PokerStars Hand #240732862633:  Hold'em No Limit ($0.01/$0.02 USD) - 2022/12/27 14:46:51 ET
Table 'Naiad II' 6-max Seat #3 is the button
Seat 1: mu1station ($1.83 in chips) 
Seat 2: cbaritello ($2.65 in chips) 
Seat 3: prezik_v_sperme ($1.87 in chips) 
Seat 4: Lorpugo ($1.37 in chips) 
Seat 5: Wagnertwinz ($2 in chips) 
Seat 6: K0tnUsher ($5.10 in chips) 
Lorpugo: posts small blind $0.01
Wagnertwinz: posts big blind $0.02
*** HOLE CARDS ***
Dealt to Lorpugo [Ah 3d]
K0tnUsher: folds 
mu1station: calls $0.02
cbaritello: folds 
prezik_v_sperme: raises $0.07 to $0.09
Lorpugo: folds 
Wagnertwinz: calls $0.07
mu1station: folds 
*** FLOP *** [9d Ks Kh]
Wagnertwinz: checks 
prezik_v_sperme: bets $0.02
mu1station leaves the table
Wagnertwinz: calls $0.02
*** TURN *** [9d Ks Kh] [Jc]
Wagnertwinz: checks 
prezik_v_sperme: bets $0.04
Wagnertwinz: calls $0.04
*** RIVER *** [9d Ks Kh Jc] [Th]
andy36G joins the table at seat #1 
Wagnertwinz: bets $0.22
prezik_v_sperme: folds 
Uncalled bet ($0.22) returned to Wagnertwinz
Wagnertwinz collected $0.32 from pot
*** SUMMARY ***
Total pot $0.33 | Rake $0.01 
Board [9d Ks Kh Jc Th]
Seat 1: mu1station folded before Flop
Seat 2: cbaritello folded before Flop (didn't bet)
Seat 3: prezik_v_sperme (button) folded on the River
Seat 4: Lorpugo (small blind) folded before Flop
Seat 5: Wagnertwinz (big blind) collected ($0.32)
Seat 6: K0tnUsher folded before Flop (didn't bet)



PokerStars Hand #240732890589:  Hold'em No Limit ($0.01/$0.02 USD) - 2022/12/27 14:47:54 ET
Table 'Naiad II' 6-max Seat #4 is the button
Seat 1: andy36G ($1.60 in chips) 
Seat 2: cbaritello ($2.65 in chips) 
Seat 3: prezik_v_sperme ($1.72 in chips) 
Seat 4: Lorpugo ($1.36 in chips) 
Seat 5: Wagnertwinz ($2.17 in chips) 
Seat 6: K0tnUsher ($5.10 in chips) 
Wagnertwinz: posts small blind $0.01
K0tnUsher: posts big blind $0.02
andy36G: posts big blind $0.02
*** HOLE CARDS ***
Dealt to Lorpugo [2c Jc]
andy36G: checks 
cbaritello: folds 
prezik_v_sperme: folds 
Lorpugo: folds 
Wagnertwinz: raises $0.04 to $0.06
K0tnUsher: calls $0.04
andy36G: calls $0.04
*** FLOP *** [Js Ac 4s]
Wagnertwinz: checks 
K0tnUsher: bets $0.09
andy36G: folds 
Wagnertwinz: folds 
Uncalled bet ($0.09) returned to K0tnUsher
K0tnUsher collected $0.17 from pot
K0tnUsher: doesn't show hand 
*** SUMMARY ***
Total pot $0.18 | Rake $0.01 
Board [Js Ac 4s]
Seat 1: andy36G folded on the Flop
Seat 2: cbaritello folded before Flop (didn't bet)
Seat 3: prezik_v_sperme folded before Flop (didn't bet)
Seat 4: Lorpugo (button) folded before Flop (didn't bet)
Seat 5: Wagnertwinz (small blind) folded on the Flop
Seat 6: K0tnUsher (big blind) collected ($0.17)



PokerStars Hand #240732909912:  Hold'em No Limit ($0.01/$0.02 USD) - 2022/12/27 14:48:37 ET
Table 'Naiad II' 6-max Seat #5 is the button
Seat 1: andy36G ($1.54 in chips) 
Seat 2: cbaritello ($2.65 in chips) 
Seat 3: prezik_v_sperme ($1.72 in chips) 
Seat 4: Lorpugo ($1.36 in chips) 
Seat 5: Wagnertwinz ($2.11 in chips) 
Seat 6: K0tnUsher ($5.21 in chips) 
K0tnUsher: posts small blind $0.01
andy36G: posts big blind $0.02
*** HOLE CARDS ***
Dealt to Lorpugo [2s Kc]
cbaritello: folds 
prezik_v_sperme: folds 
Lorpugo: folds 
Wagnertwinz: folds 
K0tnUsher: raises $0.06 to $0.08
andy36G: folds 
Uncalled bet ($0.06) returned to K0tnUsher
K0tnUsher collected $0.04 from pot
K0tnUsher: doesn't show hand 
*** SUMMARY ***
Total pot $0.04 | Rake $0 
Seat 1: andy36G (big blind) folded before Flop
Seat 2: cbaritello folded before Flop (didn't bet)
Seat 3: prezik_v_sperme folded before Flop (didn't bet)
Seat 4: Lorpugo folded before Flop (didn't bet)
Seat 5: Wagnertwinz (button) folded before Flop (didn't bet)
Seat 6: K0tnUsher (small blind) collected ($0.04)



PokerStars Hand #240732917579:  Hold'em No Limit ($0.01/$0.02 USD) - 2022/12/27 14:48:54 ET
Table 'Naiad II' 6-max Seat #6 is the button
Seat 1: andy36G ($1.52 in chips) 
Seat 2: cbaritello ($2.65 in chips) 
Seat 3: prezik_v_sperme ($1.72 in chips) 
Seat 4: Lorpugo ($1.36 in chips) 
Seat 5: Wagnertwinz ($2.11 in chips) 
Seat 6: K0tnUsher ($5.23 in chips) 
andy36G: posts small blind $0.01
cbaritello: posts big blind $0.02
*** HOLE CARDS ***
Dealt to Lorpugo [Qh 2d]
prezik_v_sperme: raises $0.02 to $0.04
Lorpugo: folds 
Wagnertwinz: folds 
K0tnUsher: folds 
andy36G: folds 
cbaritello: calls $0.02
*** FLOP *** [3s 7d 8h]
cbaritello: checks 
prezik_v_sperme: bets $0.05
cbaritello: calls $0.05
*** TURN *** [3s 7d 8h] [2c]
cbaritello: checks 
prezik_v_sperme: checks 
*** RIVER *** [3s 7d 8h 2c] [4c]
cbaritello: checks 
prezik_v_sperme: bets $0.14
cbaritello: folds 
Uncalled bet ($0.14) returned to prezik_v_sperme
prezik_v_sperme collected $0.18 from pot
prezik_v_sperme: doesn't show hand 
*** SUMMARY ***
Total pot $0.19 | Rake $0.01 
Board [3s 7d 8h 2c 4c]
Seat 1: andy36G (small blind) folded before Flop
Seat 2: cbaritello (big blind) folded on the River
Seat 3: prezik_v_sperme collected ($0.18)
Seat 4: Lorpugo folded before Flop (didn't bet)
Seat 5: Wagnertwinz folded before Flop (didn't bet)
Seat 6: K0tnUsher (button) folded before Flop (didn't bet)



PokerStars Hand #240732943557:  Hold'em No Limit ($0.01/$0.02 USD) - 2022/12/27 14:49:52 ET
Table 'Naiad II' 6-max Seat #1 is the button
Seat 1: andy36G ($1.51 in chips) 
Seat 2: cbaritello ($2.56 in chips) 
Seat 3: prezik_v_sperme ($2 in chips) 
Seat 4: Lorpugo ($1.36 in chips) 
Seat 5: Wagnertwinz ($2.11 in chips) 
Seat 6: K0tnUsher ($5.23 in chips) 
cbaritello: posts small blind $0.01
prezik_v_sperme: posts big blind $0.02
*** HOLE CARDS ***
Dealt to Lorpugo [Jh 8c]
Lorpugo: folds 
Wagnertwinz: folds 
K0tnUsher: folds 
andy36G: raises $0.02 to $0.04
cbaritello: folds 
prezik_v_sperme: folds 
Uncalled bet ($0.02) returned to andy36G
andy36G collected $0.05 from pot
*** SUMMARY ***
Total pot $0.05 | Rake $0 
Seat 1: andy36G (button) collected ($0.05)
Seat 2: cbaritello (small blind) folded before Flop
Seat 3: prezik_v_sperme (big blind) folded before Flop
Seat 4: Lorpugo folded before Flop (didn't bet)
Seat 5: Wagnertwinz folded before Flop (didn't bet)
Seat 6: K0tnUsher folded before Flop (didn't bet)



PokerStars Hand #240732951464:  Hold'em No Limit ($0.01/$0.02 USD) - 2022/12/27 14:50:10 ET
Table 'Naiad II' 6-max Seat #2 is the button
Seat 1: andy36G ($1.54 in chips) 
Seat 2: cbaritello ($2.55 in chips) 
Seat 3: prezik_v_sperme ($1.98 in chips) 
Seat 4: Lorpugo ($1.36 in chips) 
Seat 5: Wagnertwinz ($2.11 in chips) 
Seat 6: K0tnUsher ($5.23 in chips) 
prezik_v_sperme: posts small blind $0.01
Lorpugo: posts big blind $0.02
*** HOLE CARDS ***
Dealt to Lorpugo [6c Ac]
Wagnertwinz: folds 
K0tnUsher: folds 
andy36G: folds 
cbaritello: raises $0.04 to $0.06
prezik_v_sperme: folds 
Lorpugo: calls $0.04
*** FLOP *** [Jc 8h 8c]
Lorpugo: bets $0.07
cbaritello: folds 
Uncalled bet ($0.07) returned to Lorpugo
Lorpugo collected $0.13 from pot
Lorpugo: doesn't show hand 
*** SUMMARY ***
Total pot $0.13 | Rake $0 
Board [Jc 8h 8c]
Seat 1: andy36G folded before Flop (didn't bet)
Seat 2: cbaritello (button) folded on the Flop
Seat 3: prezik_v_sperme (small blind) folded before Flop
Seat 4: Lorpugo (big blind) collected ($0.13)
Seat 5: Wagnertwinz folded before Flop (didn't bet)
Seat 6: K0tnUsher folded before Flop (didn't bet)



PokerStars Hand #240732966577:  Hold'em No Limit ($0.01/$0.02 USD) - 2022/12/27 14:50:44 ET
Table 'Naiad II' 6-max Seat #3 is the button
Seat 1: andy36G ($1.54 in chips) 
Seat 2: cbaritello ($2.49 in chips) 
Seat 3: prezik_v_sperme ($1.97 in chips) 
Seat 4: Lorpugo ($1.43 in chips) 
Seat 5: Wagnertwinz ($2.11 in chips) 
Seat 6: K0tnUsher ($5.23 in chips) 
Lorpugo: posts small blind $0.01
Wagnertwinz: posts big blind $0.02
*** HOLE CARDS ***
Dealt to Lorpugo [8c Td]
K0tnUsher: folds 
andy36G: calls $0.02
cbaritello: folds 
prezik_v_sperme: folds 
Lorpugo: calls $0.01
Wagnertwinz: raises $0.04 to $0.06
andy36G: calls $0.04
Lorpugo: folds 
*** FLOP *** [Qd Th 4d]
Wagnertwinz: bets $0.11
andy36G: folds 
Uncalled bet ($0.11) returned to Wagnertwinz
Wagnertwinz collected $0.14 from pot
*** SUMMARY ***
Total pot $0.14 | Rake $0 
Board [Qd Th 4d]
Seat 1: andy36G folded on the Flop
Seat 2: cbaritello folded before Flop (didn't bet)
Seat 3: prezik_v_sperme (button) folded before Flop (didn't bet)
Seat 4: Lorpugo (small blind) folded before Flop
Seat 5: Wagnertwinz (big blind) collected ($0.14)
Seat 6: K0tnUsher folded before Flop (didn't bet)



PokerStars Hand #240732979968:  Hold'em No Limit ($0.01/$0.02 USD) - 2022/12/27 14:51:14 ET
Table 'Naiad II' 6-max Seat #4 is the button
Seat 1: andy36G ($1.48 in chips) 
Seat 2: cbaritello ($2.49 in chips) 
Seat 3: prezik_v_sperme ($1.97 in chips) 
Seat 4: Lorpugo ($1.41 in chips) 
Seat 5: Wagnertwinz ($2.19 in chips) 
Seat 6: K0tnUsher ($5.23 in chips) 
Wagnertwinz: posts small blind $0.01
K0tnUsher: posts big blind $0.02
*** HOLE CARDS ***
Dealt to Lorpugo [Js 4s]
andy36G: folds 
cbaritello: folds 
prezik_v_sperme: raises $0.04 to $0.06
Lorpugo: folds 
Wagnertwinz: folds 
K0tnUsher: folds 
Uncalled bet ($0.04) returned to prezik_v_sperme
prezik_v_sperme collected $0.05 from pot
prezik_v_sperme: doesn't show hand 
*** SUMMARY ***
Total pot $0.05 | Rake $0 
Seat 1: andy36G folded before Flop (didn't bet)
Seat 2: cbaritello folded before Flop (didn't bet)
Seat 3: prezik_v_sperme collected ($0.05)
Seat 4: Lorpugo (button) folded before Flop (didn't bet)
Seat 5: Wagnertwinz (small blind) folded before Flop
Seat 6: K0tnUsher (big blind) folded before Flop



PokerStars Hand #240732987606:  Hold'em No Limit ($0.01/$0.02 USD) - 2022/12/27 14:51:31 ET
Table 'Naiad II' 6-max Seat #5 is the button
Seat 1: andy36G ($1.48 in chips) 
Seat 2: cbaritello ($2.49 in chips) 
Seat 3: prezik_v_sperme ($2 in chips) 
Seat 4: Lorpugo ($1.41 in chips) 
Seat 5: Wagnertwinz ($2.18 in chips) 
Seat 6: K0tnUsher ($5.21 in chips) 
K0tnUsher: posts small blind $0.01
andy36G: posts big blind $0.02
*** HOLE CARDS ***
Dealt to Lorpugo [2c 5c]
cbaritello: folds 
prezik_v_sperme: folds 
Lorpugo: folds 
Wagnertwinz: folds 
K0tnUsher: folds 
Uncalled bet ($0.01) returned to andy36G
andy36G collected $0.02 from pot
*** SUMMARY ***
Total pot $0.02 | Rake $0 
Seat 1: andy36G (big blind) collected ($0.02)
Seat 2: cbaritello folded before Flop (didn't bet)
Seat 3: prezik_v_sperme folded before Flop (didn't bet)
Seat 4: Lorpugo folded before Flop (didn't bet)
Seat 5: Wagnertwinz (button) folded before Flop (didn't bet)
Seat 6: K0tnUsher (small blind) folded before Flop



PokerStars Hand #240732997732:  Hold'em No Limit ($0.01/$0.02 USD) - 2022/12/27 14:51:53 ET
Table 'Naiad II' 6-max Seat #6 is the button
Seat 1: andy36G ($1.49 in chips) 
Seat 3: prezik_v_sperme ($2 in chips) 
Seat 4: Lorpugo ($1.41 in chips) 
Seat 5: Wagnertwinz ($2.18 in chips) 
Seat 6: K0tnUsher ($5.20 in chips) 
andy36G: posts small blind $0.01
prezik_v_sperme: posts big blind $0.02
*** HOLE CARDS ***
Dealt to Lorpugo [As 3c]
Lorpugo: folds 
Wagnertwinz: folds 
K0tnUsher: folds 
andy36G: folds 
Uncalled bet ($0.01) returned to prezik_v_sperme
prezik_v_sperme collected $0.02 from pot
prezik_v_sperme: doesn't show hand 
*** SUMMARY ***
Total pot $0.02 | Rake $0 
Seat 1: andy36G (small blind) folded before Flop
Seat 3: prezik_v_sperme (big blind) collected ($0.02)
Seat 4: Lorpugo folded before Flop (didn't bet)
Seat 5: Wagnertwinz folded before Flop (didn't bet)
Seat 6: K0tnUsher (button) folded before Flop (didn't bet)



PokerStars Hand #240733002624:  Hold'em No Limit ($0.01/$0.02 USD) - 2022/12/27 14:52:04 ET
Table 'Naiad II' 6-max Seat #1 is the button
Seat 1: andy36G ($1.48 in chips) 
Seat 3: prezik_v_sperme ($2.01 in chips) 
Seat 4: Lorpugo ($1.41 in chips) 
Seat 5: Wagnertwinz ($2.18 in chips) 
Seat 6: K0tnUsher ($5.20 in chips) 
prezik_v_sperme: posts small blind $0.01
Lorpugo: posts big blind $0.02
*** HOLE CARDS ***
Dealt to Lorpugo [3s 7h]
Wagnertwinz: folds 
cbaritello leaves the table
K0tnUsher: raises $0.04 to $0.06
andy36G: folds 
prezik_v_sperme: folds 
Lorpugo: folds 
Uncalled bet ($0.04) returned to K0tnUsher
K0tnUsher collected $0.05 from pot
K0tnUsher: doesn't show hand 
*** SUMMARY ***
Total pot $0.05 | Rake $0 
Seat 1: andy36G (button) folded before Flop (didn't bet)
Seat 3: prezik_v_sperme (small blind) folded before Flop
Seat 4: Lorpugo (big blind) folded before Flop
Seat 5: Wagnertwinz folded before Flop (didn't bet)
Seat 6: K0tnUsher collected ($0.05)



PokerStars Hand #240733009971:  Hold'em No Limit ($0.01/$0.02 USD) - 2022/12/27 14:52:21 ET
Table 'Naiad II' 6-max Seat #3 is the button
Seat 1: andy36G ($1.48 in chips) 
Seat 3: prezik_v_sperme ($2 in chips) 
Seat 4: Lorpugo ($1.39 in chips) 
Seat 5: Wagnertwinz ($2.18 in chips) 
Seat 6: K0tnUsher ($5.23 in chips) 
Lorpugo: posts small blind $0.01
Wagnertwinz: posts big blind $0.02
*** HOLE CARDS ***
Dealt to Lorpugo [4h 4d]
K0tnUsher: folds 
andy36G: folds 
prezik_v_sperme: folds 
abona182 joins the table at seat #2 
Lorpugo: raises $0.04 to $0.06
Wagnertwinz: folds 
Uncalled bet ($0.04) returned to Lorpugo
Lorpugo collected $0.04 from pot
Lorpugo: doesn't show hand 
*** SUMMARY ***
Total pot $0.04 | Rake $0 
Seat 1: andy36G folded before Flop (didn't bet)
Seat 3: prezik_v_sperme (button) folded before Flop (didn't bet)
Seat 4: Lorpugo (small blind) collected ($0.04)
Seat 5: Wagnertwinz (big blind) folded before Flop
Seat 6: K0tnUsher folded before Flop (didn't bet)



PokerStars Hand #240733015061:  Hold'em No Limit ($0.01/$0.02 USD) - 2022/12/27 14:52:32 ET
Table 'Naiad II' 6-max Seat #4 is the button
Seat 1: andy36G ($1.48 in chips) 
Seat 3: prezik_v_sperme ($2 in chips) 
Seat 4: Lorpugo ($1.41 in chips) 
Seat 5: Wagnertwinz ($2.16 in chips) 
Seat 6: K0tnUsher ($5.23 in chips) 
Wagnertwinz: posts small blind $0.01
K0tnUsher: posts big blind $0.02
*** HOLE CARDS ***
Dealt to Lorpugo [6c Ad]
andy36G: folds 
prezik_v_sperme: folds 
Lorpugo: raises $0.04 to $0.06
Wagnertwinz: folds 
K0tnUsher: calls $0.04
*** FLOP *** [4d 6h 5c]
K0tnUsher: checks 
Lorpugo: bets $0.09
K0tnUsher: calls $0.09
*** TURN *** [4d 6h 5c] [2h]
K0tnUsher: checks 
Lorpugo: bets $0.15
K0tnUsher: calls $0.15
*** RIVER *** [4d 6h 5c 2h] [Td]
K0tnUsher: checks 
Lorpugo: checks 
*** SHOW DOWN ***
K0tnUsher: shows [9h 7h] (high card Ten)
Lorpugo: shows [6c Ad] (a pair of Sixes)
Lorpugo collected $0.59 from pot
*** SUMMARY ***
Total pot $0.61 | Rake $0.02 
Board [4d 6h 5c 2h Td]
Seat 1: andy36G folded before Flop (didn't bet)
Seat 3: prezik_v_sperme folded before Flop (didn't bet)
Seat 4: Lorpugo (button) showed [6c Ad] and won ($0.59) with a pair of Sixes
Seat 5: Wagnertwinz (small blind) folded before Flop
Seat 6: K0tnUsher (big blind) showed [9h 7h] and lost with high card Ten



PokerStars Hand #240733030859:  Hold'em No Limit ($0.01/$0.02 USD) - 2022/12/27 14:53:07 ET
Table 'Naiad II' 6-max Seat #5 is the button
Seat 1: andy36G ($1.48 in chips) 
Seat 3: prezik_v_sperme ($2 in chips) 
Seat 4: Lorpugo ($1.70 in chips) 
Seat 5: Wagnertwinz ($2.15 in chips) 
Seat 6: K0tnUsher ($4.93 in chips) 
K0tnUsher: posts small blind $0.01
andy36G: posts big blind $0.02
*** HOLE CARDS ***
Dealt to Lorpugo [Kd 3h]
prezik_v_sperme: folds 
Lorpugo: folds 
Wagnertwinz: folds 
K0tnUsher: folds 
Uncalled bet ($0.01) returned to andy36G
andy36G collected $0.02 from pot
*** SUMMARY ***
Total pot $0.02 | Rake $0 
Seat 1: andy36G (big blind) collected ($0.02)
Seat 3: prezik_v_sperme folded before Flop (didn't bet)
Seat 4: Lorpugo folded before Flop (didn't bet)
Seat 5: Wagnertwinz (button) folded before Flop (didn't bet)
Seat 6: K0tnUsher (small blind) folded before Flop



PokerStars Hand #240733035116:  Hold'em No Limit ($0.01/$0.02 USD) - 2022/12/27 14:53:17 ET
Table 'Naiad II' 6-max Seat #6 is the button
Seat 1: andy36G ($1.49 in chips) 
Seat 2: abona182 ($2 in chips) 
Seat 3: prezik_v_sperme ($2 in chips) 
Seat 4: Lorpugo ($1.70 in chips) 
Seat 5: Wagnertwinz ($2.15 in chips) 
Seat 6: K0tnUsher ($4.92 in chips) 
andy36G: posts small blind $0.01
abona182: posts big blind $0.02
*** HOLE CARDS ***
Dealt to Lorpugo [Jc 7c]
prezik_v_sperme: raises $0.04 to $0.06
Lorpugo: folds 
Wagnertwinz: folds 
K0tnUsher: folds 
andy36G: calls $0.05
abona182: folds 
*** FLOP *** [9d 2h Kh]
andy36G: checks 
prezik_v_sperme: bets $0.08
andy36G: calls $0.08
*** TURN *** [9d 2h Kh] [9h]
andy36G: checks 
prezik_v_sperme: bets $0.16
andy36G: calls $0.16
*** RIVER *** [9d 2h Kh 9h] [6d]
andy36G: checks 
prezik_v_sperme: checks 
*** SHOW DOWN ***
andy36G: shows [Ts Ks] (two pair, Kings and Nines)
prezik_v_sperme: mucks hand 
andy36G collected $0.60 from pot
*** SUMMARY ***
Total pot $0.62 | Rake $0.02 
Board [9d 2h Kh 9h 6d]
Seat 1: andy36G (small blind) showed [Ts Ks] and won ($0.60) with two pair, Kings and Nines
Seat 2: abona182 (big blind) folded before Flop
Seat 3: prezik_v_sperme mucked [As Qc]
Seat 4: Lorpugo folded before Flop (didn't bet)
Seat 5: Wagnertwinz folded before Flop (didn't bet)
Seat 6: K0tnUsher (button) folded before Flop (didn't bet)



PokerStars Hand #240733053191:  Hold'em No Limit ($0.01/$0.02 USD) - 2022/12/27 14:53:58 ET
Table 'Naiad II' 6-max Seat #1 is the button
Seat 1: andy36G ($1.79 in chips) 
Seat 2: abona182 ($2 in chips) 
Seat 3: prezik_v_sperme ($1.70 in chips) 
Seat 4: Lorpugo ($1.70 in chips) 
Seat 5: Wagnertwinz ($2.15 in chips) 
Seat 6: K0tnUsher ($4.92 in chips) 
abona182: posts small blind $0.01
prezik_v_sperme: posts big blind $0.02
*** HOLE CARDS ***
Dealt to Lorpugo [4c 7d]
Lorpugo: folds 
Wagnertwinz: folds 
K0tnUsher: folds 
andy36G: folds 
abona182: folds 
Uncalled bet ($0.01) returned to prezik_v_sperme
prezik_v_sperme collected $0.02 from pot
prezik_v_sperme: doesn't show hand 
*** SUMMARY ***
Total pot $0.02 | Rake $0 
Seat 1: andy36G (button) folded before Flop (didn't bet)
Seat 2: abona182 (small blind) folded before Flop
Seat 3: prezik_v_sperme (big blind) collected ($0.02)
Seat 4: Lorpugo folded before Flop (didn't bet)
Seat 5: Wagnertwinz folded before Flop (didn't bet)
Seat 6: K0tnUsher folded before Flop (didn't bet)



PokerStars Hand #240733059868:  Hold'em No Limit ($0.01/$0.02 USD) - 2022/12/27 14:54:12 ET
Table 'Naiad II' 6-max Seat #2 is the button
Seat 1: andy36G ($1.79 in chips) 
Seat 2: abona182 ($2 in chips) 
Seat 3: prezik_v_sperme ($2 in chips) 
Seat 4: Lorpugo ($1.70 in chips) 
Seat 5: Wagnertwinz ($2.15 in chips) 
Seat 6: K0tnUsher ($4.92 in chips) 
prezik_v_sperme: posts small blind $0.01
Lorpugo: posts big blind $0.02
*** HOLE CARDS ***
Dealt to Lorpugo [9d 7c]
Wagnertwinz: folds 
K0tnUsher: folds 
andy36G: folds 
abona182: folds 
prezik_v_sperme: raises $0.04 to $0.06
Lorpugo: calls $0.04
*** FLOP *** [Ts 5c 4h]
prezik_v_sperme: bets $0.08
Lorpugo: folds 
Uncalled bet ($0.08) returned to prezik_v_sperme
prezik_v_sperme collected $0.12 from pot
prezik_v_sperme: doesn't show hand 
*** SUMMARY ***
Total pot $0.12 | Rake $0 
Board [Ts 5c 4h]
Seat 1: andy36G folded before Flop (didn't bet)
Seat 2: abona182 (button) folded before Flop (didn't bet)
Seat 3: prezik_v_sperme (small blind) collected ($0.12)
Seat 4: Lorpugo (big blind) folded on the Flop
Seat 5: Wagnertwinz folded before Flop (didn't bet)
Seat 6: K0tnUsher folded before Flop (didn't bet)



PokerStars Hand #240733070641:  Hold'em No Limit ($0.01/$0.02 USD) - 2022/12/27 14:54:36 ET
Table 'Naiad II' 6-max Seat #3 is the button
Seat 1: andy36G ($1.79 in chips) 
Seat 2: abona182 ($2 in chips) 
Seat 3: prezik_v_sperme ($2.06 in chips) 
Seat 4: Lorpugo ($1.64 in chips) 
Seat 5: Wagnertwinz ($2.15 in chips) 
Seat 6: K0tnUsher ($4.92 in chips) 
Lorpugo: posts small blind $0.01
Wagnertwinz: posts big blind $0.02
*** HOLE CARDS ***
Dealt to Lorpugo [Td 2c]
K0tnUsher: raises $0.04 to $0.06
andy36G: folds 
abona182: folds 
prezik_v_sperme: folds 
Lorpugo: folds 
Wagnertwinz: folds 
Uncalled bet ($0.04) returned to K0tnUsher
K0tnUsher collected $0.05 from pot
K0tnUsher: doesn't show hand 
*** SUMMARY ***
Total pot $0.05 | Rake $0 
Seat 1: andy36G folded before Flop (didn't bet)
Seat 2: abona182 folded before Flop (didn't bet)
Seat 3: prezik_v_sperme (button) folded before Flop (didn't bet)
Seat 4: Lorpugo (small blind) folded before Flop
Seat 5: Wagnertwinz (big blind) folded before Flop
Seat 6: K0tnUsher collected ($0.05)



PokerStars Hand #240733077788:  Hold'em No Limit ($0.01/$0.02 USD) - 2022/12/27 14:54:52 ET
Table 'Naiad II' 6-max Seat #4 is the button
Seat 1: andy36G ($1.79 in chips) 
Seat 2: abona182 ($2 in chips) 
Seat 3: prezik_v_sperme ($2.06 in chips) 
Seat 4: Lorpugo ($1.63 in chips) 
Seat 5: Wagnertwinz ($2.13 in chips) 
Seat 6: K0tnUsher ($4.95 in chips) 
Wagnertwinz: posts small blind $0.01
K0tnUsher: posts big blind $0.02
*** HOLE CARDS ***
Dealt to Lorpugo [6c 6h]
andy36G: raises $0.04 to $0.06
abona182: folds 
prezik_v_sperme: folds 
Lorpugo: calls $0.06
Wagnertwinz: raises $0.14 to $0.20
K0tnUsher: folds 
andy36G: calls $0.14
Lorpugo: calls $0.14
*** FLOP *** [9d Ac Qh]
Wagnertwinz: bets $0.40
andy36G: folds 
Lorpugo: folds 
Uncalled bet ($0.40) returned to Wagnertwinz
Wagnertwinz collected $0.60 from pot
*** SUMMARY ***
Total pot $0.62 | Rake $0.02 
Board [9d Ac Qh]
Seat 1: andy36G folded on the Flop
Seat 2: abona182 folded before Flop (didn't bet)
Seat 3: prezik_v_sperme folded before Flop (didn't bet)
Seat 4: Lorpugo (button) folded on the Flop
Seat 5: Wagnertwinz (small blind) collected ($0.60)
Seat 6: K0tnUsher (big blind) folded before Flop



PokerStars Hand #240733095135:  Hold'em No Limit ($0.01/$0.02 USD) - 2022/12/27 14:55:43 ET
Table 'Naiad II' 6-max Seat #5 is the button
Seat 1: andy36G ($1.59 in chips) 
Seat 2: abona182 ($2 in chips) 
Seat 3: prezik_v_sperme ($2.06 in chips) 
Seat 4: Lorpugo ($1.43 in chips) 
Seat 5: Wagnertwinz ($2.53 in chips) 
Seat 6: K0tnUsher ($4.93 in chips) 
K0tnUsher: posts small blind $0.01
andy36G: posts big blind $0.02
*** HOLE CARDS ***
Dealt to Lorpugo [Qd 9s]
abona182: folds 
prezik_v_sperme: folds 
Lorpugo: raises $0.04 to $0.06
Wagnertwinz: calls $0.06
K0tnUsher: folds 
andy36G: calls $0.04
*** FLOP *** [7h 9c Ac]
andy36G: checks 
Lorpugo: checks 
Wagnertwinz: checks 
*** TURN *** [7h 9c Ac] [Jc]
andy36G: bets $0.18
Lorpugo: folds 
Wagnertwinz: folds 
Uncalled bet ($0.18) returned to andy36G
andy36G collected $0.18 from pot
*** SUMMARY ***
Total pot $0.19 | Rake $0.01 
Board [7h 9c Ac Jc]
Seat 1: andy36G (big blind) collected ($0.18)
Seat 2: abona182 folded before Flop (didn't bet)
Seat 3: prezik_v_sperme folded before Flop (didn't bet)
Seat 4: Lorpugo folded on the Turn
Seat 5: Wagnertwinz (button) folded on the Turn
Seat 6: K0tnUsher (small blind) folded before Flop



PokerStars Hand #240733108468:  Hold'em No Limit ($0.01/$0.02 USD) - 2022/12/27 14:56:25 ET
Table 'Naiad II' 6-max Seat #6 is the button
Seat 1: andy36G ($1.71 in chips) 
Seat 2: abona182 ($2 in chips) 
Seat 3: prezik_v_sperme ($2.06 in chips) 
Seat 4: Lorpugo ($1.37 in chips) 
Seat 5: Wagnertwinz ($2.47 in chips) 
Seat 6: K0tnUsher ($4.92 in chips) 
andy36G: posts small blind $0.01
abona182: posts big blind $0.02
*** HOLE CARDS ***
Dealt to Lorpugo [3s 4c]
prezik_v_sperme: folds 
Lorpugo: folds 
Wagnertwinz: folds 
K0tnUsher: folds 
andy36G: raises $0.02 to $0.04
abona182: folds 
Uncalled bet ($0.02) returned to andy36G
andy36G collected $0.04 from pot
*** SUMMARY ***
Total pot $0.04 | Rake $0 
Seat 1: andy36G (small blind) collected ($0.04)
Seat 2: abona182 (big blind) folded before Flop
Seat 3: prezik_v_sperme folded before Flop (didn't bet)
Seat 4: Lorpugo folded before Flop (didn't bet)
Seat 5: Wagnertwinz folded before Flop (didn't bet)
Seat 6: K0tnUsher (button) folded before Flop (didn't bet)



PokerStars Hand #240733113370:  Hold'em No Limit ($0.01/$0.02 USD) - 2022/12/27 14:56:41 ET
Table 'Naiad II' 6-max Seat #1 is the button
Seat 1: andy36G ($1.73 in chips) 
Seat 2: abona182 ($2 in chips) 
Seat 3: prezik_v_sperme ($2.06 in chips) 
Seat 4: Lorpugo ($1.37 in chips) 
Seat 5: Wagnertwinz ($2.47 in chips) 
Seat 6: K0tnUsher ($4.92 in chips) 
abona182: posts small blind $0.01
prezik_v_sperme: posts big blind $0.02
*** HOLE CARDS ***
Dealt to Lorpugo [9d 4d]
Lorpugo: folds 
Wagnertwinz: folds 
K0tnUsher: raises $0.04 to $0.06
andy36G: folds 
abona182: folds 
prezik_v_sperme: folds 
Uncalled bet ($0.04) returned to K0tnUsher
K0tnUsher collected $0.05 from pot
K0tnUsher: doesn't show hand 
*** SUMMARY ***
Total pot $0.05 | Rake $0 
Seat 1: andy36G (button) folded before Flop (didn't bet)
Seat 2: abona182 (small blind) folded before Flop
Seat 3: prezik_v_sperme (big blind) folded before Flop
Seat 4: Lorpugo folded before Flop (didn't bet)
Seat 5: Wagnertwinz folded before Flop (didn't bet)
Seat 6: K0tnUsher collected ($0.05)



PokerStars Hand #240733117839:  Hold'em No Limit ($0.01/$0.02 USD) - 2022/12/27 14:56:55 ET
Table 'Naiad II' 6-max Seat #2 is the button
Seat 1: andy36G ($1.73 in chips) 
Seat 2: abona182 ($2 in chips) 
Seat 3: prezik_v_sperme ($2.04 in chips) 
Seat 4: Lorpugo ($1.37 in chips) 
Seat 5: Wagnertwinz ($2.47 in chips) 
Seat 6: K0tnUsher ($4.95 in chips) 
prezik_v_sperme: posts small blind $0.01
Lorpugo: posts big blind $0.02
*** HOLE CARDS ***
Dealt to Lorpugo [6s 4h]
Wagnertwinz: folds 
K0tnUsher: folds 
andy36G: calls $0.02
abona182: calls $0.02
prezik_v_sperme: raises $0.08 to $0.10
Lorpugo: folds 
andy36G: folds 
abona182: folds 
Uncalled bet ($0.08) returned to prezik_v_sperme
prezik_v_sperme collected $0.08 from pot
prezik_v_sperme: doesn't show hand 
*** SUMMARY ***
Total pot $0.08 | Rake $0 
Seat 1: andy36G folded before Flop
Seat 2: abona182 (button) folded before Flop
Seat 3: prezik_v_sperme (small blind) collected ($0.08)
Seat 4: Lorpugo (big blind) folded before Flop
Seat 5: Wagnertwinz folded before Flop (didn't bet)
Seat 6: K0tnUsher folded before Flop (didn't bet)



PokerStars Hand #240733124634:  Hold'em No Limit ($0.01/$0.02 USD) - 2022/12/27 14:57:16 ET
Table 'Naiad II' 6-max Seat #3 is the button
Seat 1: andy36G ($1.71 in chips) 
Seat 2: abona182 ($2 in chips) 
Seat 3: prezik_v_sperme ($2.10 in chips) 
Seat 4: Lorpugo ($1.35 in chips) 
Seat 5: Wagnertwinz ($2.47 in chips) 
Seat 6: K0tnUsher ($4.95 in chips) 
Lorpugo: posts small blind $0.01
Wagnertwinz: posts big blind $0.02
*** HOLE CARDS ***
Dealt to Lorpugo [8s Qh]
K0tnUsher: folds 
andy36G: calls $0.02
abona182: folds 
prezik_v_sperme: folds 
Lorpugo: calls $0.01
Wagnertwinz: checks 
*** FLOP *** [6d 6s Ad]
Lorpugo: bets $0.03
Wagnertwinz: folds 
andy36G: folds 
Uncalled bet ($0.03) returned to Lorpugo
Lorpugo collected $0.06 from pot
Lorpugo: doesn't show hand 
*** SUMMARY ***
Total pot $0.06 | Rake $0 
Board [6d 6s Ad]
Seat 1: andy36G folded on the Flop
Seat 2: abona182 folded before Flop (didn't bet)
Seat 3: prezik_v_sperme (button) folded before Flop (didn't bet)
Seat 4: Lorpugo (small blind) collected ($0.06)
Seat 5: Wagnertwinz (big blind) folded on the Flop
Seat 6: K0tnUsher folded before Flop (didn't bet)



PokerStars Hand #240733134460:  Hold'em No Limit ($0.01/$0.02 USD) - 2022/12/27 14:57:47 ET
Table 'Naiad II' 6-max Seat #4 is the button
Seat 1: andy36G ($1.69 in chips) 
Seat 2: abona182 ($2 in chips) 
Seat 3: prezik_v_sperme ($2.10 in chips) 
Seat 4: Lorpugo ($1.39 in chips) 
Seat 5: Wagnertwinz ($2.45 in chips) 
Seat 6: K0tnUsher ($4.95 in chips) 
Wagnertwinz: posts small blind $0.01
K0tnUsher: posts big blind $0.02
*** HOLE CARDS ***
Dealt to Lorpugo [4c Js]
andy36G: folds 
abona182: folds 
prezik_v_sperme: raises $0.02 to $0.04
Lorpugo: folds 
Wagnertwinz: folds 
K0tnUsher: folds 
Uncalled bet ($0.02) returned to prezik_v_sperme
prezik_v_sperme collected $0.05 from pot
prezik_v_sperme: doesn't show hand 
*** SUMMARY ***
Total pot $0.05 | Rake $0 
Seat 1: andy36G folded before Flop (didn't bet)
Seat 2: abona182 folded before Flop (didn't bet)
Seat 3: prezik_v_sperme collected ($0.05)
Seat 4: Lorpugo (button) folded before Flop (didn't bet)
Seat 5: Wagnertwinz (small blind) folded before Flop
Seat 6: K0tnUsher (big blind) folded before Flop



PokerStars Hand #240733139079:  Hold'em No Limit ($0.01/$0.02 USD) - 2022/12/27 14:58:02 ET
Table 'Naiad II' 6-max Seat #5 is the button
Seat 1: andy36G ($1.69 in chips) 
Seat 2: abona182 ($2 in chips) 
Seat 3: prezik_v_sperme ($2.13 in chips) 
Seat 4: Lorpugo ($1.39 in chips) 
Seat 5: Wagnertwinz ($2.44 in chips) 
Seat 6: K0tnUsher ($4.93 in chips) 
K0tnUsher: posts small blind $0.01
andy36G: posts big blind $0.02
*** HOLE CARDS ***
Dealt to Lorpugo [7c 3s]
abona182: folds 
prezik_v_sperme: folds 
Lorpugo: folds 
Wagnertwinz: raises $0.04 to $0.06
K0tnUsher: folds 
andy36G: calls $0.04
*** FLOP *** [As Js 8c]
andy36G: checks 
Wagnertwinz: checks 
*** TURN *** [As Js 8c] [9c]
andy36G: checks 
Wagnertwinz: bets $0.07
andy36G: calls $0.07
*** RIVER *** [As Js 8c 9c] [Jc]
andy36G: checks 
Wagnertwinz: bets $0.13
andy36G: folds 
Uncalled bet ($0.13) returned to Wagnertwinz
Wagnertwinz collected $0.26 from pot
*** SUMMARY ***
Total pot $0.27 | Rake $0.01 
Board [As Js 8c 9c Jc]
Seat 1: andy36G (big blind) folded on the River
Seat 2: abona182 folded before Flop (didn't bet)
Seat 3: prezik_v_sperme folded before Flop (didn't bet)
Seat 4: Lorpugo folded before Flop (didn't bet)
Seat 5: Wagnertwinz (button) collected ($0.26)
Seat 6: K0tnUsher (small blind) folded before Flop



PokerStars Hand #240733151746:  Hold'em No Limit ($0.01/$0.02 USD) - 2022/12/27 14:58:42 ET
Table 'Naiad II' 6-max Seat #6 is the button
Seat 1: andy36G ($1.56 in chips) 
Seat 2: abona182 ($2 in chips) 
Seat 3: prezik_v_sperme ($2.13 in chips) 
Seat 4: Lorpugo ($1.39 in chips) 
Seat 5: Wagnertwinz ($2.57 in chips) 
Seat 6: K0tnUsher ($4.92 in chips) 
andy36G: posts small blind $0.01
abona182: posts big blind $0.02
*** HOLE CARDS ***
Dealt to Lorpugo [9h Ts]
prezik_v_sperme: folds 
Lorpugo: raises $0.04 to $0.06
Wagnertwinz: folds 
K0tnUsher: folds 
andy36G: folds 
abona182: folds 
Uncalled bet ($0.04) returned to Lorpugo
Lorpugo collected $0.05 from pot
Lorpugo: doesn't show hand 
*** SUMMARY ***
Total pot $0.05 | Rake $0 
Seat 1: andy36G (small blind) folded before Flop
Seat 2: abona182 (big blind) folded before Flop
Seat 3: prezik_v_sperme folded before Flop (didn't bet)
Seat 4: Lorpugo collected ($0.05)
Seat 5: Wagnertwinz folded before Flop (didn't bet)
Seat 6: K0tnUsher (button) folded before Flop (didn't bet)



PokerStars Hand #240733155656:  Hold'em No Limit ($0.01/$0.02 USD) - 2022/12/27 14:58:54 ET
Table 'Naiad II' 6-max Seat #1 is the button
Seat 1: andy36G ($1.55 in chips) 
Seat 2: abona182 ($2 in chips) 
Seat 3: prezik_v_sperme ($2.13 in chips) 
Seat 4: Lorpugo ($1.42 in chips) 
Seat 5: Wagnertwinz ($2.57 in chips) 
Seat 6: K0tnUsher ($4.92 in chips) 
abona182: posts small blind $0.01
prezik_v_sperme: posts big blind $0.02
*** HOLE CARDS ***
Dealt to Lorpugo [Td 8d]
Lorpugo: raises $0.04 to $0.06
Wagnertwinz: folds 
K0tnUsher: folds 
andy36G: folds 
abona182: folds 
prezik_v_sperme: folds 
Uncalled bet ($0.04) returned to Lorpugo
Lorpugo collected $0.05 from pot
Lorpugo: doesn't show hand 
*** SUMMARY ***
Total pot $0.05 | Rake $0 
Seat 1: andy36G (button) folded before Flop (didn't bet)
Seat 2: abona182 (small blind) folded before Flop
Seat 3: prezik_v_sperme (big blind) folded before Flop
Seat 4: Lorpugo collected ($0.05)
Seat 5: Wagnertwinz folded before Flop (didn't bet)
Seat 6: K0tnUsher folded before Flop (didn't bet)



PokerStars Hand #240733162814:  Hold'em No Limit ($0.01/$0.02 USD) - 2022/12/27 14:59:17 ET
Table 'Naiad II' 6-max Seat #2 is the button
Seat 1: andy36G ($1.55 in chips) 
Seat 2: abona182 ($2 in chips) 
Seat 3: prezik_v_sperme ($2.11 in chips) 
Seat 4: Lorpugo ($1.45 in chips) 
Seat 5: Wagnertwinz ($2.57 in chips) 
Seat 6: K0tnUsher ($4.92 in chips) 
prezik_v_sperme: posts small blind $0.01
Lorpugo: posts big blind $0.02
*** HOLE CARDS ***
Dealt to Lorpugo [5s 3c]
Wagnertwinz: folds 
K0tnUsher: folds 
andy36G: folds 
abona182: raises $0.04 to $0.06
prezik_v_sperme: folds 
Lorpugo: folds 
Uncalled bet ($0.04) returned to abona182
abona182 collected $0.05 from pot
abona182: doesn't show hand 
*** SUMMARY ***
Total pot $0.05 | Rake $0 
Seat 1: andy36G folded before Flop (didn't bet)
Seat 2: abona182 (button) collected ($0.05)
Seat 3: prezik_v_sperme (small blind) folded before Flop
Seat 4: Lorpugo (big blind) folded before Flop
Seat 5: Wagnertwinz folded before Flop (didn't bet)
Seat 6: K0tnUsher folded before Flop (didn't bet)



PokerStars Hand #240733167728:  Hold'em No Limit ($0.01/$0.02 USD) - 2022/12/27 14:59:33 ET
Table 'Naiad II' 6-max Seat #3 is the button
Seat 1: andy36G ($1.55 in chips) 
Seat 2: abona182 ($2.03 in chips) 
Seat 3: prezik_v_sperme ($2.10 in chips) 
Seat 4: Lorpugo ($1.43 in chips) 
Seat 5: Wagnertwinz ($2.57 in chips) 
Seat 6: K0tnUsher ($4.92 in chips) 
Lorpugo: posts small blind $0.01
Wagnertwinz: posts big blind $0.02
*** HOLE CARDS ***
Dealt to Lorpugo [2c As]
K0tnUsher: folds 
andy36G: folds 
abona182: folds 
prezik_v_sperme: raises $0.02 to $0.04
Lorpugo: calls $0.03
Wagnertwinz: folds 
*** FLOP *** [5s Th 9h]
Lorpugo: checks 
prezik_v_sperme: bets $0.08
Lorpugo: folds 
Uncalled bet ($0.08) returned to prezik_v_sperme
prezik_v_sperme collected $0.10 from pot
prezik_v_sperme: doesn't show hand 
*** SUMMARY ***
Total pot $0.10 | Rake $0 
Board [5s Th 9h]
Seat 1: andy36G folded before Flop (didn't bet)
Seat 2: abona182 folded before Flop (didn't bet)
Seat 3: prezik_v_sperme (button) collected ($0.10)
Seat 4: Lorpugo (small blind) folded on the Flop
Seat 5: Wagnertwinz (big blind) folded before Flop
Seat 6: K0tnUsher folded before Flop (didn't bet)



PokerStars Hand #240733177384:  Hold'em No Limit ($0.01/$0.02 USD) - 2022/12/27 15:00:04 ET
Table 'Naiad II' 6-max Seat #4 is the button
Seat 1: andy36G ($1.55 in chips) 
Seat 2: abona182 ($2.03 in chips) 
Seat 3: prezik_v_sperme ($2.16 in chips) 
Seat 4: Lorpugo ($1.39 in chips) 
Seat 5: Wagnertwinz ($2.55 in chips) 
Seat 6: K0tnUsher ($4.92 in chips) 
Wagnertwinz: posts small blind $0.01
K0tnUsher: posts big blind $0.02
*** HOLE CARDS ***
Dealt to Lorpugo [2c 2h]
andy36G: folds 
abona182: raises $0.04 to $0.06
prezik_v_sperme: folds 
Lorpugo: calls $0.06
Wagnertwinz: folds 
K0tnUsher: calls $0.04
*** FLOP *** [Kc Tc 6c]
K0tnUsher: checks 
abona182: checks 
Lorpugo: checks 
*** TURN *** [Kc Tc 6c] [Ah]
K0tnUsher: checks 
abona182: bets $0.09
Lorpugo: folds 
K0tnUsher: folds 
Uncalled bet ($0.09) returned to abona182
abona182 collected $0.18 from pot
abona182: doesn't show hand 
*** SUMMARY ***
Total pot $0.19 | Rake $0.01 
Board [Kc Tc 6c Ah]
Seat 1: andy36G folded before Flop (didn't bet)
Seat 2: abona182 collected ($0.18)
Seat 3: prezik_v_sperme folded before Flop (didn't bet)
Seat 4: Lorpugo (button) folded on the Turn
Seat 5: Wagnertwinz (small blind) folded before Flop
Seat 6: K0tnUsher (big blind) folded on the Turn



PokerStars Hand #240733193013:  Hold'em No Limit ($0.01/$0.02 USD) - 2022/12/27 15:00:49 ET
Table 'Naiad II' 6-max Seat #5 is the button
Seat 1: andy36G ($1.55 in chips) 
Seat 2: abona182 ($2.15 in chips) 
Seat 3: prezik_v_sperme ($2.16 in chips) 
Seat 4: Lorpugo ($1.33 in chips) 
Seat 5: Wagnertwinz ($2.54 in chips) 
Seat 6: K0tnUsher ($4.86 in chips) 
K0tnUsher: posts small blind $0.01
andy36G: posts big blind $0.02
*** HOLE CARDS ***
Dealt to Lorpugo [3c 4d]
abona182: folds 
prezik_v_sperme: folds 
Lorpugo: folds 
Wagnertwinz: raises $0.04 to $0.06
K0tnUsher: folds 
andy36G: calls $0.04
*** FLOP *** [8c 7h 8s]
andy36G: checks 
Wagnertwinz: bets $0.07
andy36G: folds 
Uncalled bet ($0.07) returned to Wagnertwinz
Wagnertwinz collected $0.13 from pot
*** SUMMARY ***
Total pot $0.13 | Rake $0 
Board [8c 7h 8s]
Seat 1: andy36G (big blind) folded on the Flop
Seat 2: abona182 folded before Flop (didn't bet)
Seat 3: prezik_v_sperme folded before Flop (didn't bet)
Seat 4: Lorpugo folded before Flop (didn't bet)
Seat 5: Wagnertwinz (button) collected ($0.13)
Seat 6: K0tnUsher (small blind) folded before Flop



PokerStars Hand #240733203156:  Hold'em No Limit ($0.01/$0.02 USD) - 2022/12/27 15:01:17 ET
Table 'Naiad II' 6-max Seat #6 is the button
Seat 1: andy36G ($1.49 in chips) 
Seat 2: abona182 ($2.15 in chips) 
Seat 3: prezik_v_sperme ($2.16 in chips) 
Seat 4: Lorpugo ($1.33 in chips) 
Seat 5: Wagnertwinz ($2.61 in chips) 
Seat 6: K0tnUsher ($4.85 in chips) 
andy36G: posts small blind $0.01
abona182: posts big blind $0.02
*** HOLE CARDS ***
Dealt to Lorpugo [2h 9s]
prezik_v_sperme: folds 
Lorpugo: folds 
Wagnertwinz: folds 
K0tnUsher: raises $0.04 to $0.06
andy36G: calls $0.05
abona182: calls $0.04
*** FLOP *** [2c 7c 9h]
andy36G: checks 
abona182: bets $0.09
K0tnUsher: calls $0.09
andy36G: calls $0.09
*** TURN *** [2c 7c 9h] [3d]
andy36G: checks 
abona182: checks 
K0tnUsher: checks 
*** RIVER *** [2c 7c 9h 3d] [Ks]
andy36G: bets $0.22
abona182: folds 
K0tnUsher: folds 
Uncalled bet ($0.22) returned to andy36G
andy36G collected $0.43 from pot
*** SUMMARY ***
Total pot $0.45 | Rake $0.02 
Board [2c 7c 9h 3d Ks]
Seat 1: andy36G (small blind) collected ($0.43)
Seat 2: abona182 (big blind) folded on the River
Seat 3: prezik_v_sperme folded before Flop (didn't bet)
Seat 4: Lorpugo folded before Flop (didn't bet)
Seat 5: Wagnertwinz folded before Flop (didn't bet)
Seat 6: K0tnUsher (button) folded on the River



PokerStars Hand #240733224321:  Hold'em No Limit ($0.01/$0.02 USD) - 2022/12/27 15:02:09 ET
Table 'Naiad II' 6-max Seat #1 is the button
Seat 1: andy36G ($1.77 in chips) 
Seat 2: abona182 ($2 in chips) 
Seat 3: prezik_v_sperme ($2.16 in chips) 
Seat 4: Lorpugo ($1.33 in chips) 
Seat 5: Wagnertwinz ($2.61 in chips) 
Seat 6: K0tnUsher ($4.70 in chips) 
abona182: posts small blind $0.01
prezik_v_sperme: posts big blind $0.02
*** HOLE CARDS ***
Dealt to Lorpugo [8s 3d]
Lorpugo: folds 
Wagnertwinz: folds 
K0tnUsher: raises $0.04 to $0.06
andy36G: folds 
abona182: folds 
prezik_v_sperme: calls $0.04
*** FLOP *** [9s 4d 8c]
prezik_v_sperme: checks 
K0tnUsher: bets $0.08
prezik_v_sperme: folds 
Uncalled bet ($0.08) returned to K0tnUsher
K0tnUsher collected $0.13 from pot
K0tnUsher: doesn't show hand 
*** SUMMARY ***
Total pot $0.13 | Rake $0 
Board [9s 4d 8c]
Seat 1: andy36G (button) folded before Flop (didn't bet)
Seat 2: abona182 (small blind) folded before Flop
Seat 3: prezik_v_sperme (big blind) folded on the Flop
Seat 4: Lorpugo folded before Flop (didn't bet)
Seat 5: Wagnertwinz folded before Flop (didn't bet)
Seat 6: K0tnUsher collected ($0.13)



PokerStars Hand #240733237697:  Hold'em No Limit ($0.01/$0.02 USD) - 2022/12/27 15:02:39 ET
Table 'Naiad II' 6-max Seat #2 is the button
Seat 1: andy36G ($1.77 in chips) 
Seat 2: abona182 ($2 in chips) 
Seat 3: prezik_v_sperme ($2.10 in chips) 
Seat 4: Lorpugo ($1.33 in chips) 
Seat 5: Wagnertwinz ($2.61 in chips) 
Seat 6: K0tnUsher ($4.77 in chips) 
prezik_v_sperme: posts small blind $0.01
Lorpugo: posts big blind $0.02
*** HOLE CARDS ***
Dealt to Lorpugo [Jc 6c]
Wagnertwinz: folds 
K0tnUsher: folds 
andy36G has timed out
andy36G: folds 
abona182: folds 
prezik_v_sperme: raises $0.02 to $0.04
Lorpugo: calls $0.02
*** FLOP *** [Ah Js Kd]
prezik_v_sperme: checks 
Lorpugo: checks 
*** TURN *** [Ah Js Kd] [Th]
prezik_v_sperme: bets $0.06
Lorpugo: folds 
Uncalled bet ($0.06) returned to prezik_v_sperme
prezik_v_sperme collected $0.08 from pot
prezik_v_sperme: doesn't show hand 
*** SUMMARY ***
Total pot $0.08 | Rake $0 
Board [Ah Js Kd Th]
Seat 1: andy36G folded before Flop (didn't bet)
Seat 2: abona182 (button) folded before Flop (didn't bet)
Seat 3: prezik_v_sperme (small blind) collected ($0.08)
Seat 4: Lorpugo (big blind) folded on the Turn
Seat 5: Wagnertwinz folded before Flop (didn't bet)
Seat 6: K0tnUsher folded before Flop (didn't bet)



PokerStars Hand #240733259757:  Hold'em No Limit ($0.01/$0.02 USD) - 2022/12/27 15:03:29 ET
Table 'Naiad II' 6-max Seat #3 is the button
Seat 1: andy36G ($1.77 in chips) 
Seat 2: abona182 ($2 in chips) 
Seat 3: prezik_v_sperme ($2.14 in chips) 
Seat 4: Lorpugo ($1.29 in chips) 
Seat 5: Wagnertwinz ($2.61 in chips) 
Seat 6: K0tnUsher ($4.77 in chips) 
Lorpugo: posts small blind $0.01
Wagnertwinz: posts big blind $0.02
*** HOLE CARDS ***
Dealt to Lorpugo [6s Td]
K0tnUsher: folds 
andy36G: folds 
abona182: folds 
prezik_v_sperme: raises $0.04 to $0.06
Lorpugo: folds 
Wagnertwinz: folds 
Uncalled bet ($0.04) returned to prezik_v_sperme
prezik_v_sperme collected $0.05 from pot
prezik_v_sperme: doesn't show hand 
*** SUMMARY ***
Total pot $0.05 | Rake $0 
Seat 1: andy36G folded before Flop (didn't bet)
Seat 2: abona182 folded before Flop (didn't bet)
Seat 3: prezik_v_sperme (button) collected ($0.05)
Seat 4: Lorpugo (small blind) folded before Flop
Seat 5: Wagnertwinz (big blind) folded before Flop
Seat 6: K0tnUsher folded before Flop (didn't bet)



PokerStars Hand #240733265930:  Hold'em No Limit ($0.01/$0.02 USD) - 2022/12/27 15:03:43 ET
Table 'Naiad II' 6-max Seat #4 is the button
Seat 1: andy36G ($1.77 in chips) 
Seat 2: abona182 ($2 in chips) 
Seat 3: prezik_v_sperme ($2.17 in chips) 
Seat 4: Lorpugo ($1.28 in chips) 
Seat 5: Wagnertwinz ($2.59 in chips) 
Seat 6: K0tnUsher ($4.77 in chips) 
Wagnertwinz: posts small blind $0.01
K0tnUsher: posts big blind $0.02
*** HOLE CARDS ***
Dealt to Lorpugo [4s Qs]
andy36G: folds 
abona182: folds 
prezik_v_sperme: raises $0.04 to $0.06
Lorpugo: folds 
Wagnertwinz: folds 
K0tnUsher: folds 
Uncalled bet ($0.04) returned to prezik_v_sperme
prezik_v_sperme collected $0.05 from pot
prezik_v_sperme: doesn't show hand 
*** SUMMARY ***
Total pot $0.05 | Rake $0 
Seat 1: andy36G folded before Flop (didn't bet)
Seat 2: abona182 folded before Flop (didn't bet)
Seat 3: prezik_v_sperme collected ($0.05)
Seat 4: Lorpugo (button) folded before Flop (didn't bet)
Seat 5: Wagnertwinz (small blind) folded before Flop
Seat 6: K0tnUsher (big blind) folded before Flop



PokerStars Hand #240733274300:  Hold'em No Limit ($0.01/$0.02 USD) - 2022/12/27 15:04:01 ET
Table 'Naiad II' 6-max Seat #5 is the button
Seat 1: andy36G ($1.77 in chips) 
Seat 2: abona182 ($2 in chips) 
Seat 3: prezik_v_sperme ($2.20 in chips) 
Seat 4: Lorpugo ($1.28 in chips) 
Seat 5: Wagnertwinz ($2.58 in chips) 
Seat 6: K0tnUsher ($4.75 in chips) 
K0tnUsher: posts small blind $0.01
andy36G: posts big blind $0.02
*** HOLE CARDS ***
Dealt to Lorpugo [3d 6s]
abona182: folds 
prezik_v_sperme: folds 
Lorpugo: folds 
Wagnertwinz: folds 
K0tnUsher: folds 
Uncalled bet ($0.01) returned to andy36G
andy36G collected $0.02 from pot
*** SUMMARY ***
Total pot $0.02 | Rake $0 
Seat 1: andy36G (big blind) collected ($0.02)
Seat 2: abona182 folded before Flop (didn't bet)
Seat 3: prezik_v_sperme folded before Flop (didn't bet)
Seat 4: Lorpugo folded before Flop (didn't bet)
Seat 5: Wagnertwinz (button) folded before Flop (didn't bet)
Seat 6: K0tnUsher (small blind) folded before Flop



PokerStars Hand #240733281549:  Hold'em No Limit ($0.01/$0.02 USD) - 2022/12/27 15:04:16 ET
Table 'Naiad II' 6-max Seat #6 is the button
Seat 1: andy36G ($1.78 in chips) 
Seat 2: abona182 ($2 in chips) 
Seat 3: prezik_v_sperme ($2.20 in chips) 
Seat 4: Lorpugo ($1.28 in chips) 
Seat 5: Wagnertwinz ($2.58 in chips) 
Seat 6: K0tnUsher ($4.74 in chips) 
andy36G: posts small blind $0.01
abona182: posts big blind $0.02
*** HOLE CARDS ***
Dealt to Lorpugo [6d 3s]
prezik_v_sperme: folds 
Lorpugo: folds 
Wagnertwinz: folds 
K0tnUsher: raises $0.04 to $0.06
andy36G: calls $0.05
abona182: folds 
*** FLOP *** [Jh 8d Js]
andy36G: checks 
K0tnUsher: checks 
*** TURN *** [Jh 8d Js] [5h]
andy36G: checks 
K0tnUsher: bets $0.08
andy36G: folds 
Uncalled bet ($0.08) returned to K0tnUsher
K0tnUsher collected $0.14 from pot
K0tnUsher: doesn't show hand 
*** SUMMARY ***
Total pot $0.14 | Rake $0 
Board [Jh 8d Js 5h]
Seat 1: andy36G (small blind) folded on the Turn
Seat 2: abona182 (big blind) folded before Flop
Seat 3: prezik_v_sperme folded before Flop (didn't bet)
Seat 4: Lorpugo folded before Flop (didn't bet)
Seat 5: Wagnertwinz folded before Flop (didn't bet)
Seat 6: K0tnUsher (button) collected ($0.14)



PokerStars Hand #240733300553:  Hold'em No Limit ($0.01/$0.02 USD) - 2022/12/27 15:04:58 ET
Table 'Naiad II' 6-max Seat #1 is the button
Seat 1: andy36G ($1.72 in chips) 
Seat 2: abona182 ($2 in chips) 
Seat 3: prezik_v_sperme ($2.20 in chips) 
Seat 4: Lorpugo ($1.28 in chips) 
Seat 5: Wagnertwinz ($2.58 in chips) 
Seat 6: K0tnUsher ($4.82 in chips) 
abona182: posts small blind $0.01
prezik_v_sperme: posts big blind $0.02
*** HOLE CARDS ***
Dealt to Lorpugo [6s 8h]
Lorpugo: folds 
Wagnertwinz: folds 
K0tnUsher: raises $0.04 to $0.06
andy36G: folds 
abona182: folds 
prezik_v_sperme: folds 
Uncalled bet ($0.04) returned to K0tnUsher
K0tnUsher collected $0.05 from pot
K0tnUsher: doesn't show hand 
*** SUMMARY ***
Total pot $0.05 | Rake $0 
Seat 1: andy36G (button) folded before Flop (didn't bet)
Seat 2: abona182 (small blind) folded before Flop
Seat 3: prezik_v_sperme (big blind) folded before Flop
Seat 4: Lorpugo folded before Flop (didn't bet)
Seat 5: Wagnertwinz folded before Flop (didn't bet)
Seat 6: K0tnUsher collected ($0.05)



