PokerStars Hand #240777975463:  Hold'em No Limit ($0.01/$0.02 USD) - 2022/12/29 13:34:26 ET
Table 'Eurydome III' 6-max Seat #3 is the button
Seat 1: kaddel70 ($1.44 in chips) 
Seat 2: emvi1337 ($1.81 in chips) 
Seat 3: ganzxx1 ($2.62 in chips) 
Seat 4: lapoleka ($2.02 in chips) 
Seat 5: Lorpugo ($1.60 in chips) 
Seat 6: zakhar@111@ ($1.44 in chips) 
lapoleka: posts small blind $0.01
Lorpugo: posts big blind $0.02
*** HOLE CARDS ***
Dealt to Lorpugo [6s Ah]
zakhar@111@: folds 
kaddel70: raises $0.02 to $0.04
emvi1337: folds 
ganzxx1: calls $0.04
lapoleka: folds 
Lorpugo: calls $0.02
*** FLOP *** [Ks 8h Td]
Lorpugo: checks 
kaddel70: bets $0.07
ganzxx1: calls $0.07
Lorpugo: folds 
*** TURN *** [Ks 8h Td] [Kc]
kaddel70: bets $0.11
ganzxx1: raises $0.11 to $0.22
kaddel70: calls $0.11
*** RIVER *** [Ks 8h Td Kc] [2h]
kaddel70: checks 
ganzxx1: checks 
*** SHOW DOWN ***
kaddel70: shows [Qc Jh] (a pair of Kings)
ganzxx1: shows [Kh Js] (three of a kind, Kings)
ganzxx1 collected $0.69 from pot
*** SUMMARY ***
Total pot $0.71 | Rake $0.02 
Board [Ks 8h Td Kc 2h]
Seat 1: kaddel70 showed [Qc Jh] and lost with a pair of Kings
Seat 2: emvi1337 folded before Flop (didn't bet)
Seat 3: ganzxx1 (button) showed [Kh Js] and won ($0.69) with three of a kind, Kings
Seat 4: lapoleka (small blind) folded before Flop
Seat 5: Lorpugo (big blind) folded on the Flop
Seat 6: zakhar@111@ folded before Flop (didn't bet)



PokerStars Hand #240777997281:  Hold'em No Limit ($0.01/$0.02 USD) - 2022/12/29 13:35:20 ET
Table 'Eurydome III' 6-max Seat #4 is the button
Seat 1: kaddel70 ($1.11 in chips) 
Seat 2: emvi1337 ($1.81 in chips) 
Seat 3: ganzxx1 ($2.98 in chips) 
Seat 4: lapoleka ($2.01 in chips) 
Seat 5: Lorpugo ($1.56 in chips) 
Seat 6: zakhar@111@ ($1.44 in chips) 
Lorpugo: posts small blind $0.01
zakhar@111@: posts big blind $0.02
*** HOLE CARDS ***
Dealt to Lorpugo [3s 2d]
kaddel70: folds 
emvi1337: raises $0.04 to $0.06
ganzxx1: folds 
lapoleka: folds 
Lorpugo: folds 
zakhar@111@: folds 
Uncalled bet ($0.04) returned to emvi1337
emvi1337 collected $0.05 from pot
emvi1337: doesn't show hand 
*** SUMMARY ***
Total pot $0.05 | Rake $0 
Seat 1: kaddel70 folded before Flop (didn't bet)
Seat 2: emvi1337 collected ($0.05)
Seat 3: ganzxx1 folded before Flop (didn't bet)
Seat 4: lapoleka (button) folded before Flop (didn't bet)
Seat 5: Lorpugo (small blind) folded before Flop
Seat 6: zakhar@111@ (big blind) folded before Flop



PokerStars Hand #240778004339:  Hold'em No Limit ($0.01/$0.02 USD) - 2022/12/29 13:35:37 ET
Table 'Eurydome III' 6-max Seat #5 is the button
Seat 1: kaddel70 ($1.11 in chips) 
Seat 2: emvi1337 ($1.84 in chips) 
Seat 3: ganzxx1 ($2.98 in chips) 
Seat 4: lapoleka ($2.01 in chips) 
Seat 5: Lorpugo ($1.55 in chips) 
Seat 6: zakhar@111@ ($1.42 in chips) 
zakhar@111@: posts small blind $0.01
kaddel70: posts big blind $0.02
*** HOLE CARDS ***
Dealt to Lorpugo [7d 2c]
emvi1337: folds 
ganzxx1: raises $0.04 to $0.06
lapoleka: calls $0.06
Lorpugo: folds 
zakhar@111@: folds 
kaddel70: folds 
*** FLOP *** [3d Kh 2s]
ganzxx1: bets $0.02
lapoleka: raises $0.07 to $0.09
ganzxx1: folds 
Uncalled bet ($0.07) returned to lapoleka
lapoleka collected $0.18 from pot
*** SUMMARY ***
Total pot $0.19 | Rake $0.01 
Board [3d Kh 2s]
Seat 1: kaddel70 (big blind) folded before Flop
Seat 2: emvi1337 folded before Flop (didn't bet)
Seat 3: ganzxx1 folded on the Flop
Seat 4: lapoleka collected ($0.18)
Seat 5: Lorpugo (button) folded before Flop (didn't bet)
Seat 6: zakhar@111@ (small blind) folded before Flop



PokerStars Hand #240778025558:  Hold'em No Limit ($0.01/$0.02 USD) - 2022/12/29 13:36:30 ET
Table 'Eurydome III' 6-max Seat #6 is the button
Seat 1: kaddel70 ($1.09 in chips) 
Seat 2: emvi1337 ($1.84 in chips) 
Seat 3: ganzxx1 ($2.90 in chips) 
Seat 4: lapoleka ($2.11 in chips) 
Seat 5: Lorpugo ($1.55 in chips) 
Seat 6: zakhar@111@ ($1.41 in chips) 
kaddel70: posts small blind $0.01
emvi1337: posts big blind $0.02
*** HOLE CARDS ***
Dealt to Lorpugo [3s 6d]
ganzxx1: calls $0.02
lapoleka: raises $0.04 to $0.06
Lorpugo: folds 
zakhar@111@: folds 
kaddel70: folds 
emvi1337: folds 
ganzxx1: calls $0.04
*** FLOP *** [4c Ad 5c]
ganzxx1: bets $0.02
lapoleka: calls $0.02
*** TURN *** [4c Ad 5c] [9d]
ganzxx1: bets $0.02
lapoleka: calls $0.02
*** RIVER *** [4c Ad 5c 9d] [6h]
ganzxx1: bets $0.02
lapoleka: calls $0.02
*** SHOW DOWN ***
ganzxx1: shows [Kd 3d] (high card Ace)
lapoleka: shows [Tc Ts] (a pair of Tens)
lapoleka collected $0.26 from pot
*** SUMMARY ***
Total pot $0.27 | Rake $0.01 
Board [4c Ad 5c 9d 6h]
Seat 1: kaddel70 (small blind) folded before Flop
Seat 2: emvi1337 (big blind) folded before Flop
Seat 3: ganzxx1 showed [Kd 3d] and lost with high card Ace
Seat 4: lapoleka showed [Tc Ts] and won ($0.26) with a pair of Tens
Seat 5: Lorpugo folded before Flop (didn't bet)
Seat 6: zakhar@111@ (button) folded before Flop (didn't bet)



PokerStars Hand #240778048138:  Hold'em No Limit ($0.01/$0.02 USD) - 2022/12/29 13:37:27 ET
Table 'Eurydome III' 6-max Seat #1 is the button
Seat 1: kaddel70 ($1.08 in chips) 
Seat 2: emvi1337 ($1.82 in chips) 
Seat 3: ganzxx1 ($2.78 in chips) 
Seat 4: lapoleka ($2.25 in chips) 
Seat 5: Lorpugo ($1.55 in chips) 
Seat 6: zakhar@111@ ($1.41 in chips) 
emvi1337: posts small blind $0.01
ganzxx1: posts big blind $0.02
*** HOLE CARDS ***
Dealt to Lorpugo [Js 6s]
lapoleka: folds 
Lorpugo: folds 
zakhar@111@: folds 
kaddel70: folds 
emvi1337: folds 
Uncalled bet ($0.01) returned to ganzxx1
ganzxx1 collected $0.02 from pot
ganzxx1: doesn't show hand 
*** SUMMARY ***
Total pot $0.02 | Rake $0 
Seat 1: kaddel70 (button) folded before Flop (didn't bet)
Seat 2: emvi1337 (small blind) folded before Flop
Seat 3: ganzxx1 (big blind) collected ($0.02)
Seat 4: lapoleka folded before Flop (didn't bet)
Seat 5: Lorpugo folded before Flop (didn't bet)
Seat 6: zakhar@111@ folded before Flop (didn't bet)



PokerStars Hand #240778053196:  Hold'em No Limit ($0.01/$0.02 USD) - 2022/12/29 13:37:39 ET
Table 'Eurydome III' 6-max Seat #2 is the button
Seat 1: kaddel70 ($1.08 in chips) 
Seat 2: emvi1337 ($1.81 in chips) 
Seat 3: ganzxx1 ($2.79 in chips) 
Seat 4: lapoleka ($2.25 in chips) 
Seat 5: Lorpugo ($1.55 in chips) 
Seat 6: zakhar@111@ ($1.41 in chips) 
ganzxx1: posts small blind $0.01
lapoleka: posts big blind $0.02
*** HOLE CARDS ***
Dealt to Lorpugo [Td Jc]
Lorpugo has timed out
Lorpugo: folds 
zakhar@111@: raises $0.04 to $0.06
kaddel70: folds 
emvi1337: folds 
ganzxx1: calls $0.05
lapoleka: folds 
*** FLOP *** [5s As 7h]
ganzxx1: checks 
zakhar@111@: bets $0.06
ganzxx1: folds 
Uncalled bet ($0.06) returned to zakhar@111@
zakhar@111@ collected $0.14 from pot
*** SUMMARY ***
Total pot $0.14 | Rake $0 
Board [5s As 7h]
Seat 1: kaddel70 folded before Flop (didn't bet)
Seat 2: emvi1337 (button) folded before Flop (didn't bet)
Seat 3: ganzxx1 (small blind) folded on the Flop
Seat 4: lapoleka (big blind) folded before Flop
Seat 5: Lorpugo folded before Flop (didn't bet)
Seat 6: zakhar@111@ collected ($0.14)



PokerStars Hand #240778069144:  Hold'em No Limit ($0.01/$0.02 USD) - 2022/12/29 13:38:19 ET
Table 'Eurydome III' 6-max Seat #3 is the button
Seat 1: kaddel70 ($1.08 in chips) 
Seat 2: emvi1337 ($1.81 in chips) 
Seat 3: ganzxx1 ($2.73 in chips) 
Seat 4: lapoleka ($2.23 in chips) 
Seat 5: Lorpugo ($1.55 in chips) 
Seat 6: zakhar@111@ ($1.49 in chips) 
lapoleka: posts small blind $0.01
Lorpugo: posts big blind $0.02
*** HOLE CARDS ***
Dealt to Lorpugo [Qs Tc]
zakhar@111@: raises $0.02 to $0.04
kaddel70: calls $0.04
emvi1337: folds 
emvi1337 leaves the table
ganzxx1: calls $0.04
lapoleka: folds 
ARadiGO joins the table at seat #2 
Lorpugo: folds 
*** FLOP *** [2c Ks Jh]
zakhar@111@: checks 
kaddel70: bets $0.07
ganzxx1: calls $0.07
zakhar@111@: folds 
*** TURN *** [2c Ks Jh] [9d]
kaddel70: bets $0.14
ganzxx1: folds 
Uncalled bet ($0.14) returned to kaddel70
kaddel70 collected $0.28 from pot
*** SUMMARY ***
Total pot $0.29 | Rake $0.01 
Board [2c Ks Jh 9d]
Seat 1: kaddel70 collected ($0.28)
Seat 2: emvi1337 folded before Flop (didn't bet)
Seat 3: ganzxx1 (button) folded on the Turn
Seat 4: lapoleka (small blind) folded before Flop
Seat 5: Lorpugo (big blind) folded before Flop
Seat 6: zakhar@111@ folded on the Flop



PokerStars Hand #240778089255:  Hold'em No Limit ($0.01/$0.02 USD) - 2022/12/29 13:39:10 ET
Table 'Eurydome III' 6-max Seat #4 is the button
Seat 1: kaddel70 ($1.25 in chips) 
Seat 3: ganzxx1 ($2.62 in chips) 
Seat 4: lapoleka ($2.22 in chips) 
Seat 5: Lorpugo ($1.53 in chips) 
Seat 6: zakhar@111@ ($1.45 in chips) 
Lorpugo: posts small blind $0.01
zakhar@111@: posts big blind $0.02
*** HOLE CARDS ***
Dealt to Lorpugo [5c 6s]
kaddel70: raises $0.05 to $0.07
ganzxx1: calls $0.07
lapoleka: folds 
Lorpugo: folds 
zakhar@111@: calls $0.05
*** FLOP *** [6c Th 9c]
zakhar@111@: checks 
kaddel70: bets $0.21
ganzxx1: calls $0.21
zakhar@111@: folds 
*** TURN *** [6c Th 9c] [4h]
kaddel70: bets $0.62
ganzxx1: calls $0.62
*** RIVER *** [6c Th 9c 4h] [Qd]
kaddel70: bets $0.35 and is all-in
ganzxx1: calls $0.35
*** SHOW DOWN ***
kaddel70: shows [Qc Qs] (three of a kind, Queens)
ganzxx1: shows [Ad 9s] (a pair of Nines)
kaddel70 collected $2.47 from pot
*** SUMMARY ***
Total pot $2.58 | Rake $0.11 
Board [6c Th 9c 4h Qd]
Seat 1: kaddel70 showed [Qc Qs] and won ($2.47) with three of a kind, Queens
Seat 3: ganzxx1 showed [Ad 9s] and lost with a pair of Nines
Seat 4: lapoleka (button) folded before Flop (didn't bet)
Seat 5: Lorpugo (small blind) folded before Flop
Seat 6: zakhar@111@ (big blind) folded on the Flop



PokerStars Hand #240778107520:  Hold'em No Limit ($0.01/$0.02 USD) - 2022/12/29 13:39:55 ET
Table 'Eurydome III' 6-max Seat #5 is the button
Seat 1: kaddel70 ($2.47 in chips) 
Seat 3: ganzxx1 ($1.37 in chips) 
Seat 4: lapoleka ($2.22 in chips) 
Seat 5: Lorpugo ($1.52 in chips) 
Seat 6: zakhar@111@ ($1.38 in chips) 
zakhar@111@: posts small blind $0.01
kaddel70: posts big blind $0.02
*** HOLE CARDS ***
Dealt to Lorpugo [6h 9d]
ganzxx1: calls $0.02
lapoleka: raises $0.04 to $0.06
Lorpugo: folds 
zakhar@111@: folds 
kaddel70: folds 
ganzxx1: folds 
Uncalled bet ($0.04) returned to lapoleka
lapoleka collected $0.07 from pot
*** SUMMARY ***
Total pot $0.07 | Rake $0 
Seat 1: kaddel70 (big blind) folded before Flop
Seat 3: ganzxx1 folded before Flop
Seat 4: lapoleka collected ($0.07)
Seat 5: Lorpugo (button) folded before Flop (didn't bet)
Seat 6: zakhar@111@ (small blind) folded before Flop



PokerStars Hand #240778121198:  Hold'em No Limit ($0.01/$0.02 USD) - 2022/12/29 13:40:29 ET
Table 'Eurydome III' 6-max Seat #6 is the button
Seat 1: kaddel70 ($2.45 in chips) 
Seat 2: ARadiGO ($2 in chips) 
Seat 3: ganzxx1 ($1.35 in chips) 
Seat 4: lapoleka ($2.27 in chips) 
Seat 5: Lorpugo ($1.52 in chips) 
Seat 6: zakhar@111@ ($1.37 in chips) 
kaddel70: posts small blind $0.01
ARadiGO: posts big blind $0.02
*** HOLE CARDS ***
Dealt to Lorpugo [3d 9h]
ganzxx1: folds 
lapoleka: raises $0.03 to $0.05
Lorpugo: folds 
zakhar@111@: folds 
kaddel70: folds 
ARadiGO: folds 
Uncalled bet ($0.03) returned to lapoleka
lapoleka collected $0.05 from pot
*** SUMMARY ***
Total pot $0.05 | Rake $0 
Seat 1: kaddel70 (small blind) folded before Flop
Seat 2: ARadiGO (big blind) folded before Flop
Seat 3: ganzxx1 folded before Flop (didn't bet)
Seat 4: lapoleka collected ($0.05)
Seat 5: Lorpugo folded before Flop (didn't bet)
Seat 6: zakhar@111@ (button) folded before Flop (didn't bet)



PokerStars Hand #240778127974:  Hold'em No Limit ($0.01/$0.02 USD) - 2022/12/29 13:40:46 ET
Table 'Eurydome III' 6-max Seat #1 is the button
Seat 1: kaddel70 ($2.44 in chips) 
Seat 2: ARadiGO ($1.98 in chips) 
Seat 3: ganzxx1 ($1.35 in chips) 
Seat 4: lapoleka ($2.30 in chips) 
Seat 5: Lorpugo ($1.52 in chips) 
Seat 6: zakhar@111@ ($1.37 in chips) 
ARadiGO: posts small blind $0.01
ganzxx1: posts big blind $0.02
*** HOLE CARDS ***
Dealt to Lorpugo [Kc 2s]
lapoleka: folds 
Lorpugo: folds 
zakhar@111@: folds 
kaddel70: raises $0.02 to $0.04
ARadiGO: raises $0.08 to $0.12
ganzxx1: folds 
kaddel70: folds 
Uncalled bet ($0.08) returned to ARadiGO
ARadiGO collected $0.10 from pot
*** SUMMARY ***
Total pot $0.10 | Rake $0 
Seat 1: kaddel70 (button) folded before Flop
Seat 2: ARadiGO (small blind) collected ($0.10)
Seat 3: ganzxx1 (big blind) folded before Flop
Seat 4: lapoleka folded before Flop (didn't bet)
Seat 5: Lorpugo folded before Flop (didn't bet)
Seat 6: zakhar@111@ folded before Flop (didn't bet)



PokerStars Hand #240778136959:  Hold'em No Limit ($0.01/$0.02 USD) - 2022/12/29 13:41:08 ET
Table 'Eurydome III' 6-max Seat #2 is the button
Seat 1: kaddel70 ($2.40 in chips) 
Seat 2: ARadiGO ($2.04 in chips) 
Seat 3: ganzxx1 ($1.33 in chips) 
Seat 4: lapoleka ($2.30 in chips) 
Seat 5: Lorpugo ($1.52 in chips) 
Seat 6: zakhar@111@ ($1.37 in chips) 
ganzxx1: posts small blind $0.01
lapoleka: posts big blind $0.02
*** HOLE CARDS ***
Dealt to Lorpugo [2s Ah]
Lorpugo: folds 
zakhar@111@: raises $0.02 to $0.04
kaddel70: raises $0.02 to $0.06
ARadiGO: calls $0.06
ganzxx1: folds 
lapoleka: folds 
zakhar@111@: calls $0.02
*** FLOP *** [Jd 8d Ad]
zakhar@111@: bets $0.04
kaddel70: calls $0.04
ARadiGO: calls $0.04
*** TURN *** [Jd 8d Ad] [Ts]
zakhar@111@: bets $0.04
kaddel70: calls $0.04
ARadiGO: raises $0.28 to $0.32
zakhar@111@: folds 
kaddel70: folds 
Uncalled bet ($0.28) returned to ARadiGO
ARadiGO collected $0.43 from pot
*** SUMMARY ***
Total pot $0.45 | Rake $0.02 
Board [Jd 8d Ad Ts]
Seat 1: kaddel70 folded on the Turn
Seat 2: ARadiGO (button) collected ($0.43)
Seat 3: ganzxx1 (small blind) folded before Flop
Seat 4: lapoleka (big blind) folded before Flop
Seat 5: Lorpugo folded before Flop (didn't bet)
Seat 6: zakhar@111@ folded on the Turn



PokerStars Hand #240778163302:  Hold'em No Limit ($0.01/$0.02 USD) - 2022/12/29 13:42:14 ET
Table 'Eurydome III' 6-max Seat #3 is the button
Seat 1: kaddel70 ($2.26 in chips) 
Seat 2: ARadiGO ($2.33 in chips) 
Seat 3: ganzxx1 ($1.32 in chips) 
Seat 4: lapoleka ($2.28 in chips) 
Seat 5: Lorpugo ($1.52 in chips) 
Seat 6: zakhar@111@ ($1.23 in chips) 
lapoleka: posts small blind $0.01
Lorpugo: posts big blind $0.02
*** HOLE CARDS ***
Dealt to Lorpugo [2h 8d]
zakhar@111@: folds 
kaddel70: folds 
ARadiGO: raises $0.04 to $0.06
ganzxx1: calls $0.06
lapoleka: folds 
Lorpugo: folds 
*** FLOP *** [8c 7c 6c]
ARadiGO: bets $0.05
ganzxx1: calls $0.05
*** TURN *** [8c 7c 6c] [3h]
ARadiGO: checks 
ganzxx1: checks 
*** RIVER *** [8c 7c 6c 3h] [2d]
ARadiGO: checks 
ganzxx1: checks 
*** SHOW DOWN ***
ARadiGO: shows [2s Ks] (a pair of Deuces)
ganzxx1: shows [7s Ts] (a pair of Sevens)
ganzxx1 collected $0.24 from pot
*** SUMMARY ***
Total pot $0.25 | Rake $0.01 
Board [8c 7c 6c 3h 2d]
Seat 1: kaddel70 folded before Flop (didn't bet)
Seat 2: ARadiGO showed [2s Ks] and lost with a pair of Deuces
Seat 3: ganzxx1 (button) showed [7s Ts] and won ($0.24) with a pair of Sevens
Seat 4: lapoleka (small blind) folded before Flop
Seat 5: Lorpugo (big blind) folded before Flop
Seat 6: zakhar@111@ folded before Flop (didn't bet)



PokerStars Hand #240778179777:  Hold'em No Limit ($0.01/$0.02 USD) - 2022/12/29 13:42:54 ET
Table 'Eurydome III' 6-max Seat #4 is the button
Seat 1: kaddel70 ($2.26 in chips) 
Seat 2: ARadiGO ($2.22 in chips) 
Seat 3: ganzxx1 ($1.45 in chips) 
Seat 4: lapoleka ($2.27 in chips) 
Seat 5: Lorpugo ($1.50 in chips) 
Seat 6: zakhar@111@ ($1.23 in chips) 
Lorpugo: posts small blind $0.01
zakhar@111@: posts big blind $0.02
*** HOLE CARDS ***
Dealt to Lorpugo [5s 9d]
kaddel70: raises $0.04 to $0.06
ARadiGO: folds 
ganzxx1: calls $0.06
lapoleka: folds 
Lorpugo: folds 
zakhar@111@: folds 
*** FLOP *** [Kh 3d 4d]
kaddel70: bets $0.04
ganzxx1: raises $0.08 to $0.12
kaddel70: calls $0.08
*** TURN *** [Kh 3d 4d] [Qc]
kaddel70: bets $0.04
ganzxx1: raises $0.10 to $0.14
kaddel70: calls $0.10
*** RIVER *** [Kh 3d 4d Qc] [7d]
kaddel70: checks 
ganzxx1: checks 
*** SHOW DOWN ***
kaddel70: shows [Ac Tc] (high card Ace)
ganzxx1: shows [9s Kd] (a pair of Kings)
ganzxx1 collected $0.65 from pot
*** SUMMARY ***
Total pot $0.67 | Rake $0.02 
Board [Kh 3d 4d Qc 7d]
Seat 1: kaddel70 showed [Ac Tc] and lost with high card Ace
Seat 2: ARadiGO folded before Flop (didn't bet)
Seat 3: ganzxx1 showed [9s Kd] and won ($0.65) with a pair of Kings
Seat 4: lapoleka (button) folded before Flop (didn't bet)
Seat 5: Lorpugo (small blind) folded before Flop
Seat 6: zakhar@111@ (big blind) folded before Flop



PokerStars Hand #240778194471:  Hold'em No Limit ($0.01/$0.02 USD) - 2022/12/29 13:43:31 ET
Table 'Eurydome III' 6-max Seat #5 is the button
Seat 1: kaddel70 ($1.94 in chips) 
Seat 2: ARadiGO ($2.22 in chips) 
Seat 3: ganzxx1 ($1.78 in chips) 
Seat 4: lapoleka ($2.27 in chips) 
Seat 5: Lorpugo ($1.49 in chips) 
Seat 6: zakhar@111@ ($1.21 in chips) 
zakhar@111@: posts small blind $0.01
kaddel70: posts big blind $0.02
*** HOLE CARDS ***
Dealt to Lorpugo [Td 5d]
ARadiGO: raises $0.04 to $0.06
ganzxx1: folds 
lapoleka: folds 
Lorpugo: folds 
zakhar@111@: folds 
kaddel70: folds 
Uncalled bet ($0.04) returned to ARadiGO
ARadiGO collected $0.05 from pot
*** SUMMARY ***
Total pot $0.05 | Rake $0 
Seat 1: kaddel70 (big blind) folded before Flop
Seat 2: ARadiGO collected ($0.05)
Seat 3: ganzxx1 folded before Flop (didn't bet)
Seat 4: lapoleka folded before Flop (didn't bet)
Seat 5: Lorpugo (button) folded before Flop (didn't bet)
Seat 6: zakhar@111@ (small blind) folded before Flop



PokerStars Hand #240778201034:  Hold'em No Limit ($0.01/$0.02 USD) - 2022/12/29 13:43:47 ET
Table 'Eurydome III' 6-max Seat #6 is the button
Seat 1: kaddel70 ($1.92 in chips) 
Seat 2: ARadiGO ($2.25 in chips) 
Seat 3: ganzxx1 ($1.78 in chips) 
Seat 4: lapoleka ($2.27 in chips) 
Seat 5: Lorpugo ($1.49 in chips) 
Seat 6: zakhar@111@ ($1.20 in chips) 
kaddel70: posts small blind $0.01
ARadiGO: posts big blind $0.02
*** HOLE CARDS ***
Dealt to Lorpugo [Qs Kh]
ganzxx1: folds 
lapoleka: folds 
Lorpugo: raises $0.04 to $0.06
zakhar@111@: calls $0.06
kaddel70: folds 
ARadiGO: folds 
*** FLOP *** [Qd Ks Ts]
Lorpugo: bets $0.07
zakhar@111@: folds 
Uncalled bet ($0.07) returned to Lorpugo
Lorpugo collected $0.14 from pot
Lorpugo: doesn't show hand 
*** SUMMARY ***
Total pot $0.15 | Rake $0.01 
Board [Qd Ks Ts]
Seat 1: kaddel70 (small blind) folded before Flop
Seat 2: ARadiGO (big blind) folded before Flop
Seat 3: ganzxx1 folded before Flop (didn't bet)
Seat 4: lapoleka folded before Flop (didn't bet)
Seat 5: Lorpugo collected ($0.14)
Seat 6: zakhar@111@ (button) folded on the Flop



PokerStars Hand #240778211586:  Hold'em No Limit ($0.01/$0.02 USD) - 2022/12/29 13:44:13 ET
Table 'Eurydome III' 6-max Seat #1 is the button
Seat 1: kaddel70 ($1.91 in chips) 
Seat 2: ARadiGO ($2.23 in chips) 
Seat 3: ganzxx1 ($1.78 in chips) 
Seat 4: lapoleka ($2.27 in chips) 
Seat 5: Lorpugo ($1.57 in chips) 
Seat 6: zakhar@111@ ($1.14 in chips) 
ARadiGO: posts small blind $0.01
ganzxx1: posts big blind $0.02
*** HOLE CARDS ***
Dealt to Lorpugo [Jd Ad]
lapoleka: folds 
Lorpugo: raises $0.04 to $0.06
zakhar@111@: folds 
kaddel70: calls $0.06
ARadiGO: calls $0.05
ganzxx1: folds 
*** FLOP *** [Kh 9d Kc]
ARadiGO: checks 
Lorpugo: bets $0.06
kaddel70: calls $0.06
ARadiGO: calls $0.06
*** TURN *** [Kh 9d Kc] [4s]
ARadiGO: checks 
Lorpugo: checks 
kaddel70: checks 
*** RIVER *** [Kh 9d Kc 4s] [4d]
ARadiGO: checks 
Lorpugo: checks 
kaddel70: checks 
*** SHOW DOWN ***
ARadiGO: shows [Th As] (two pair, Kings and Fours)
Lorpugo: shows [Jd Ad] (two pair, Kings and Fours)
kaddel70: shows [5c 5s] (two pair, Kings and Fives)
kaddel70 collected $0.37 from pot
*** SUMMARY ***
Total pot $0.38 | Rake $0.01 
Board [Kh 9d Kc 4s 4d]
Seat 1: kaddel70 (button) showed [5c 5s] and won ($0.37) with two pair, Kings and Fives
Seat 2: ARadiGO (small blind) showed [Th As] and lost with two pair, Kings and Fours
Seat 3: ganzxx1 (big blind) folded before Flop
Seat 4: lapoleka folded before Flop (didn't bet)
Seat 5: Lorpugo showed [Jd Ad] and lost with two pair, Kings and Fours
Seat 6: zakhar@111@ folded before Flop (didn't bet)



PokerStars Hand #240778229995:  Hold'em No Limit ($0.01/$0.02 USD) - 2022/12/29 13:44:58 ET
Table 'Eurydome III' 6-max Seat #2 is the button
Seat 1: kaddel70 ($2.16 in chips) 
Seat 2: ARadiGO ($2.11 in chips) 
Seat 3: ganzxx1 ($1.76 in chips) 
Seat 4: lapoleka ($2.27 in chips) 
Seat 5: Lorpugo ($1.45 in chips) 
Seat 6: zakhar@111@ ($1.14 in chips) 
ganzxx1: posts small blind $0.01
lapoleka: posts big blind $0.02
*** HOLE CARDS ***
Dealt to Lorpugo [Ac 2d]
Lorpugo: folds 
zakhar@111@: folds 
kaddel70: calls $0.02
ARadiGO: raises $0.06 to $0.08
ganzxx1: folds 
lapoleka: folds 
kaddel70: calls $0.06
*** FLOP *** [Jc 6d 4h]
kaddel70: checks 
ARadiGO: bets $0.07
kaddel70: calls $0.07
*** TURN *** [Jc 6d 4h] [8s]
kaddel70: checks 
ARadiGO: bets $0.14
kaddel70: folds 
Uncalled bet ($0.14) returned to ARadiGO
ARadiGO collected $0.32 from pot
*** SUMMARY ***
Total pot $0.33 | Rake $0.01 
Board [Jc 6d 4h 8s]
Seat 1: kaddel70 folded on the Turn
Seat 2: ARadiGO (button) collected ($0.32)
Seat 3: ganzxx1 (small blind) folded before Flop
Seat 4: lapoleka (big blind) folded before Flop
Seat 5: Lorpugo folded before Flop (didn't bet)
Seat 6: zakhar@111@ folded before Flop (didn't bet)



PokerStars Hand #240778247539:  Hold'em No Limit ($0.01/$0.02 USD) - 2022/12/29 13:45:41 ET
Table 'Eurydome III' 6-max Seat #3 is the button
Seat 1: kaddel70 ($2.01 in chips) 
Seat 2: ARadiGO ($2.28 in chips) 
Seat 3: ganzxx1 ($1.75 in chips) 
Seat 4: lapoleka ($2.25 in chips) 
Seat 5: Lorpugo ($1.45 in chips) 
Seat 6: zakhar@111@ ($1.14 in chips) 
lapoleka: posts small blind $0.01
Lorpugo: posts big blind $0.02
*** HOLE CARDS ***
Dealt to Lorpugo [Kd 9s]
zakhar@111@: folds 
kaddel70: raises $0.05 to $0.07
ARadiGO: folds 
ganzxx1: calls $0.07
lapoleka: folds 
Lorpugo: folds 
*** FLOP *** [4h 3h Jc]
kaddel70: bets $0.02
ganzxx1: raises $0.06 to $0.08
kaddel70: calls $0.06
*** TURN *** [4h 3h Jc] [4c]
kaddel70: bets $0.02
ganzxx1: raises $0.08 to $0.10
kaddel70: calls $0.08
*** RIVER *** [4h 3h Jc 4c] [Ks]
kaddel70: checks 
ganzxx1: checks 
*** SHOW DOWN ***
kaddel70: shows [Qd Ad] (a pair of Fours)
ganzxx1: shows [9c 9h] (two pair, Nines and Fours)
ganzxx1 collected $0.51 from pot
*** SUMMARY ***
Total pot $0.53 | Rake $0.02 
Board [4h 3h Jc 4c Ks]
Seat 1: kaddel70 showed [Qd Ad] and lost with a pair of Fours
Seat 2: ARadiGO folded before Flop (didn't bet)
Seat 3: ganzxx1 (button) showed [9c 9h] and won ($0.51) with two pair, Nines and Fours
Seat 4: lapoleka (small blind) folded before Flop
Seat 5: Lorpugo (big blind) folded before Flop
Seat 6: zakhar@111@ folded before Flop (didn't bet)



PokerStars Hand #240778262334:  Hold'em No Limit ($0.01/$0.02 USD) - 2022/12/29 13:46:18 ET
Table 'Eurydome III' 6-max Seat #4 is the button
Seat 1: kaddel70 ($1.76 in chips) 
Seat 2: ARadiGO ($2.28 in chips) 
Seat 3: ganzxx1 ($2.01 in chips) 
Seat 4: lapoleka ($2.24 in chips) 
Seat 5: Lorpugo ($1.43 in chips) 
Seat 6: zakhar@111@ ($1.14 in chips) 
Lorpugo: posts small blind $0.01
zakhar@111@: posts big blind $0.02
*** HOLE CARDS ***
Dealt to Lorpugo [7d 5d]
kaddel70: folds 
ARadiGO: folds 
ganzxx1: calls $0.02
lapoleka: folds 
Lorpugo: calls $0.01
zakhar@111@: raises $0.06 to $0.08
ganzxx1: calls $0.06
Lorpugo: calls $0.06
*** FLOP *** [2s 4h Ks]
Lorpugo: checks 
zakhar@111@: bets $0.04
ganzxx1: raises $0.08 to $0.12
Lorpugo: folds 
zakhar@111@: calls $0.08
*** TURN *** [2s 4h Ks] [7h]
zakhar@111@: checks 
ganzxx1: bets $0.10
zakhar@111@: calls $0.10
*** RIVER *** [2s 4h Ks 7h] [9s]
zakhar@111@: checks 
ganzxx1: checks 
*** SHOW DOWN ***
zakhar@111@: shows [Ac 4c] (a pair of Fours)
ganzxx1: shows [Kd Td] (a pair of Kings)
ganzxx1 collected $0.66 from pot
*** SUMMARY ***
Total pot $0.68 | Rake $0.02 
Board [2s 4h Ks 7h 9s]
Seat 1: kaddel70 folded before Flop (didn't bet)
Seat 2: ARadiGO folded before Flop (didn't bet)
Seat 3: ganzxx1 showed [Kd Td] and won ($0.66) with a pair of Kings
Seat 4: lapoleka (button) folded before Flop (didn't bet)
Seat 5: Lorpugo (small blind) folded on the Flop
Seat 6: zakhar@111@ (big blind) showed [Ac 4c] and lost with a pair of Fours



PokerStars Hand #240778282959:  Hold'em No Limit ($0.01/$0.02 USD) - 2022/12/29 13:47:09 ET
Table 'Eurydome III' 6-max Seat #5 is the button
Seat 1: kaddel70 ($1.76 in chips) 
Seat 2: ARadiGO ($2.28 in chips) 
Seat 3: ganzxx1 ($2.37 in chips) 
Seat 4: lapoleka ($2.24 in chips) 
Seat 5: Lorpugo ($1.35 in chips) 
Seat 6: zakhar@111@ ($0.84 in chips) 
zakhar@111@: posts small blind $0.01
kaddel70: posts big blind $0.02
*** HOLE CARDS ***
Dealt to Lorpugo [9s Ah]
ARadiGO: raises $0.04 to $0.06
ganzxx1: folds 
lapoleka: folds 
Lorpugo: calls $0.06
zakhar@111@: folds 
kaddel70: calls $0.04
*** FLOP *** [Td 5d As]
kaddel70: checks 
ARadiGO: bets $0.07
Lorpugo: calls $0.07
kaddel70: folds 
*** TURN *** [Td 5d As] [8s]
ARadiGO: bets $0.14
Lorpugo: calls $0.14
*** RIVER *** [Td 5d As 8s] [2s]
ARadiGO: bets $0.28
Lorpugo: calls $0.28
*** SHOW DOWN ***
ARadiGO: shows [Th Tc] (three of a kind, Tens)
Lorpugo: mucks hand 
ARadiGO collected $1.13 from pot
*** SUMMARY ***
Total pot $1.17 | Rake $0.04 
Board [Td 5d As 8s 2s]
Seat 1: kaddel70 (big blind) folded on the Flop
Seat 2: ARadiGO showed [Th Tc] and won ($1.13) with three of a kind, Tens
Seat 3: ganzxx1 folded before Flop (didn't bet)
Seat 4: lapoleka folded before Flop (didn't bet)
Seat 5: Lorpugo (button) mucked [9s Ah]
Seat 6: zakhar@111@ (small blind) folded before Flop



PokerStars Hand #240778302492:  Hold'em No Limit ($0.01/$0.02 USD) - 2022/12/29 13:47:57 ET
Table 'Eurydome III' 6-max Seat #6 is the button
Seat 1: kaddel70 ($1.70 in chips) 
Seat 2: ARadiGO ($2.86 in chips) 
Seat 3: ganzxx1 ($2.37 in chips) 
Seat 4: lapoleka ($2.24 in chips) 
Seat 5: Lorpugo ($0.80 in chips) 
Seat 6: zakhar@111@ ($0.83 in chips) 
kaddel70: posts small blind $0.01
ARadiGO: posts big blind $0.02
*** HOLE CARDS ***
Dealt to Lorpugo [5c 9h]
ganzxx1: calls $0.02
lapoleka: folds 
Lorpugo: folds 
zakhar@111@: folds 
kaddel70: folds 
ARadiGO: checks 
*** FLOP *** [7h Th Ah]
ARadiGO: checks 
ganzxx1: bets $0.02
ARadiGO: calls $0.02
*** TURN *** [7h Th Ah] [Ad]
ARadiGO: checks 
ganzxx1: bets $0.02
ARadiGO: calls $0.02
*** RIVER *** [7h Th Ah Ad] [Qc]
ARadiGO: checks 
ganzxx1: checks 
*** SHOW DOWN ***
ARadiGO: shows [Jd 7c] (two pair, Aces and Sevens)
ganzxx1: shows [7d 8d] (two pair, Aces and Sevens)
ARadiGO collected $0.07 from pot
ganzxx1 collected $0.06 from pot
*** SUMMARY ***
Total pot $0.13 | Rake $0 
Board [7h Th Ah Ad Qc]
Seat 1: kaddel70 (small blind) folded before Flop
Seat 2: ARadiGO (big blind) showed [Jd 7c] and won ($0.07) with two pair, Aces and Sevens
Seat 3: ganzxx1 showed [7d 8d] and won ($0.06) with two pair, Aces and Sevens
Seat 4: lapoleka folded before Flop (didn't bet)
Seat 5: Lorpugo folded before Flop (didn't bet)
Seat 6: zakhar@111@ (button) folded before Flop (didn't bet)



PokerStars Hand #240778315907:  Hold'em No Limit ($0.01/$0.02 USD) - 2022/12/29 13:48:30 ET
Table 'Eurydome III' 6-max Seat #1 is the button
Seat 1: kaddel70 ($1.69 in chips) 
Seat 2: ARadiGO ($2.87 in chips) 
Seat 3: ganzxx1 ($2.37 in chips) 
Seat 4: lapoleka ($2.24 in chips) 
Seat 5: Lorpugo ($1.60 in chips) 
Seat 6: zakhar@111@ ($0.83 in chips) 
ARadiGO: posts small blind $0.01
ganzxx1: posts big blind $0.02
*** HOLE CARDS ***
Dealt to Lorpugo [Ks 6d]
lapoleka has timed out
lapoleka: folds 
Lorpugo: folds 
zakhar@111@: folds 
kaddel70: raises $0.04 to $0.06
ARadiGO: raises $0.14 to $0.20
ganzxx1: folds 
kaddel70: calls $0.14
*** FLOP *** [7s Jh 4d]
ARadiGO: bets $0.19
kaddel70: calls $0.19
*** TURN *** [7s Jh 4d] [Qd]
ARadiGO: bets $0.29
kaddel70: folds 
Uncalled bet ($0.29) returned to ARadiGO
ARadiGO collected $0.77 from pot
*** SUMMARY ***
Total pot $0.80 | Rake $0.03 
Board [7s Jh 4d Qd]
Seat 1: kaddel70 (button) folded on the Turn
Seat 2: ARadiGO (small blind) collected ($0.77)
Seat 3: ganzxx1 (big blind) folded before Flop
Seat 4: lapoleka folded before Flop (didn't bet)
Seat 5: Lorpugo folded before Flop (didn't bet)
Seat 6: zakhar@111@ folded before Flop (didn't bet)



PokerStars Hand #240778342767:  Hold'em No Limit ($0.01/$0.02 USD) - 2022/12/29 13:49:37 ET
Table 'Eurydome III' 6-max Seat #2 is the button
Seat 1: kaddel70 ($1.30 in chips) 
Seat 2: ARadiGO ($3.25 in chips) 
Seat 3: ganzxx1 ($2.35 in chips) 
Seat 5: Lorpugo ($1.60 in chips) 
Seat 6: zakhar@111@ ($0.83 in chips) 
ganzxx1: posts small blind $0.01
Lorpugo: posts big blind $0.02
*** HOLE CARDS ***
Dealt to Lorpugo [Kh 3s]
zakhar@111@: folds 
kaddel70: calls $0.02
ARadiGO: calls $0.02
ganzxx1: calls $0.01
Lorpugo: checks 
*** FLOP *** [Qh 6s Jd]
ganzxx1: checks 
Lorpugo: checks 
kaddel70: bets $0.04
ARadiGO: folds 
ganzxx1: folds 
Lorpugo: folds 
Uncalled bet ($0.04) returned to kaddel70
kaddel70 collected $0.08 from pot
*** SUMMARY ***
Total pot $0.08 | Rake $0 
Board [Qh 6s Jd]
Seat 1: kaddel70 collected ($0.08)
Seat 2: ARadiGO (button) folded on the Flop
Seat 3: ganzxx1 (small blind) folded on the Flop
Seat 5: Lorpugo (big blind) folded on the Flop
Seat 6: zakhar@111@ folded before Flop (didn't bet)



PokerStars Hand #240778357869:  Hold'em No Limit ($0.01/$0.02 USD) - 2022/12/29 13:50:15 ET
Table 'Eurydome III' 6-max Seat #3 is the button
Seat 1: kaddel70 ($1.36 in chips) 
Seat 2: ARadiGO ($3.23 in chips) 
Seat 3: ganzxx1 ($2.33 in chips) 
Seat 5: Lorpugo ($1.58 in chips) 
Seat 6: zakhar@111@ ($0.83 in chips) 
Lorpugo: posts small blind $0.01
zakhar@111@: posts big blind $0.02
*** HOLE CARDS ***
Dealt to Lorpugo [Ks 8c]
kaddel70: folds 
ARadiGO: raises $0.04 to $0.06
ganzxx1: folds 
Lorpugo: folds 
zakhar@111@: calls $0.04
*** FLOP *** [Qd Td 5c]
zakhar@111@: checks 
ARadiGO: bets $0.05
zakhar@111@: calls $0.05
*** TURN *** [Qd Td 5c] [8s]
zakhar@111@: checks 
ARadiGO: checks 
*** RIVER *** [Qd Td 5c 8s] [Jc]
zakhar@111@: bets $0.11
ARadiGO: folds 
Uncalled bet ($0.11) returned to zakhar@111@
zakhar@111@ collected $0.22 from pot
*** SUMMARY ***
Total pot $0.23 | Rake $0.01 
Board [Qd Td 5c 8s Jc]
Seat 1: kaddel70 folded before Flop (didn't bet)
Seat 2: ARadiGO folded on the River
Seat 3: ganzxx1 (button) folded before Flop (didn't bet)
Seat 5: Lorpugo (small blind) folded before Flop
Seat 6: zakhar@111@ (big blind) collected ($0.22)



PokerStars Hand #240778376550:  Hold'em No Limit ($0.01/$0.02 USD) - 2022/12/29 13:51:01 ET
Table 'Eurydome III' 6-max Seat #5 is the button
Seat 1: kaddel70 ($1.36 in chips) 
Seat 2: ARadiGO ($3.12 in chips) 
Seat 3: ganzxx1 ($2.33 in chips) 
Seat 4: lapoleka ($2.24 in chips) 
Seat 5: Lorpugo ($1.57 in chips) 
Seat 6: zakhar@111@ ($0.94 in chips) 
zakhar@111@: posts small blind $0.01
kaddel70: posts big blind $0.02
lapoleka: posts small & big blinds $0.03
*** HOLE CARDS ***
Dealt to Lorpugo [Ac 2h]
ARadiGO: raises $0.04 to $0.06
ganzxx1: folds 
lapoleka: folds 
Lorpugo: folds 
zakhar@111@: folds 
kaddel70: folds 
Uncalled bet ($0.04) returned to ARadiGO
ARadiGO collected $0.08 from pot
*** SUMMARY ***
Total pot $0.08 | Rake $0 
Seat 1: kaddel70 (big blind) folded before Flop
Seat 2: ARadiGO collected ($0.08)
Seat 3: ganzxx1 folded before Flop (didn't bet)
Seat 4: lapoleka folded before Flop (didn't bet)
Seat 5: Lorpugo (button) folded before Flop (didn't bet)
Seat 6: zakhar@111@ (small blind) folded before Flop



PokerStars Hand #240778385107:  Hold'em No Limit ($0.01/$0.02 USD) - 2022/12/29 13:51:23 ET
Table 'Eurydome III' 6-max Seat #6 is the button
Seat 1: kaddel70 ($1.34 in chips) 
Seat 2: ARadiGO ($3.18 in chips) 
Seat 3: ganzxx1 ($2.33 in chips) 
Seat 4: lapoleka ($2.21 in chips) 
Seat 5: Lorpugo ($1.57 in chips) 
Seat 6: zakhar@111@ ($0.93 in chips) 
kaddel70: posts small blind $0.01
ARadiGO: posts big blind $0.02
*** HOLE CARDS ***
Dealt to Lorpugo [4d 4c]
ganzxx1: folds 
lapoleka: folds 
Lorpugo: raises $0.04 to $0.06
zakhar@111@: folds 
kaddel70: calls $0.05
ARadiGO: folds 
*** FLOP *** [Qs 7d Ts]
kaddel70: checks 
Lorpugo: checks 
*** TURN *** [Qs 7d Ts] [Jd]
kaddel70: bets $0.02
Lorpugo: folds 
Uncalled bet ($0.02) returned to kaddel70
kaddel70 collected $0.14 from pot
*** SUMMARY ***
Total pot $0.14 | Rake $0 
Board [Qs 7d Ts Jd]
Seat 1: kaddel70 (small blind) collected ($0.14)
Seat 2: ARadiGO (big blind) folded before Flop
Seat 3: ganzxx1 folded before Flop (didn't bet)
Seat 4: lapoleka folded before Flop (didn't bet)
Seat 5: Lorpugo folded on the Turn
Seat 6: zakhar@111@ (button) folded before Flop (didn't bet)



PokerStars Hand #240778404379:  Hold'em No Limit ($0.01/$0.02 USD) - 2022/12/29 13:52:11 ET
Table 'Eurydome III' 6-max Seat #1 is the button
Seat 1: kaddel70 ($1.42 in chips) 
Seat 2: ARadiGO ($3.16 in chips) 
Seat 3: ganzxx1 ($2.33 in chips) 
Seat 4: lapoleka ($2.21 in chips) 
Seat 5: Lorpugo ($1.51 in chips) 
Seat 6: zakhar@111@ ($0.93 in chips) 
ARadiGO: posts small blind $0.01
ganzxx1: posts big blind $0.02
*** HOLE CARDS ***
Dealt to Lorpugo [Qs Jh]
lapoleka: folds 
Lorpugo: raises $0.04 to $0.06
zakhar@111@: calls $0.06
kaddel70: folds 
ARadiGO: folds 
ganzxx1: folds 
*** FLOP *** [4s Kh Tc]
Lorpugo: checks 
zakhar@111@: checks 
*** TURN *** [4s Kh Tc] [As]
Lorpugo: bets $0.07
zakhar@111@: calls $0.07
*** RIVER *** [4s Kh Tc As] [5d]
Lorpugo: bets $0.38
zakhar@111@: folds 
Uncalled bet ($0.38) returned to Lorpugo
Lorpugo collected $0.28 from pot
Lorpugo: doesn't show hand 
*** SUMMARY ***
Total pot $0.29 | Rake $0.01 
Board [4s Kh Tc As 5d]
Seat 1: kaddel70 (button) folded before Flop (didn't bet)
Seat 2: ARadiGO (small blind) folded before Flop
Seat 3: ganzxx1 (big blind) folded before Flop
Seat 4: lapoleka folded before Flop (didn't bet)
Seat 5: Lorpugo collected ($0.28)
Seat 6: zakhar@111@ folded on the River



PokerStars Hand #240778421224:  Hold'em No Limit ($0.01/$0.02 USD) - 2022/12/29 13:52:54 ET
Table 'Eurydome III' 6-max Seat #2 is the button
Seat 1: kaddel70 ($1.42 in chips) 
Seat 2: ARadiGO ($3.15 in chips) 
Seat 3: ganzxx1 ($2.31 in chips) 
Seat 4: lapoleka ($2.21 in chips) 
Seat 5: Lorpugo ($1.66 in chips) 
Seat 6: zakhar@111@ ($0.80 in chips) 
ganzxx1: posts small blind $0.01
lapoleka: posts big blind $0.02
*** HOLE CARDS ***
Dealt to Lorpugo [8c 9c]
Lorpugo: raises $0.04 to $0.06
zakhar@111@: folds 
kaddel70: folds 
ARadiGO: folds 
ganzxx1: folds 
lapoleka: folds 
Uncalled bet ($0.04) returned to Lorpugo
Lorpugo collected $0.05 from pot
Lorpugo: doesn't show hand 
*** SUMMARY ***
Total pot $0.05 | Rake $0 
Seat 1: kaddel70 folded before Flop (didn't bet)
Seat 2: ARadiGO (button) folded before Flop (didn't bet)
Seat 3: ganzxx1 (small blind) folded before Flop
Seat 4: lapoleka (big blind) folded before Flop
Seat 5: Lorpugo collected ($0.05)
Seat 6: zakhar@111@ folded before Flop (didn't bet)



PokerStars Hand #240778426485:  Hold'em No Limit ($0.01/$0.02 USD) - 2022/12/29 13:53:07 ET
Table 'Eurydome III' 6-max Seat #3 is the button
Seat 1: kaddel70 ($1.42 in chips) 
Seat 2: ARadiGO ($3.15 in chips) 
Seat 3: ganzxx1 ($2.30 in chips) 
Seat 4: lapoleka ($2.19 in chips) 
Seat 5: Lorpugo ($1.69 in chips) 
Seat 6: zakhar@111@ ($0.80 in chips) 
lapoleka: posts small blind $0.01
Lorpugo: posts big blind $0.02
*** HOLE CARDS ***
Dealt to Lorpugo [2c 6h]
zakhar@111@: folds 
kaddel70: folds 
ARadiGO: raises $0.04 to $0.06
ganzxx1: calls $0.06
lapoleka: folds 
Lorpugo: folds 
*** FLOP *** [Th Qd Ts]
ARadiGO: bets $0.05
ganzxx1: calls $0.05
*** TURN *** [Th Qd Ts] [Jd]
ARadiGO: checks 
ganzxx1: checks 
*** RIVER *** [Th Qd Ts Jd] [3d]
ARadiGO: checks 
ganzxx1: checks 
*** SHOW DOWN ***
ARadiGO: shows [6c 4s] (a pair of Tens)
ganzxx1: shows [8h Kd] (a pair of Tens - King kicker)
ganzxx1 collected $0.24 from pot
*** SUMMARY ***
Total pot $0.25 | Rake $0.01 
Board [Th Qd Ts Jd 3d]
Seat 1: kaddel70 folded before Flop (didn't bet)
Seat 2: ARadiGO showed [6c 4s] and lost with a pair of Tens
Seat 3: ganzxx1 (button) showed [8h Kd] and won ($0.24) with a pair of Tens
Seat 4: lapoleka (small blind) folded before Flop
Seat 5: Lorpugo (big blind) folded before Flop
Seat 6: zakhar@111@ folded before Flop (didn't bet)



PokerStars Hand #240778444454:  Hold'em No Limit ($0.01/$0.02 USD) - 2022/12/29 13:53:52 ET
Table 'Eurydome III' 6-max Seat #4 is the button
Seat 1: kaddel70 ($1.42 in chips) 
Seat 2: ARadiGO ($3.04 in chips) 
Seat 3: ganzxx1 ($2.43 in chips) 
Seat 4: lapoleka ($2.18 in chips) 
Seat 5: Lorpugo ($1.67 in chips) 
Seat 6: zakhar@111@ ($0.80 in chips) 
Lorpugo: posts small blind $0.01
zakhar@111@: posts big blind $0.02
*** HOLE CARDS ***
Dealt to Lorpugo [Qh Th]
kaddel70: folds 
ARadiGO: folds 
ganzxx1: calls $0.02
lapoleka: raises $0.04 to $0.06
Lorpugo: calls $0.05
zakhar@111@: calls $0.04
ganzxx1: calls $0.04
*** FLOP *** [2s Ks 9s]
Lorpugo: checks 
zakhar@111@: checks 
ganzxx1: bets $0.02
lapoleka: folds 
Lorpugo: folds 
zakhar@111@: calls $0.02
*** TURN *** [2s Ks 9s] [7s]
zakhar@111@: checks 
ganzxx1: bets $0.02
zakhar@111@: calls $0.02
*** RIVER *** [2s Ks 9s 7s] [Td]
zakhar@111@: checks 
ganzxx1: checks 
*** SHOW DOWN ***
zakhar@111@: shows [4s As] (a flush, Ace high)
ganzxx1: mucks hand 
zakhar@111@ collected $0.31 from pot
*** SUMMARY ***
Total pot $0.32 | Rake $0.01 
Board [2s Ks 9s 7s Td]
Seat 1: kaddel70 folded before Flop (didn't bet)
Seat 2: ARadiGO folded before Flop (didn't bet)
Seat 3: ganzxx1 mucked [7h 9c]
Seat 4: lapoleka (button) folded on the Flop
Seat 5: Lorpugo (small blind) folded on the Flop
Seat 6: zakhar@111@ (big blind) showed [4s As] and won ($0.31) with a flush, Ace high



PokerStars Hand #240778463150:  Hold'em No Limit ($0.01/$0.02 USD) - 2022/12/29 13:54:39 ET
Table 'Eurydome III' 6-max Seat #5 is the button
Seat 1: kaddel70 ($1.42 in chips) 
Seat 2: ARadiGO ($3.04 in chips) 
Seat 3: ganzxx1 ($2.33 in chips) 
Seat 4: lapoleka ($2.12 in chips) 
Seat 5: Lorpugo ($1.61 in chips) 
Seat 6: zakhar@111@ ($1.01 in chips) 
zakhar@111@: posts small blind $0.01
kaddel70: posts big blind $0.02
*** HOLE CARDS ***
Dealt to Lorpugo [Kh 9c]
ARadiGO: raises $0.04 to $0.06
ganzxx1: folds 
lapoleka: folds 
Lorpugo: folds 
zakhar@111@: calls $0.05
kaddel70: calls $0.04
*** FLOP *** [6s 8h 4s]
zakhar@111@: checks 
kaddel70: checks 
ARadiGO: checks 
*** TURN *** [6s 8h 4s] [5h]
zakhar@111@: bets $0.04
kaddel70: calls $0.04
ARadiGO: folds 
*** RIVER *** [6s 8h 4s 5h] [Ks]
zakhar@111@: bets $0.04
kaddel70: calls $0.04
*** SHOW DOWN ***
zakhar@111@: shows [6c 6d] (three of a kind, Sixes)
kaddel70: mucks hand 
zakhar@111@ collected $0.33 from pot
*** SUMMARY ***
Total pot $0.34 | Rake $0.01 
Board [6s 8h 4s 5h Ks]
Seat 1: kaddel70 (big blind) mucked [8d 5d]
Seat 2: ARadiGO folded on the Turn
Seat 3: ganzxx1 folded before Flop (didn't bet)
Seat 4: lapoleka folded before Flop (didn't bet)
Seat 5: Lorpugo (button) folded before Flop (didn't bet)
Seat 6: zakhar@111@ (small blind) showed [6c 6d] and won ($0.33) with three of a kind, Sixes



PokerStars Hand #240778477774:  Hold'em No Limit ($0.01/$0.02 USD) - 2022/12/29 13:55:19 ET
Table 'Eurydome III' 6-max Seat #6 is the button
Seat 1: kaddel70 ($1.28 in chips) 
Seat 2: ARadiGO ($2.98 in chips) 
Seat 3: ganzxx1 ($2.33 in chips) 
Seat 4: lapoleka ($2.12 in chips) 
Seat 5: Lorpugo ($1.61 in chips) 
Seat 6: zakhar@111@ ($1.20 in chips) 
kaddel70: posts small blind $0.01
ARadiGO: posts big blind $0.02
*** HOLE CARDS ***
Dealt to Lorpugo [6c Jc]
ganzxx1: raises $0.02 to $0.04
lapoleka: folds 
Lorpugo: folds 
zakhar@111@: calls $0.04
kaddel70: calls $0.03
ARadiGO: calls $0.02
*** FLOP *** [3d 4d 4c]
kaddel70: checks 
ARadiGO: checks 
ganzxx1: bets $0.02
zakhar@111@: folds 
kaddel70: folds 
ARadiGO: folds 
Uncalled bet ($0.02) returned to ganzxx1
ganzxx1 collected $0.15 from pot
ganzxx1: doesn't show hand 
*** SUMMARY ***
Total pot $0.16 | Rake $0.01 
Board [3d 4d 4c]
Seat 1: kaddel70 (small blind) folded on the Flop
Seat 2: ARadiGO (big blind) folded on the Flop
Seat 3: ganzxx1 collected ($0.15)
Seat 4: lapoleka folded before Flop (didn't bet)
Seat 5: Lorpugo folded before Flop (didn't bet)
Seat 6: zakhar@111@ (button) folded on the Flop



PokerStars Hand #240778485794:  Hold'em No Limit ($0.01/$0.02 USD) - 2022/12/29 13:55:49 ET
Table 'Eurydome III' 6-max Seat #1 is the button
Seat 1: kaddel70 ($1.24 in chips) 
Seat 3: ganzxx1 ($2.44 in chips) 
Seat 4: lapoleka ($2.12 in chips) 
Seat 5: Lorpugo ($1.61 in chips) 
Seat 6: zakhar@111@ ($1.16 in chips) 
ganzxx1: posts small blind $0.01
lapoleka: posts big blind $0.02
*** HOLE CARDS ***
Dealt to Lorpugo [5d Ad]
Lorpugo: raises $0.04 to $0.06
zakhar@111@: folds 
kaddel70: calls $0.06
ganzxx1: folds 
ARadiGO is disconnected 
lapoleka: folds 
*** FLOP *** [4d 5c 9h]
Lorpugo: bets $0.09
kaddel70: raises $0.09 to $0.18
Lorpugo: calls $0.09
*** TURN *** [4d 5c 9h] [Qh]
Lorpugo: checks 
kaddel70: checks 
*** RIVER *** [4d 5c 9h Qh] [Jc]
Lorpugo: checks 
kaddel70: checks 
*** SHOW DOWN ***
Lorpugo: shows [5d Ad] (a pair of Fives)
kaddel70: shows [Tc Ts] (a pair of Tens)
kaddel70 collected $0.49 from pot
*** SUMMARY ***
Total pot $0.51 | Rake $0.02 
Board [4d 5c 9h Qh Jc]
Seat 1: kaddel70 (button) showed [Tc Ts] and won ($0.49) with a pair of Tens
Seat 3: ganzxx1 (small blind) folded before Flop
Seat 4: lapoleka (big blind) folded before Flop
Seat 5: Lorpugo showed [5d Ad] and lost with a pair of Fives
Seat 6: zakhar@111@ folded before Flop (didn't bet)



PokerStars Hand #240778499923:  Hold'em No Limit ($0.01/$0.02 USD) - 2022/12/29 13:56:42 ET
Table 'Eurydome III' 6-max Seat #3 is the button
Seat 1: kaddel70 ($1.49 in chips) 
Seat 3: ganzxx1 ($2.43 in chips) 
Seat 4: lapoleka ($2.10 in chips) 
Seat 5: Lorpugo ($1.37 in chips) 
Seat 6: zakhar@111@ ($1.16 in chips) 
lapoleka: posts small blind $0.01
Lorpugo: posts big blind $0.02
*** HOLE CARDS ***
Dealt to Lorpugo [Td 6s]
zakhar@111@: calls $0.02
kaddel70: folds 
ganzxx1: calls $0.02
lapoleka: folds 
Lorpugo: checks 
*** FLOP *** [6h 7h 4h]
Lorpugo: checks 
zakhar@111@: checks 
ganzxx1: bets $0.08
Lorpugo: folds 
zakhar@111@: folds 
Uncalled bet ($0.08) returned to ganzxx1
ganzxx1 collected $0.07 from pot
ganzxx1: doesn't show hand 
*** SUMMARY ***
Total pot $0.07 | Rake $0 
Board [6h 7h 4h]
Seat 1: kaddel70 folded before Flop (didn't bet)
Seat 3: ganzxx1 (button) collected ($0.07)
Seat 4: lapoleka (small blind) folded before Flop
Seat 5: Lorpugo (big blind) folded on the Flop
Seat 6: zakhar@111@ folded on the Flop



PokerStars Hand #240778509059:  Hold'em No Limit ($0.01/$0.02 USD) - 2022/12/29 13:57:16 ET
Table 'Eurydome III' 6-max Seat #4 is the button
Seat 1: kaddel70 ($1.49 in chips) 
Seat 3: ganzxx1 ($2.48 in chips) 
Seat 4: lapoleka ($2.09 in chips) 
Seat 5: Lorpugo ($1.35 in chips) 
Seat 6: zakhar@111@ ($1.14 in chips) 
Lorpugo: posts small blind $0.01
zakhar@111@: posts big blind $0.02
*** HOLE CARDS ***
Dealt to Lorpugo [9s 2c]
kaddel70: raises $0.04 to $0.06
ganzxx1: folds 
lapoleka: folds 
Lorpugo: folds 
zakhar@111@: folds 
Uncalled bet ($0.04) returned to kaddel70
kaddel70 collected $0.05 from pot
*** SUMMARY ***
Total pot $0.05 | Rake $0 
Seat 1: kaddel70 collected ($0.05)
Seat 3: ganzxx1 folded before Flop (didn't bet)
Seat 4: lapoleka (button) folded before Flop (didn't bet)
Seat 5: Lorpugo (small blind) folded before Flop
Seat 6: zakhar@111@ (big blind) folded before Flop



PokerStars Hand #240778515659:  Hold'em No Limit ($0.01/$0.02 USD) - 2022/12/29 13:57:41 ET
Table 'Eurydome III' 6-max Seat #5 is the button
Seat 1: kaddel70 ($1.52 in chips) 
Seat 3: ganzxx1 ($2.48 in chips) 
Seat 4: lapoleka ($2.09 in chips) 
Seat 5: Lorpugo ($1.34 in chips) 
Seat 6: zakhar@111@ ($1.12 in chips) 
zakhar@111@: posts small blind $0.01
kaddel70: posts big blind $0.02
*** HOLE CARDS ***
Dealt to Lorpugo [8c As]
ganzxx1: folds 
lapoleka: raises $0.02 to $0.04
Lorpugo: raises $0.11 to $0.15
zakhar@111@: folds 
kaddel70: calls $0.13
lapoleka: folds 
*** FLOP *** [8d 5h 8h]
zakhar@111@ leaves the table
kaddel70: checks 
Lorpugo: bets $0.22
kaddel70: calls $0.22
*** TURN *** [8d 5h 8h] [5d]
kaddel70: checks 
Lorpugo: bets $0.50
kaddel70: raises $0.50 to $1
Lorpugo: calls $0.47 and is all-in
Uncalled bet ($0.03) returned to kaddel70
*** RIVER *** [8d 5h 8h 5d] [Jh]
*** SHOW DOWN ***
kaddel70: shows [Kc Kh] (two pair, Kings and Eights)
Lorpugo: shows [8c As] (a full house, Eights full of Fives)
Lorpugo collected $2.63 from pot
*** SUMMARY ***
Total pot $2.73 | Rake $0.10 
Board [8d 5h 8h 5d Jh]
Seat 1: kaddel70 (big blind) showed [Kc Kh] and lost with two pair, Kings and Eights
Seat 3: ganzxx1 folded before Flop (didn't bet)
Seat 4: lapoleka folded before Flop
Seat 5: Lorpugo (button) showed [8c As] and won ($2.63) with a full house, Eights full of Fives
Seat 6: zakhar@111@ (small blind) folded before Flop



PokerStars Hand #240778532140:  Hold'em No Limit ($0.01/$0.02 USD) - 2022/12/29 13:58:42 ET
Table 'Eurydome III' 6-max Seat #1 is the button
Seat 1: kaddel70 ($0.18 in chips) 
Seat 3: ganzxx1 ($2.48 in chips) 
Seat 4: lapoleka ($2.05 in chips) 
Seat 5: Lorpugo ($2.63 in chips) 
ganzxx1: posts small blind $0.01
lapoleka: posts big blind $0.02
*** HOLE CARDS ***
Dealt to Lorpugo [3h 9s]
Lorpugo: folds 
kaddel70: folds 
ganzxx1: raises $0.02 to $0.04
Aryzer joins the table at seat #6 
lapoleka: calls $0.02
*** FLOP *** [Jh 8h Qh]
ganzxx1: bets $0.02
lapoleka: folds 
Uncalled bet ($0.02) returned to ganzxx1
ganzxx1 collected $0.08 from pot
ganzxx1: doesn't show hand 
*** SUMMARY ***
Total pot $0.08 | Rake $0 
Board [Jh 8h Qh]
Seat 1: kaddel70 (button) folded before Flop (didn't bet)
Seat 3: ganzxx1 (small blind) collected ($0.08)
Seat 4: lapoleka (big blind) folded on the Flop
Seat 5: Lorpugo folded before Flop (didn't bet)



PokerStars Hand #240778538839:  Hold'em No Limit ($0.01/$0.02 USD) - 2022/12/29 13:59:06 ET
Table 'Eurydome III' 6-max Seat #3 is the button
Seat 1: kaddel70 ($0.18 in chips) 
Seat 3: ganzxx1 ($2.52 in chips) 
Seat 4: lapoleka ($2.01 in chips) 
Seat 5: Lorpugo ($2.63 in chips) 
lapoleka: posts small blind $0.01
Lorpugo: posts big blind $0.02
*** HOLE CARDS ***
Dealt to Lorpugo [9h 5d]
kaddel70: calls $0.02
ganzxx1: raises $0.04 to $0.06
lapoleka: folds 
Lorpugo: folds 
kaddel70: calls $0.04
*** FLOP *** [4s 6d Ad]
kaddel70: checks 
ganzxx1: bets $0.04
kaddel70: folds 
Uncalled bet ($0.04) returned to ganzxx1
ganzxx1 collected $0.14 from pot
ganzxx1: doesn't show hand 
*** SUMMARY ***
Total pot $0.15 | Rake $0.01 
Board [4s 6d Ad]
Seat 1: kaddel70 folded on the Flop
Seat 3: ganzxx1 (button) collected ($0.14)
Seat 4: lapoleka (small blind) folded before Flop
Seat 5: Lorpugo (big blind) folded before Flop



PokerStars Hand #240778545064:  Hold'em No Limit ($0.01/$0.02 USD) - 2022/12/29 13:59:28 ET
Table 'Eurydome III' 6-max Seat #4 is the button
Seat 1: kaddel70 ($0.12 in chips) 
Seat 3: ganzxx1 ($2.60 in chips) 
Seat 4: lapoleka ($2 in chips) 
Seat 5: Lorpugo ($2.61 in chips) 
Seat 6: Aryzer ($2 in chips) 
Lorpugo: posts small blind $0.01
Aryzer: posts big blind $0.02
*** HOLE CARDS ***
Dealt to Lorpugo [4h Ac]
kaddel70: folds 
ganzxx1: folds 
lapoleka: folds 
Lorpugo: raises $0.04 to $0.06
Aryzer: calls $0.04
*** FLOP *** [Qs Kd 4c]
Lorpugo: checks 
Aryzer: checks 
*** TURN *** [Qs Kd 4c] [Ah]
Lorpugo: bets $0.08
Aryzer: folds 
Uncalled bet ($0.08) returned to Lorpugo
Lorpugo collected $0.12 from pot
Lorpugo: doesn't show hand 
*** SUMMARY ***
Total pot $0.12 | Rake $0 
Board [Qs Kd 4c Ah]
Seat 1: kaddel70 folded before Flop (didn't bet)
Seat 3: ganzxx1 folded before Flop (didn't bet)
Seat 4: lapoleka (button) folded before Flop (didn't bet)
Seat 5: Lorpugo (small blind) collected ($0.12)
Seat 6: Aryzer (big blind) folded on the Turn



PokerStars Hand #240778557482:  Hold'em No Limit ($0.01/$0.02 USD) - 2022/12/29 14:00:13 ET
Table 'Eurydome III' 6-max Seat #5 is the button
Seat 1: kaddel70 ($0.12 in chips) 
Seat 3: ganzxx1 ($2.60 in chips) 
Seat 4: lapoleka ($2 in chips) 
Seat 5: Lorpugo ($2.67 in chips) 
Seat 6: Aryzer ($1.94 in chips) 
Aryzer: posts small blind $0.01
kaddel70: posts big blind $0.02
*** HOLE CARDS ***
Dealt to Lorpugo [7s Kh]
ganzxx1: calls $0.02
lapoleka: folds 
Lorpugo: folds 
Aryzer: folds 
kaddel70: checks 
*** FLOP *** [Qh 6c Td]
kaddel70: checks 
ganzxx1: bets $0.10
kaddel70: folds 
Uncalled bet ($0.10) returned to ganzxx1
ganzxx1 collected $0.05 from pot
ganzxx1: doesn't show hand 
*** SUMMARY ***
Total pot $0.05 | Rake $0 
Board [Qh 6c Td]
Seat 1: kaddel70 (big blind) folded on the Flop
Seat 3: ganzxx1 collected ($0.05)
Seat 4: lapoleka folded before Flop (didn't bet)
Seat 5: Lorpugo (button) folded before Flop (didn't bet)
Seat 6: Aryzer (small blind) folded before Flop



PokerStars Hand #240778569921:  Hold'em No Limit ($0.01/$0.02 USD) - 2022/12/29 14:00:55 ET
Table 'Eurydome III' 6-max Seat #6 is the button
Seat 1: kaddel70 ($0.10 in chips) 
Seat 3: ganzxx1 ($2.63 in chips) 
Seat 4: lapoleka ($2 in chips) 
Seat 5: Lorpugo ($2.67 in chips) 
Seat 6: Aryzer ($1.93 in chips) 
kaddel70: posts small blind $0.01
ganzxx1: posts big blind $0.02
*** HOLE CARDS ***
Dealt to Lorpugo [7d 7h]
lapoleka: folds 
Lorpugo: raises $0.04 to $0.06
Aryzer: calls $0.06
kaddel70: folds 
ganzxx1: calls $0.04
*** FLOP *** [Ks 2h 5d]
ganzxx1: bets $0.02
Lorpugo: calls $0.02
Aryzer: calls $0.02
*** TURN *** [Ks 2h 5d] [3c]
ganzxx1: bets $0.04
Lorpugo: calls $0.04
Aryzer: folds 
*** RIVER *** [Ks 2h 5d 3c] [6c]
ganzxx1: bets $0.32
Lorpugo: calls $0.32
*** SHOW DOWN ***
ganzxx1: shows [4h 4c] (a straight, Deuce to Six)
Lorpugo: mucks hand 
ganzxx1 collected $0.94 from pot
*** SUMMARY ***
Total pot $0.97 | Rake $0.03 
Board [Ks 2h 5d 3c 6c]
Seat 1: kaddel70 (small blind) folded before Flop
Seat 3: ganzxx1 (big blind) showed [4h 4c] and won ($0.94) with a straight, Deuce to Six
Seat 4: lapoleka folded before Flop (didn't bet)
Seat 5: Lorpugo mucked [7d 7h]
Seat 6: Aryzer (button) folded on the Turn



PokerStars Hand #240778598899:  Hold'em No Limit ($0.01/$0.02 USD) - 2022/12/29 14:02:18 ET
Table 'Eurydome III' 6-max Seat #1 is the button
Seat 1: kaddel70 ($0.09 in chips) 
Seat 3: ganzxx1 ($3.13 in chips) 
Seat 4: lapoleka ($2 in chips) 
Seat 5: Lorpugo ($2.23 in chips) 
Seat 6: Aryzer ($1.85 in chips) 
ganzxx1: posts small blind $0.01
lapoleka: posts big blind $0.02
*** HOLE CARDS ***
Dealt to Lorpugo [6d 2c]
Lorpugo: folds 
Aryzer: raises $0.02 to $0.04
kaddel70: calls $0.04
ganzxx1: calls $0.03
lapoleka: calls $0.02
*** FLOP *** [Td Kd Qd]
ganzxx1: checks 
lapoleka: checks 
Aryzer: bets $0.05
kaddel70: calls $0.05 and is all-in
ganzxx1: folds 
lapoleka: folds 
*** TURN *** [Td Kd Qd] [6h]
*** RIVER *** [Td Kd Qd 6h] [3d]
*** SHOW DOWN ***
Aryzer: shows [7h Kh] (a pair of Kings)
kaddel70: shows [8s Qs] (a pair of Queens)
Aryzer collected $0.25 from pot
*** SUMMARY ***
Total pot $0.26 | Rake $0.01 
Board [Td Kd Qd 6h 3d]
Seat 1: kaddel70 (button) showed [8s Qs] and lost with a pair of Queens
Seat 3: ganzxx1 (small blind) folded on the Flop
Seat 4: lapoleka (big blind) folded on the Flop
Seat 5: Lorpugo folded before Flop (didn't bet)
Seat 6: Aryzer showed [7h Kh] and won ($0.25) with a pair of Kings



PokerStars Hand #240778617447:  Hold'em No Limit ($0.01/$0.02 USD) - 2022/12/29 14:03:06 ET
Table 'Eurydome III' 6-max Seat #3 is the button
Seat 3: ganzxx1 ($3.09 in chips) 
Seat 4: lapoleka ($1.96 in chips) 
Seat 5: Lorpugo ($2.23 in chips) 
Seat 6: Aryzer ($2.01 in chips) 
lapoleka: posts small blind $0.01
Lorpugo: posts big blind $0.02
*** HOLE CARDS ***
Dealt to Lorpugo [4d 5h]
Aryzer: raises $0.02 to $0.04
ganzxx1: folds 
lapoleka: folds 
Lorpugo: folds 
Uncalled bet ($0.02) returned to Aryzer
Aryzer collected $0.05 from pot
*** SUMMARY ***
Total pot $0.05 | Rake $0 
Seat 3: ganzxx1 (button) folded before Flop (didn't bet)
Seat 4: lapoleka (small blind) folded before Flop
Seat 5: Lorpugo (big blind) folded before Flop
Seat 6: Aryzer collected ($0.05)



PokerStars Hand #240778623049:  Hold'em No Limit ($0.01/$0.02 USD) - 2022/12/29 14:03:20 ET
Table 'Eurydome III' 6-max Seat #4 is the button
Seat 1: kaddel70 ($1.20 in chips) 
Seat 3: ganzxx1 ($3.09 in chips) 
Seat 4: lapoleka ($1.95 in chips) 
Seat 5: Lorpugo ($2.21 in chips) 
Seat 6: Aryzer ($2.04 in chips) 
Lorpugo: posts small blind $0.01
Aryzer: posts big blind $0.02
*** HOLE CARDS ***
Dealt to Lorpugo [8c Kd]
kaddel70: folds 
ganzxx1: raises $0.02 to $0.04
lapoleka: calls $0.04
Lorpugo: folds 
Aryzer: calls $0.02
*** FLOP *** [6s As 7c]
Aryzer: checks 
ganzxx1: checks 
lapoleka: bets $0.07
Aryzer: folds 
ganzxx1: folds 
Uncalled bet ($0.07) returned to lapoleka
lapoleka collected $0.13 from pot
lapoleka: doesn't show hand 
*** SUMMARY ***
Total pot $0.13 | Rake $0 
Board [6s As 7c]
Seat 1: kaddel70 folded before Flop (didn't bet)
Seat 3: ganzxx1 folded on the Flop
Seat 4: lapoleka (button) collected ($0.13)
Seat 5: Lorpugo (small blind) folded before Flop
Seat 6: Aryzer (big blind) folded on the Flop



PokerStars Hand #240778642672:  Hold'em No Limit ($0.01/$0.02 USD) - 2022/12/29 14:04:10 ET
Table 'Eurydome III' 6-max Seat #5 is the button
Seat 1: kaddel70 ($1.20 in chips) 
Seat 3: ganzxx1 ($3.05 in chips) 
Seat 4: lapoleka ($2.04 in chips) 
Seat 5: Lorpugo ($2.20 in chips) 
Seat 6: Aryzer ($2 in chips) 
Aryzer: posts small blind $0.01
kaddel70: posts big blind $0.02
*** HOLE CARDS ***
Dealt to Lorpugo [4s 7h]
ganzxx1: folds 
lapoleka: raises $0.03 to $0.05
Lorpugo: folds 
Aryzer: folds 
kaddel70: calls $0.03
*** FLOP *** [Qd 4d Qh]
kaddel70: checks 
lapoleka: checks 
*** TURN *** [Qd 4d Qh] [2h]
kaddel70: checks 
lapoleka: checks 
*** RIVER *** [Qd 4d Qh 2h] [As]
kaddel70: checks 
lapoleka: checks 
*** SHOW DOWN ***
kaddel70: shows [7s Ks] (a pair of Queens)
lapoleka: shows [Kh Jd] (a pair of Queens - Ace+King+Jack kicker)
lapoleka collected $0.11 from pot
*** SUMMARY ***
Total pot $0.11 | Rake $0 
Board [Qd 4d Qh 2h As]
Seat 1: kaddel70 (big blind) showed [7s Ks] and lost with a pair of Queens
Seat 3: ganzxx1 folded before Flop (didn't bet)
Seat 4: lapoleka showed [Kh Jd] and won ($0.11) with a pair of Queens
Seat 5: Lorpugo (button) folded before Flop (didn't bet)
Seat 6: Aryzer (small blind) folded before Flop



PokerStars Hand #240778656308:  Hold'em No Limit ($0.01/$0.02 USD) - 2022/12/29 14:04:45 ET
Table 'Eurydome III' 6-max Seat #6 is the button
Seat 1: kaddel70 ($1.15 in chips) 
Seat 3: ganzxx1 ($3.05 in chips) 
Seat 4: lapoleka ($2.10 in chips) 
Seat 5: Lorpugo ($2.20 in chips) 
Seat 6: Aryzer ($1.99 in chips) 
kaddel70: posts small blind $0.01
ganzxx1: posts big blind $0.02
*** HOLE CARDS ***
Dealt to Lorpugo [Qs 6h]
lapoleka: folds 
Lorpugo: folds 
Aryzer: folds 
kaddel70: calls $0.01
ganzxx1: raises $0.04 to $0.06
kaddel70: calls $0.04
*** FLOP *** [2c Th 9s]
kaddel70: checks 
ganzxx1: bets $0.06
kaddel70: calls $0.06
*** TURN *** [2c Th 9s] [3h]
kaddel70: checks 
ganzxx1: bets $0.06
kaddel70: calls $0.06
*** RIVER *** [2c Th 9s 3h] [Ts]
kaddel70: checks 
ganzxx1: checks 
*** SHOW DOWN ***
kaddel70: shows [8c 6c] (a pair of Tens)
ganzxx1: shows [Ks 6s] (a pair of Tens - King kicker)
ganzxx1 collected $0.35 from pot
*** SUMMARY ***
Total pot $0.36 | Rake $0.01 
Board [2c Th 9s 3h Ts]
Seat 1: kaddel70 (small blind) showed [8c 6c] and lost with a pair of Tens
Seat 3: ganzxx1 (big blind) showed [Ks 6s] and won ($0.35) with a pair of Tens
Seat 4: lapoleka folded before Flop (didn't bet)
Seat 5: Lorpugo folded before Flop (didn't bet)
Seat 6: Aryzer (button) folded before Flop (didn't bet)



PokerStars Hand #240778673626:  Hold'em No Limit ($0.01/$0.02 USD) - 2022/12/29 14:05:27 ET
Table 'Eurydome III' 6-max Seat #1 is the button
Seat 1: kaddel70 ($0.97 in chips) 
Seat 3: ganzxx1 ($3.22 in chips) 
Seat 4: lapoleka ($2.10 in chips) 
Seat 5: Lorpugo ($2.20 in chips) 
Seat 6: Aryzer ($1.99 in chips) 
ganzxx1: posts small blind $0.01
lapoleka: posts big blind $0.02
*** HOLE CARDS ***
Dealt to Lorpugo [5s 9c]
Lorpugo: folds 
Aryzer: folds 
kaddel70: calls $0.02
ganzxx1: calls $0.01
lapoleka: raises $0.04 to $0.06
kaddel70: calls $0.04
ganzxx1: calls $0.04
*** FLOP *** [Jh 9h Kd]
ganzxx1: bets $0.02
lapoleka: calls $0.02
kaddel70: calls $0.02
*** TURN *** [Jh 9h Kd] [8c]
ganzxx1: bets $0.02
lapoleka: folds 
kaddel70: calls $0.02
*** RIVER *** [Jh 9h Kd 8c] [2h]
ganzxx1: bets $0.02
kaddel70: raises $0.16 to $0.18
ganzxx1: folds 
Uncalled bet ($0.16) returned to kaddel70
kaddel70 collected $0.31 from pot
*** SUMMARY ***
Total pot $0.32 | Rake $0.01 
Board [Jh 9h Kd 8c 2h]
Seat 1: kaddel70 (button) collected ($0.31)
Seat 3: ganzxx1 (small blind) folded on the River
Seat 4: lapoleka (big blind) folded on the Turn
Seat 5: Lorpugo folded before Flop (didn't bet)
Seat 6: Aryzer folded before Flop (didn't bet)



PokerStars Hand #240778691113:  Hold'em No Limit ($0.01/$0.02 USD) - 2022/12/29 14:06:10 ET
Table 'Eurydome III' 6-max Seat #3 is the button
Seat 1: kaddel70 ($1.16 in chips) 
Seat 3: ganzxx1 ($3.10 in chips) 
Seat 4: lapoleka ($2.02 in chips) 
Seat 5: Lorpugo ($2.20 in chips) 
Seat 6: Aryzer ($1.99 in chips) 
lapoleka: posts small blind $0.01
Lorpugo: posts big blind $0.02
*** HOLE CARDS ***
Dealt to Lorpugo [5h Td]
Aryzer: raises $0.04 to $0.06
kaddel70: calls $0.06
ganzxx1: folds 
lapoleka: folds 
Lorpugo: folds 
*** FLOP *** [6h 7d 6s]
Aryzer: bets $0.11
kaddel70: calls $0.11
*** TURN *** [6h 7d 6s] [Qd]
Aryzer: bets $0.19
kaddel70: calls $0.19
*** RIVER *** [6h 7d 6s Qd] [7s]
Aryzer: checks 
kaddel70: checks 
*** SHOW DOWN ***
Aryzer: shows [Ac Tc] (two pair, Sevens and Sixes)
kaddel70: mucks hand 
Aryzer collected $0.72 from pot
*** SUMMARY ***
Total pot $0.75 | Rake $0.03 
Board [6h 7d 6s Qd 7s]
Seat 1: kaddel70 mucked [3c 3s]
Seat 3: ganzxx1 (button) folded before Flop (didn't bet)
Seat 4: lapoleka (small blind) folded before Flop
Seat 5: Lorpugo (big blind) folded before Flop
Seat 6: Aryzer showed [Ac Tc] and won ($0.72) with two pair, Sevens and Sixes



PokerStars Hand #240778708502:  Hold'em No Limit ($0.01/$0.02 USD) - 2022/12/29 14:06:53 ET
Table 'Eurydome III' 6-max Seat #4 is the button
Seat 1: kaddel70 ($0.80 in chips) 
Seat 3: ganzxx1 ($3.10 in chips) 
Seat 4: lapoleka ($2.01 in chips) 
Seat 5: Lorpugo ($2.18 in chips) 
Seat 6: Aryzer ($2.35 in chips) 
Lorpugo: posts small blind $0.01
Aryzer: posts big blind $0.02
*** HOLE CARDS ***
Dealt to Lorpugo [3c Ad]
kaddel70: folds 
ganzxx1: folds 
lapoleka: folds 
Lorpugo: raises $0.04 to $0.06
Aryzer: calls $0.04
*** FLOP *** [4c 8s Qd]
Lorpugo: bets $0.06
Aryzer: calls $0.06
*** TURN *** [4c 8s Qd] [5s]
Lorpugo: bets $0.26
Aryzer: folds 
Uncalled bet ($0.26) returned to Lorpugo
Lorpugo collected $0.23 from pot
Lorpugo: doesn't show hand 
*** SUMMARY ***
Total pot $0.24 | Rake $0.01 
Board [4c 8s Qd 5s]
Seat 1: kaddel70 folded before Flop (didn't bet)
Seat 3: ganzxx1 folded before Flop (didn't bet)
Seat 4: lapoleka (button) folded before Flop (didn't bet)
Seat 5: Lorpugo (small blind) collected ($0.23)
Seat 6: Aryzer (big blind) folded on the Turn



PokerStars Hand #240778724002:  Hold'em No Limit ($0.01/$0.02 USD) - 2022/12/29 14:07:31 ET
Table 'Eurydome III' 6-max Seat #5 is the button
Seat 1: kaddel70 ($0.80 in chips) 
Seat 3: ganzxx1 ($3.10 in chips) 
Seat 4: lapoleka ($2.01 in chips) 
Seat 5: Lorpugo ($2.29 in chips) 
Seat 6: Aryzer ($2.23 in chips) 
Aryzer: posts small blind $0.01
kaddel70: posts big blind $0.02
*** HOLE CARDS ***
Dealt to Lorpugo [5s 2d]
ganzxx1: folds 
lapoleka: raises $0.03 to $0.05
Lorpugo: folds 
Aryzer: calls $0.04
kaddel70: calls $0.03
*** FLOP *** [Th Jh 5c]
Aryzer: checks 
kaddel70: checks 
lapoleka: checks 
*** TURN *** [Th Jh 5c] [5h]
Aryzer: checks 
kaddel70: bets $0.14
lapoleka: folds 
Aryzer: folds 
Uncalled bet ($0.14) returned to kaddel70
kaddel70 collected $0.14 from pot
*** SUMMARY ***
Total pot $0.15 | Rake $0.01 
Board [Th Jh 5c 5h]
Seat 1: kaddel70 (big blind) collected ($0.14)
Seat 3: ganzxx1 folded before Flop (didn't bet)
Seat 4: lapoleka folded on the Turn
Seat 5: Lorpugo (button) folded before Flop (didn't bet)
Seat 6: Aryzer (small blind) folded on the Turn



PokerStars Hand #240778755156:  Hold'em No Limit ($0.01/$0.02 USD) - 2022/12/29 14:08:48 ET
Table 'Eurydome III' 6-max Seat #6 is the button
Seat 1: kaddel70 ($0.89 in chips) 
Seat 2: ARadiGO ($2.94 in chips) 
Seat 3: ganzxx1 ($3.10 in chips) 
Seat 4: lapoleka ($1.96 in chips) 
Seat 5: Lorpugo ($2.29 in chips) 
Seat 6: Aryzer ($2.18 in chips) 
kaddel70: posts small blind $0.01
ARadiGO: posts big blind $0.02
*** HOLE CARDS ***
Dealt to Lorpugo [Kc 2d]
ganzxx1: folds 
lapoleka: folds 
Lorpugo: folds 
Aryzer: raises $0.02 to $0.04
kaddel70: folds 
ARadiGO: calls $0.02
*** FLOP *** [6c 2s 5c]
ARadiGO: checks 
Aryzer: bets $0.03
ARadiGO: raises $0.05 to $0.08
Aryzer: calls $0.05
*** TURN *** [6c 2s 5c] [5h]
ARadiGO: bets $0.14
Aryzer: folds 
Uncalled bet ($0.14) returned to ARadiGO
ARadiGO collected $0.24 from pot
*** SUMMARY ***
Total pot $0.25 | Rake $0.01 
Board [6c 2s 5c 5h]
Seat 1: kaddel70 (small blind) folded before Flop
Seat 2: ARadiGO (big blind) collected ($0.24)
Seat 3: ganzxx1 folded before Flop (didn't bet)
Seat 4: lapoleka folded before Flop (didn't bet)
Seat 5: Lorpugo folded before Flop (didn't bet)
Seat 6: Aryzer (button) folded on the Turn



PokerStars Hand #240778791547:  Hold'em No Limit ($0.01/$0.02 USD) - 2022/12/29 14:10:18 ET
Table 'Eurydome III' 6-max Seat #1 is the button
Seat 1: kaddel70 ($0.88 in chips) 
Seat 2: ARadiGO ($3.06 in chips) 
Seat 3: ganzxx1 ($3.10 in chips) 
Seat 4: lapoleka ($1.96 in chips) 
Seat 5: Lorpugo ($2.29 in chips) 
Seat 6: Aryzer ($2.06 in chips) 
ARadiGO: posts small blind $0.01
ganzxx1: posts big blind $0.02
*** HOLE CARDS ***
Dealt to Lorpugo [Ad 7s]
lapoleka: folds 
lapoleka leaves the table
Lorpugo: raises $0.04 to $0.06
Makgajwer joins the table at seat #4 
Aryzer: raises $0.12 to $0.18
kaddel70: calls $0.18
ARadiGO: folds 
ganzxx1: folds 
Lorpugo: folds 
*** FLOP *** [Jh Jd 4d]
Aryzer: bets $0.21
kaddel70: calls $0.21
*** TURN *** [Jh Jd 4d] [8c]
Aryzer: bets $0.50
kaddel70: calls $0.49 and is all-in
Uncalled bet ($0.01) returned to Aryzer
*** RIVER *** [Jh Jd 4d 8c] [8s]
*** SHOW DOWN ***
Aryzer: shows [Tc Ts] (two pair, Jacks and Tens)
kaddel70: shows [6c 6d] (two pair, Jacks and Eights)
Aryzer collected $1.79 from pot
*** SUMMARY ***
Total pot $1.85 | Rake $0.06 
Board [Jh Jd 4d 8c 8s]
Seat 1: kaddel70 (button) showed [6c 6d] and lost with two pair, Jacks and Eights
Seat 2: ARadiGO (small blind) folded before Flop
Seat 3: ganzxx1 (big blind) folded before Flop
Seat 4: lapoleka folded before Flop (didn't bet)
Seat 5: Lorpugo folded before Flop
Seat 6: Aryzer showed [Tc Ts] and won ($1.79) with two pair, Jacks and Tens



PokerStars Hand #240778812709:  Hold'em No Limit ($0.01/$0.02 USD) - 2022/12/29 14:11:11 ET
Table 'Eurydome III' 6-max Seat #2 is the button
Seat 2: ARadiGO ($3.05 in chips) 
Seat 3: ganzxx1 ($3.08 in chips) 
Seat 4: Makgajwer ($2 in chips) 
Seat 5: Lorpugo ($2.23 in chips) 
Seat 6: Aryzer ($2.97 in chips) 
ganzxx1: posts small blind $0.01
Makgajwer: posts big blind $0.02
*** HOLE CARDS ***
Dealt to Lorpugo [Jd Qd]
Lorpugo: raises $0.04 to $0.06
kaddel70 leaves the table
Aryzer has timed out
Aryzer: folds 
ARadiGO: raises $0.12 to $0.18
ganzxx1: folds 
Makgajwer: folds 
Lorpugo: folds 
Uncalled bet ($0.12) returned to ARadiGO
ARadiGO collected $0.15 from pot
*** SUMMARY ***
Total pot $0.15 | Rake $0 
Seat 2: ARadiGO (button) collected ($0.15)
Seat 3: ganzxx1 (small blind) folded before Flop
Seat 4: Makgajwer (big blind) folded before Flop
Seat 5: Lorpugo folded before Flop
Seat 6: Aryzer folded before Flop (didn't bet)



PokerStars Hand #240778827086:  Hold'em No Limit ($0.01/$0.02 USD) - 2022/12/29 14:11:46 ET
Table 'Eurydome III' 6-max Seat #3 is the button
Seat 2: ARadiGO ($3.14 in chips) 
Seat 3: ganzxx1 ($3.07 in chips) 
Seat 4: Makgajwer ($2 in chips) 
Seat 5: Lorpugo ($2.17 in chips) 
Seat 6: Aryzer ($2.97 in chips) 
Makgajwer: posts small blind $0.01
Lorpugo: posts big blind $0.02
*** HOLE CARDS ***
Dealt to Lorpugo [As Ts]
Aryzer has timed out
Aryzer: folds 
ARadiGO: raises $0.04 to $0.06
ganzxx1: folds 
Makgajwer: folds 
Lorpugo: raises $0.13 to $0.19
ARadiGO: folds 
Uncalled bet ($0.13) returned to Lorpugo
Lorpugo collected $0.13 from pot
Lorpugo: doesn't show hand 
*** SUMMARY ***
Total pot $0.13 | Rake $0 
Seat 2: ARadiGO folded before Flop
Seat 3: ganzxx1 (button) folded before Flop (didn't bet)
Seat 4: Makgajwer (small blind) folded before Flop
Seat 5: Lorpugo (big blind) collected ($0.13)
Seat 6: Aryzer folded before Flop (didn't bet)



PokerStars Hand #240778839269:  Hold'em No Limit ($0.01/$0.02 USD) - 2022/12/29 14:12:16 ET
Table 'Eurydome III' 6-max Seat #4 is the button
Seat 2: ARadiGO ($3.08 in chips) 
Seat 3: ganzxx1 ($3.07 in chips) 
Seat 4: Makgajwer ($2 in chips) 
Seat 5: Lorpugo ($2.24 in chips) 
Seat 6: Aryzer ($2.97 in chips) 
Lorpugo: posts small blind $0.01
Aryzer: posts big blind $0.02
*** HOLE CARDS ***
Dealt to Lorpugo [Qh 9c]
RexHunt999 joins the table at seat #1 
ARadiGO: raises $0.04 to $0.06
ganzxx1: folds 
Makgajwer: folds 
Lorpugo: folds 
Aryzer: calls $0.04
*** FLOP *** [7d 7s Jd]
Aryzer: checks 
ARadiGO: bets $0.05
Aryzer: calls $0.05
*** TURN *** [7d 7s Jd] [8c]
Aryzer: checks 
ARadiGO: bets $0.09
Aryzer: calls $0.09
*** RIVER *** [7d 7s Jd 8c] [3s]
Aryzer: checks 
ARadiGO: bets $0.18
Aryzer: calls $0.18
*** SHOW DOWN ***
ARadiGO: shows [6d Kd] (a pair of Sevens)
Aryzer: shows [Jc 4c] (two pair, Jacks and Sevens)
Aryzer collected $0.74 from pot
*** SUMMARY ***
Total pot $0.77 | Rake $0.03 
Board [7d 7s Jd 8c 3s]
Seat 2: ARadiGO showed [6d Kd] and lost with a pair of Sevens
Seat 3: ganzxx1 folded before Flop (didn't bet)
Seat 4: Makgajwer (button) folded before Flop (didn't bet)
Seat 5: Lorpugo (small blind) folded before Flop
Seat 6: Aryzer (big blind) showed [Jc 4c] and won ($0.74) with two pair, Jacks and Sevens



PokerStars Hand #240778864396:  Hold'em No Limit ($0.01/$0.02 USD) - 2022/12/29 14:13:19 ET
Table 'Eurydome III' 6-max Seat #5 is the button
Seat 1: RexHunt999 ($2 in chips) 
Seat 2: ARadiGO ($2.70 in chips) 
Seat 3: ganzxx1 ($3.07 in chips) 
Seat 4: Makgajwer ($2 in chips) 
Seat 5: Lorpugo ($2.23 in chips) 
Seat 6: Aryzer ($3.33 in chips) 
Aryzer: posts small blind $0.01
RexHunt999: posts big blind $0.02
*** HOLE CARDS ***
Dealt to Lorpugo [6h 4c]
ARadiGO: folds 
ganzxx1: calls $0.02
Makgajwer: folds 
Lorpugo: folds 
Aryzer: calls $0.01
RexHunt999: raises $0.05 to $0.07
ganzxx1: calls $0.05
Aryzer: calls $0.05
*** FLOP *** [Qc Qd Th]
Aryzer: checks 
RexHunt999: checks 
ganzxx1: checks 
*** TURN *** [Qc Qd Th] [8c]
Aryzer: checks 
RexHunt999: bets $0.13
ganzxx1: folds 
Aryzer: calls $0.13
*** RIVER *** [Qc Qd Th 8c] [Ah]
Aryzer: checks 
RexHunt999: bets $1.80 and is all-in
Aryzer: calls $1.80
*** SHOW DOWN ***
RexHunt999: shows [Ad As] (a full house, Aces full of Queens)
Aryzer: shows [Ks Jd] (a straight, Ten to Ace)
RexHunt999 collected $3.93 from pot
*** SUMMARY ***
Total pot $4.07 | Rake $0.14 
Board [Qc Qd Th 8c Ah]
Seat 1: RexHunt999 (big blind) showed [Ad As] and won ($3.93) with a full house, Aces full of Queens
Seat 2: ARadiGO folded before Flop (didn't bet)
Seat 3: ganzxx1 folded on the Turn
Seat 4: Makgajwer folded before Flop (didn't bet)
Seat 5: Lorpugo (button) folded before Flop (didn't bet)
Seat 6: Aryzer (small blind) showed [Ks Jd] and lost with a straight, Ten to Ace



PokerStars Hand #240778893304:  Hold'em No Limit ($0.01/$0.02 USD) - 2022/12/29 14:14:30 ET
Table 'Eurydome III' 6-max Seat #6 is the button
Seat 1: RexHunt999 ($3.93 in chips) 
Seat 2: ARadiGO ($2.70 in chips) 
Seat 3: ganzxx1 ($3 in chips) 
Seat 4: Makgajwer ($2 in chips) 
Seat 5: Lorpugo ($2.23 in chips) 
Seat 6: Aryzer ($1.33 in chips) 
RexHunt999: posts small blind $0.01
ARadiGO: posts big blind $0.02
*** HOLE CARDS ***
Dealt to Lorpugo [9s 7s]
ganzxx1: folds 
Makgajwer: folds 
Lorpugo: raises $0.04 to $0.06
Aryzer: folds 
RexHunt999: folds 
ARadiGO: folds 
Uncalled bet ($0.04) returned to Lorpugo
Lorpugo collected $0.05 from pot
Lorpugo: doesn't show hand 
*** SUMMARY ***
Total pot $0.05 | Rake $0 
Seat 1: RexHunt999 (small blind) folded before Flop
Seat 2: ARadiGO (big blind) folded before Flop
Seat 3: ganzxx1 folded before Flop (didn't bet)
Seat 4: Makgajwer folded before Flop (didn't bet)
Seat 5: Lorpugo collected ($0.05)
Seat 6: Aryzer (button) folded before Flop (didn't bet)



PokerStars Hand #240778903155:  Hold'em No Limit ($0.01/$0.02 USD) - 2022/12/29 14:14:54 ET
Table 'Eurydome III' 6-max Seat #1 is the button
Seat 1: RexHunt999 ($3.92 in chips) 
Seat 2: ARadiGO ($2.68 in chips) 
Seat 3: ganzxx1 ($3 in chips) 
Seat 4: Makgajwer ($2 in chips) 
Seat 5: Lorpugo ($2.26 in chips) 
Seat 6: Aryzer ($1.33 in chips) 
ARadiGO: posts small blind $0.01
ganzxx1: posts big blind $0.02
*** HOLE CARDS ***
Dealt to Lorpugo [9s Jh]
Makgajwer: folds 
Lorpugo: folds 
Aryzer has timed out
Aryzer: folds 
RexHunt999: folds 
ARadiGO: raises $0.04 to $0.06
ganzxx1: calls $0.04
*** FLOP *** [9c 7d 5d]
ARadiGO: bets $0.04
ganzxx1: calls $0.04
*** TURN *** [9c 7d 5d] [Ah]
ARadiGO: bets $0.08
ganzxx1: calls $0.08
*** RIVER *** [9c 7d 5d Ah] [Kd]
ARadiGO: checks 
ganzxx1: bets $0.35
ARadiGO: folds 
Uncalled bet ($0.35) returned to ganzxx1
ganzxx1 collected $0.35 from pot
ganzxx1: doesn't show hand 
*** SUMMARY ***
Total pot $0.36 | Rake $0.01 
Board [9c 7d 5d Ah Kd]
Seat 1: RexHunt999 (button) folded before Flop (didn't bet)
Seat 2: ARadiGO (small blind) folded on the River
Seat 3: ganzxx1 (big blind) collected ($0.35)
Seat 4: Makgajwer folded before Flop (didn't bet)
Seat 5: Lorpugo folded before Flop (didn't bet)
Seat 6: Aryzer folded before Flop (didn't bet)



PokerStars Hand #240778926278:  Hold'em No Limit ($0.01/$0.02 USD) - 2022/12/29 14:15:52 ET
Table 'Eurydome III' 6-max Seat #2 is the button
Seat 1: RexHunt999 ($3.92 in chips) 
Seat 2: ARadiGO ($2.50 in chips) 
Seat 3: ganzxx1 ($3.17 in chips) 
Seat 4: Makgajwer ($2 in chips) 
Seat 5: Lorpugo ($2.26 in chips) 
Seat 6: Aryzer ($1.33 in chips) 
ganzxx1: posts small blind $0.01
Makgajwer: posts big blind $0.02
*** HOLE CARDS ***
Dealt to Lorpugo [Ah 3d]
Lorpugo: folds 
Aryzer: calls $0.02
Aryzer is disconnected 
RexHunt999: folds 
ARadiGO: raises $0.06 to $0.08
ganzxx1: folds 
Makgajwer: folds 
Aryzer is connected 
Aryzer: calls $0.06
*** FLOP *** [Ac 6d Qd]
Aryzer: checks 
ARadiGO: bets $0.09
Aryzer: folds 
Uncalled bet ($0.09) returned to ARadiGO
ARadiGO collected $0.18 from pot
*** SUMMARY ***
Total pot $0.19 | Rake $0.01 
Board [Ac 6d Qd]
Seat 1: RexHunt999 folded before Flop (didn't bet)
Seat 2: ARadiGO (button) collected ($0.18)
Seat 3: ganzxx1 (small blind) folded before Flop
Seat 4: Makgajwer (big blind) folded before Flop
Seat 5: Lorpugo folded before Flop (didn't bet)
Seat 6: Aryzer folded on the Flop



PokerStars Hand #240778947966:  Hold'em No Limit ($0.01/$0.02 USD) - 2022/12/29 14:16:46 ET
Table 'Eurydome III' 6-max Seat #3 is the button
Seat 1: RexHunt999 ($3.92 in chips) 
Seat 2: ARadiGO ($2.60 in chips) 
Seat 3: ganzxx1 ($3.16 in chips) 
Seat 4: Makgajwer ($2 in chips) 
Seat 5: Lorpugo ($2.26 in chips) 
Seat 6: Aryzer ($1.25 in chips) 
Makgajwer: posts small blind $0.01
Lorpugo: posts big blind $0.02
*** HOLE CARDS ***
Dealt to Lorpugo [Ah 4d]
Aryzer: raises $0.04 to $0.06
RexHunt999: folds 
ARadiGO: folds 
ganzxx1: folds 
Makgajwer: folds 
Lorpugo: calls $0.04
*** FLOP *** [4s 6c Jh]
Lorpugo: checks 
Aryzer: bets $0.07
Lorpugo: calls $0.07
*** TURN *** [4s 6c Jh] [9c]
Lorpugo: checks 
Aryzer: bets $0.13
Lorpugo: folds 
Uncalled bet ($0.13) returned to Aryzer
Aryzer collected $0.26 from pot
*** SUMMARY ***
Total pot $0.27 | Rake $0.01 
Board [4s 6c Jh 9c]
Seat 1: RexHunt999 folded before Flop (didn't bet)
Seat 2: ARadiGO folded before Flop (didn't bet)
Seat 3: ganzxx1 (button) folded before Flop (didn't bet)
Seat 4: Makgajwer (small blind) folded before Flop
Seat 5: Lorpugo (big blind) folded on the Turn
Seat 6: Aryzer collected ($0.26)



PokerStars Hand #240778969764:  Hold'em No Limit ($0.01/$0.02 USD) - 2022/12/29 14:17:40 ET
Table 'Eurydome III' 6-max Seat #4 is the button
Seat 1: RexHunt999 ($3.92 in chips) 
Seat 2: ARadiGO ($2.60 in chips) 
Seat 3: ganzxx1 ($3.16 in chips) 
Seat 4: Makgajwer ($2 in chips) 
Seat 5: Lorpugo ($2.13 in chips) 
Seat 6: Aryzer ($1.38 in chips) 
Lorpugo: posts small blind $0.01
Aryzer: posts big blind $0.02
*** HOLE CARDS ***
Dealt to Lorpugo [2d 9d]
RexHunt999: folds 
ARadiGO: raises $0.04 to $0.06
ganzxx1: calls $0.06
Makgajwer: folds 
Lorpugo: folds 
Aryzer: folds 
*** FLOP *** [7h 3s 8d]
Aryzer leaves the table
ARadiGO: bets $0.05
ganzxx1: calls $0.05
*** TURN *** [7h 3s 8d] [Kc]
MPut8 joins the table at seat #6 
ARadiGO: bets $0.12
ganzxx1: calls $0.12
*** RIVER *** [7h 3s 8d Kc] [Ad]
ARadiGO: bets $0.28
ganzxx1: calls $0.28
*** SHOW DOWN ***
ARadiGO: shows [Jh 9c] (high card Ace)
ganzxx1: shows [Qh Ks] (a pair of Kings)
ganzxx1 collected $1.01 from pot
*** SUMMARY ***
Total pot $1.05 | Rake $0.04 
Board [7h 3s 8d Kc Ad]
Seat 1: RexHunt999 folded before Flop (didn't bet)
Seat 2: ARadiGO showed [Jh 9c] and lost with high card Ace
Seat 3: ganzxx1 showed [Qh Ks] and won ($1.01) with a pair of Kings
Seat 4: Makgajwer (button) folded before Flop (didn't bet)
Seat 5: Lorpugo (small blind) folded before Flop
Seat 6: Aryzer (big blind) folded before Flop



PokerStars Hand #240778985826:  Hold'em No Limit ($0.01/$0.02 USD) - 2022/12/29 14:18:20 ET
Table 'Eurydome III' 6-max Seat #5 is the button
Seat 1: RexHunt999 ($3.92 in chips) 
Seat 2: ARadiGO ($2.09 in chips) 
Seat 3: ganzxx1 ($3.66 in chips) 
Seat 4: Makgajwer ($2 in chips) 
Seat 5: Lorpugo ($2.12 in chips) 
RexHunt999: posts small blind $0.01
ARadiGO: posts big blind $0.02
*** HOLE CARDS ***
Dealt to Lorpugo [6s 2c]
ganzxx1: raises $0.02 to $0.04
Makgajwer: folds 
Lorpugo: folds 
RexHunt999: folds 
ARadiGO: calls $0.02
*** FLOP *** [8c Jc 9c]
ARadiGO: checks 
ganzxx1: bets $0.02
ARadiGO: calls $0.02
*** TURN *** [8c Jc 9c] [8h]
ARadiGO: checks 
ganzxx1: bets $0.04
ARadiGO: raises $0.12 to $0.16
ganzxx1: calls $0.12
*** RIVER *** [8c Jc 9c 8h] [4c]
ARadiGO: checks 
ganzxx1: checks 
*** SHOW DOWN ***
ARadiGO: shows [8d 6d] (three of a kind, Eights)
ganzxx1: shows [As Qc] (a flush, Queen high)
ganzxx1 collected $0.43 from pot
*** SUMMARY ***
Total pot $0.45 | Rake $0.02 
Board [8c Jc 9c 8h 4c]
Seat 1: RexHunt999 (small blind) folded before Flop
Seat 2: ARadiGO (big blind) showed [8d 6d] and lost with three of a kind, Eights
Seat 3: ganzxx1 showed [As Qc] and won ($0.43) with a flush, Queen high
Seat 4: Makgajwer folded before Flop (didn't bet)
Seat 5: Lorpugo (button) folded before Flop (didn't bet)



PokerStars Hand #240779012718:  Hold'em No Limit ($0.01/$0.02 USD) - 2022/12/29 14:19:26 ET
Table 'Eurydome III' 6-max Seat #1 is the button
Seat 1: RexHunt999 ($3.91 in chips) 
Seat 2: ARadiGO ($1.87 in chips) 
Seat 3: ganzxx1 ($3.87 in chips) 
Seat 4: Makgajwer ($2 in chips) 
Seat 5: Lorpugo ($2.12 in chips) 
Seat 6: MPut8 ($2 in chips) 
ARadiGO: posts small blind $0.01
ganzxx1: posts big blind $0.02
MPut8: posts big blind $0.02
*** HOLE CARDS ***
Dealt to Lorpugo [As Kd]
Makgajwer: folds 
Lorpugo: raises $0.04 to $0.06
MPut8: calls $0.04
RexHunt999: folds 
ARadiGO: folds 
ganzxx1: folds 
*** FLOP *** [Ac Qc Qh]
Lorpugo: checks 
MPut8: checks 
*** TURN *** [Ac Qc Qh] [8c]
Lorpugo: bets $0.07
MPut8: calls $0.07
*** RIVER *** [Ac Qc Qh 8c] [5d]
Lorpugo: checks 
MPut8: checks 
*** SHOW DOWN ***
Lorpugo: shows [As Kd] (two pair, Aces and Queens)
MPut8: shows [9c Tc] (a flush, Ace high)
MPut8 collected $0.28 from pot
*** SUMMARY ***
Total pot $0.29 | Rake $0.01 
Board [Ac Qc Qh 8c 5d]
Seat 1: RexHunt999 (button) folded before Flop (didn't bet)
Seat 2: ARadiGO (small blind) folded before Flop
Seat 3: ganzxx1 (big blind) folded before Flop
Seat 4: Makgajwer folded before Flop (didn't bet)
Seat 5: Lorpugo showed [As Kd] and lost with two pair, Aces and Queens
Seat 6: MPut8 showed [9c Tc] and won ($0.28) with a flush, Ace high



PokerStars Hand #240779034075:  Hold'em No Limit ($0.01/$0.02 USD) - 2022/12/29 14:20:19 ET
Table 'Eurydome III' 6-max Seat #2 is the button
Seat 1: RexHunt999 ($3.91 in chips) 
Seat 2: ARadiGO ($1.99 in chips) 
Seat 3: ganzxx1 ($3.85 in chips) 
Seat 4: Makgajwer ($2 in chips) 
Seat 5: Lorpugo ($1.99 in chips) 
Seat 6: MPut8 ($2.15 in chips) 
ganzxx1: posts small blind $0.01
Makgajwer: posts big blind $0.02
*** HOLE CARDS ***
Dealt to Lorpugo [Qs 9h]
Lorpugo: folds 
MPut8: folds 
RexHunt999: raises $0.05 to $0.07
ARadiGO: folds 
ganzxx1: folds 
Makgajwer: folds 
Uncalled bet ($0.05) returned to RexHunt999
RexHunt999 collected $0.05 from pot
RexHunt999: doesn't show hand 
*** SUMMARY ***
Total pot $0.05 | Rake $0 
Seat 1: RexHunt999 collected ($0.05)
Seat 2: ARadiGO (button) folded before Flop (didn't bet)
Seat 3: ganzxx1 (small blind) folded before Flop
Seat 4: Makgajwer (big blind) folded before Flop
Seat 5: Lorpugo folded before Flop (didn't bet)
Seat 6: MPut8 folded before Flop (didn't bet)



PokerStars Hand #240779047339:  Hold'em No Limit ($0.01/$0.02 USD) - 2022/12/29 14:20:52 ET
Table 'Eurydome III' 6-max Seat #3 is the button
Seat 1: RexHunt999 ($3.94 in chips) 
Seat 2: ARadiGO ($1.99 in chips) 
Seat 3: ganzxx1 ($3.84 in chips) 
Seat 4: Makgajwer ($2 in chips) 
Seat 5: Lorpugo ($1.99 in chips) 
Seat 6: MPut8 ($2.15 in chips) 
Makgajwer: posts small blind $0.01
Lorpugo: posts big blind $0.02
*** HOLE CARDS ***
Dealt to Lorpugo [Js Ac]
MPut8: folds 
RexHunt999: folds 
ARadiGO: folds 
ganzxx1: folds 
Makgajwer: folds 
Uncalled bet ($0.01) returned to Lorpugo
Lorpugo collected $0.02 from pot
Lorpugo: doesn't show hand 
*** SUMMARY ***
Total pot $0.02 | Rake $0 
Seat 1: RexHunt999 folded before Flop (didn't bet)
Seat 2: ARadiGO folded before Flop (didn't bet)
Seat 3: ganzxx1 (button) folded before Flop (didn't bet)
Seat 4: Makgajwer (small blind) folded before Flop
Seat 5: Lorpugo (big blind) collected ($0.02)
Seat 6: MPut8 folded before Flop (didn't bet)



PokerStars Hand #240779053837:  Hold'em No Limit ($0.01/$0.02 USD) - 2022/12/29 14:21:08 ET
Table 'Eurydome III' 6-max Seat #4 is the button
Seat 1: RexHunt999 ($3.94 in chips) 
Seat 2: ARadiGO ($1.99 in chips) 
Seat 3: ganzxx1 ($3.84 in chips) 
Seat 4: Makgajwer ($2 in chips) 
Seat 5: Lorpugo ($2 in chips) 
Seat 6: MPut8 ($2.15 in chips) 
Lorpugo: posts small blind $0.01
MPut8: posts big blind $0.02
*** HOLE CARDS ***
Dealt to Lorpugo [Ac 8d]
RexHunt999: folds 
ARadiGO: folds 
ganzxx1: folds 
Makgajwer: folds 
Lorpugo: raises $0.04 to $0.06
MPut8: calls $0.04
*** FLOP *** [Ad 4h Jc]
Lorpugo: bets $0.06
MPut8: folds 
Uncalled bet ($0.06) returned to Lorpugo
Lorpugo collected $0.12 from pot
Lorpugo: doesn't show hand 
*** SUMMARY ***
Total pot $0.12 | Rake $0 
Board [Ad 4h Jc]
Seat 1: RexHunt999 folded before Flop (didn't bet)
Seat 2: ARadiGO folded before Flop (didn't bet)
Seat 3: ganzxx1 folded before Flop (didn't bet)
Seat 4: Makgajwer (button) folded before Flop (didn't bet)
Seat 5: Lorpugo (small blind) collected ($0.12)
Seat 6: MPut8 (big blind) folded on the Flop



PokerStars Hand #240779066843:  Hold'em No Limit ($0.01/$0.02 USD) - 2022/12/29 14:21:41 ET
Table 'Eurydome III' 6-max Seat #5 is the button
Seat 1: RexHunt999 ($3.94 in chips) 
Seat 2: ARadiGO ($1.99 in chips) 
Seat 3: ganzxx1 ($3.84 in chips) 
Seat 4: Makgajwer ($2 in chips) 
Seat 5: Lorpugo ($2.06 in chips) 
Seat 6: MPut8 ($2.09 in chips) 
MPut8: posts small blind $0.01
RexHunt999: posts big blind $0.02
*** HOLE CARDS ***
Dealt to Lorpugo [Kc 8s]
ARadiGO: raises $0.04 to $0.06
ganzxx1: folds 
Makgajwer: folds 
Lorpugo has timed out
Lorpugo: folds 
MPut8: folds 
RexHunt999: calls $0.04
*** FLOP *** [Kd 9c 5c]
RexHunt999: bets $0.09
ARadiGO: folds 
Uncalled bet ($0.09) returned to RexHunt999
RexHunt999 collected $0.13 from pot
RexHunt999: doesn't show hand 
*** SUMMARY ***
Total pot $0.13 | Rake $0 
Board [Kd 9c 5c]
Seat 1: RexHunt999 (big blind) collected ($0.13)
Seat 2: ARadiGO folded on the Flop
Seat 3: ganzxx1 folded before Flop (didn't bet)
Seat 4: Makgajwer folded before Flop (didn't bet)
Seat 5: Lorpugo (button) folded before Flop (didn't bet)
Seat 6: MPut8 (small blind) folded before Flop



PokerStars Hand #240779087962:  Hold'em No Limit ($0.01/$0.02 USD) - 2022/12/29 14:22:33 ET
Table 'Eurydome III' 6-max Seat #6 is the button
Seat 1: RexHunt999 ($4.01 in chips) 
Seat 2: ARadiGO ($1.93 in chips) 
Seat 3: ganzxx1 ($3.84 in chips) 
Seat 4: Makgajwer ($2 in chips) 
Seat 5: Lorpugo ($2.06 in chips) 
Seat 6: MPut8 ($2.08 in chips) 
RexHunt999: posts small blind $0.01
ARadiGO: posts big blind $0.02
*** HOLE CARDS ***
Dealt to Lorpugo [9c 2d]
ganzxx1: raises $0.02 to $0.04
Makgajwer: folds 
Lorpugo: folds 
MPut8: folds 
RexHunt999: folds 
ARadiGO: calls $0.02
*** FLOP *** [Js Ts 7s]
ARadiGO: checks 
ganzxx1: bets $0.09
ARadiGO: calls $0.09
*** TURN *** [Js Ts 7s] [Qs]
ARadiGO: checks 
ganzxx1: checks 
*** RIVER *** [Js Ts 7s Qs] [3c]
ARadiGO: checks 
ganzxx1: checks 
*** SHOW DOWN ***
ARadiGO: shows [Qh 9d] (a pair of Queens)
ganzxx1: shows [9h 8h] (a straight, Eight to Queen)
ganzxx1 collected $0.26 from pot
*** SUMMARY ***
Total pot $0.27 | Rake $0.01 
Board [Js Ts 7s Qs 3c]
Seat 1: RexHunt999 (small blind) folded before Flop
Seat 2: ARadiGO (big blind) showed [Qh 9d] and lost with a pair of Queens
Seat 3: ganzxx1 showed [9h 8h] and won ($0.26) with a straight, Eight to Queen
Seat 4: Makgajwer folded before Flop (didn't bet)
Seat 5: Lorpugo folded before Flop (didn't bet)
Seat 6: MPut8 (button) folded before Flop (didn't bet)



PokerStars Hand #240779106016:  Hold'em No Limit ($0.01/$0.02 USD) - 2022/12/29 14:23:18 ET
Table 'Eurydome III' 6-max Seat #1 is the button
Seat 1: RexHunt999 ($4 in chips) 
Seat 2: ARadiGO ($1.80 in chips) 
Seat 3: ganzxx1 ($3.97 in chips) 
Seat 4: Makgajwer ($2 in chips) 
Seat 5: Lorpugo ($2.06 in chips) 
Seat 6: MPut8 ($2.08 in chips) 
ARadiGO: posts small blind $0.01
ganzxx1: posts big blind $0.02
*** HOLE CARDS ***
Dealt to Lorpugo [9c Ah]
Makgajwer: folds 
Lorpugo: raises $0.04 to $0.06
MPut8: folds 
RexHunt999: calls $0.06
ARadiGO: folds 
ganzxx1: calls $0.04
*** FLOP *** [6s 9d 2h]
ganzxx1: checks 
Lorpugo: bets $0.18
RexHunt999: folds 
ganzxx1: folds 
Uncalled bet ($0.18) returned to Lorpugo
Lorpugo collected $0.18 from pot
Lorpugo: doesn't show hand 
*** SUMMARY ***
Total pot $0.19 | Rake $0.01 
Board [6s 9d 2h]
Seat 1: RexHunt999 (button) folded on the Flop
Seat 2: ARadiGO (small blind) folded before Flop
Seat 3: ganzxx1 (big blind) folded on the Flop
Seat 4: Makgajwer folded before Flop (didn't bet)
Seat 5: Lorpugo collected ($0.18)
Seat 6: MPut8 folded before Flop (didn't bet)



PokerStars Hand #240779128944:  Hold'em No Limit ($0.01/$0.02 USD) - 2022/12/29 14:24:15 ET
Table 'Eurydome III' 6-max Seat #2 is the button
Seat 1: RexHunt999 ($3.94 in chips) 
Seat 2: ARadiGO ($1.99 in chips) 
Seat 3: ganzxx1 ($3.91 in chips) 
Seat 4: Makgajwer ($2 in chips) 
Seat 5: Lorpugo ($2.18 in chips) 
Seat 6: MPut8 ($2.08 in chips) 
ganzxx1: posts small blind $0.01
Makgajwer: posts big blind $0.02
*** HOLE CARDS ***
Dealt to Lorpugo [8c Jh]
Lorpugo: folds 
MPut8: calls $0.02
RexHunt999: raises $0.08 to $0.10
ARadiGO: folds 
ganzxx1: folds 
Makgajwer: folds 
MPut8: folds 
Uncalled bet ($0.08) returned to RexHunt999
RexHunt999 collected $0.07 from pot
RexHunt999: doesn't show hand 
*** SUMMARY ***
Total pot $0.07 | Rake $0 
Seat 1: RexHunt999 collected ($0.07)
Seat 2: ARadiGO (button) folded before Flop (didn't bet)
Seat 3: ganzxx1 (small blind) folded before Flop
Seat 4: Makgajwer (big blind) folded before Flop
Seat 5: Lorpugo folded before Flop (didn't bet)
Seat 6: MPut8 folded before Flop



PokerStars Hand #240779138913:  Hold'em No Limit ($0.01/$0.02 USD) - 2022/12/29 14:24:40 ET
Table 'Eurydome III' 6-max Seat #3 is the button
Seat 1: RexHunt999 ($3.99 in chips) 
Seat 2: ARadiGO ($1.99 in chips) 
Seat 3: ganzxx1 ($3.90 in chips) 
Seat 4: Makgajwer ($2 in chips) 
Seat 5: Lorpugo ($2.18 in chips) 
Seat 6: MPut8 ($2.06 in chips) 
Makgajwer: posts small blind $0.01
Lorpugo: posts big blind $0.02
*** HOLE CARDS ***
Dealt to Lorpugo [4d Tc]
MPut8: folds 
RexHunt999: folds 
ARadiGO: folds 
ganzxx1: folds 
Makgajwer: folds 
Uncalled bet ($0.01) returned to Lorpugo
Lorpugo collected $0.02 from pot
Lorpugo: doesn't show hand 
*** SUMMARY ***
Total pot $0.02 | Rake $0 
Seat 1: RexHunt999 folded before Flop (didn't bet)
Seat 2: ARadiGO folded before Flop (didn't bet)
Seat 3: ganzxx1 (button) folded before Flop (didn't bet)
Seat 4: Makgajwer (small blind) folded before Flop
Seat 5: Lorpugo (big blind) collected ($0.02)
Seat 6: MPut8 folded before Flop (didn't bet)



PokerStars Hand #240779143286:  Hold'em No Limit ($0.01/$0.02 USD) - 2022/12/29 14:24:51 ET
Table 'Eurydome III' 6-max Seat #4 is the button
Seat 1: RexHunt999 ($3.99 in chips) 
Seat 2: ARadiGO ($1.99 in chips) 
Seat 3: ganzxx1 ($3.90 in chips) 
Seat 4: Makgajwer ($2 in chips) 
Seat 5: Lorpugo ($2.19 in chips) 
Seat 6: MPut8 ($2.06 in chips) 
Lorpugo: posts small blind $0.01
MPut8: posts big blind $0.02
*** HOLE CARDS ***
Dealt to Lorpugo [2c Tc]
RexHunt999: folds 
ARadiGO: folds 
ganzxx1: calls $0.02
Makgajwer: raises $0.05 to $0.07
Lorpugo: folds 
MPut8: calls $0.05
ganzxx1: calls $0.05
*** FLOP *** [2d 3h Jd]
MPut8: checks 
ganzxx1: checks 
Makgajwer: checks 
*** TURN *** [2d 3h Jd] [4d]
MPut8: checks 
ganzxx1: bets $0.08
Makgajwer: folds 
MPut8: folds 
Uncalled bet ($0.08) returned to ganzxx1
ganzxx1 collected $0.21 from pot
ganzxx1: doesn't show hand 
*** SUMMARY ***
Total pot $0.22 | Rake $0.01 
Board [2d 3h Jd 4d]
Seat 1: RexHunt999 folded before Flop (didn't bet)
Seat 2: ARadiGO folded before Flop (didn't bet)
Seat 3: ganzxx1 collected ($0.21)
Seat 4: Makgajwer (button) folded on the Turn
Seat 5: Lorpugo (small blind) folded before Flop
Seat 6: MPut8 (big blind) folded on the Turn



PokerStars Hand #240779171280:  Hold'em No Limit ($0.01/$0.02 USD) - 2022/12/29 14:26:02 ET
Table 'Eurydome III' 6-max Seat #5 is the button
Seat 1: RexHunt999 ($3.99 in chips) 
Seat 2: ARadiGO ($2 in chips) 
Seat 3: ganzxx1 ($4.04 in chips) 
Seat 4: Makgajwer ($2 in chips) 
Seat 5: Lorpugo ($2.18 in chips) 
Seat 6: MPut8 ($1.99 in chips) 
MPut8: posts small blind $0.01
RexHunt999: posts big blind $0.02
*** HOLE CARDS ***
Dealt to Lorpugo [6h Qd]
ARadiGO: raises $0.04 to $0.06
ganzxx1: folds 
Makgajwer: folds 
Lorpugo: folds 
MPut8: folds 
RexHunt999: folds 
Uncalled bet ($0.04) returned to ARadiGO
ARadiGO collected $0.05 from pot
*** SUMMARY ***
Total pot $0.05 | Rake $0 
Seat 1: RexHunt999 (big blind) folded before Flop
Seat 2: ARadiGO collected ($0.05)
Seat 3: ganzxx1 folded before Flop (didn't bet)
Seat 4: Makgajwer folded before Flop (didn't bet)
Seat 5: Lorpugo (button) folded before Flop (didn't bet)
Seat 6: MPut8 (small blind) folded before Flop



PokerStars Hand #240779179565:  Hold'em No Limit ($0.01/$0.02 USD) - 2022/12/29 14:26:22 ET
Table 'Eurydome III' 6-max Seat #6 is the button
Seat 1: RexHunt999 ($3.97 in chips) 
Seat 2: ARadiGO ($2.03 in chips) 
Seat 3: ganzxx1 ($4.04 in chips) 
Seat 4: Makgajwer ($2 in chips) 
Seat 5: Lorpugo ($2.18 in chips) 
Seat 6: MPut8 ($1.98 in chips) 
RexHunt999: posts small blind $0.01
ARadiGO: posts big blind $0.02
*** HOLE CARDS ***
Dealt to Lorpugo [Jc Ah]
ganzxx1: calls $0.02
Makgajwer: folds 
Lorpugo: raises $0.07 to $0.09
MPut8: folds 
RexHunt999: folds 
ARadiGO: calls $0.07
ganzxx1: folds 
*** FLOP *** [2s 9d 2d]
ARadiGO: checks 
Lorpugo: bets $0.10
ARadiGO: calls $0.10
*** TURN *** [2s 9d 2d] [Jd]
ARadiGO: checks 
Lorpugo: bets $0.20
ARadiGO: calls $0.20
*** RIVER *** [2s 9d 2d Jd] [6h]
ARadiGO: checks 
Lorpugo: checks 
*** SHOW DOWN ***
ARadiGO: shows [8h 8c] (two pair, Eights and Deuces)
Lorpugo: shows [Jc Ah] (two pair, Jacks and Deuces)
Lorpugo collected $0.78 from pot
*** SUMMARY ***
Total pot $0.81 | Rake $0.03 
Board [2s 9d 2d Jd 6h]
Seat 1: RexHunt999 (small blind) folded before Flop
Seat 2: ARadiGO (big blind) showed [8h 8c] and lost with two pair, Eights and Deuces
Seat 3: ganzxx1 folded before Flop
Seat 4: Makgajwer folded before Flop (didn't bet)
Seat 5: Lorpugo showed [Jc Ah] and won ($0.78) with two pair, Jacks and Deuces
Seat 6: MPut8 (button) folded before Flop (didn't bet)



PokerStars Hand #240779202119:  Hold'em No Limit ($0.01/$0.02 USD) - 2022/12/29 14:27:19 ET
Table 'Eurydome III' 6-max Seat #1 is the button
Seat 1: RexHunt999 ($3.96 in chips) 
Seat 2: ARadiGO ($1.64 in chips) 
Seat 3: ganzxx1 ($4.02 in chips) 
Seat 4: Makgajwer ($2 in chips) 
Seat 5: Lorpugo ($2.57 in chips) 
Seat 6: MPut8 ($1.98 in chips) 
ARadiGO: posts small blind $0.01
ganzxx1: posts big blind $0.02
*** HOLE CARDS ***
Dealt to Lorpugo [2h 7h]
Makgajwer: folds 
Lorpugo: folds 
MPut8: folds 
RexHunt999: folds 
ARadiGO: raises $0.04 to $0.06
ganzxx1: folds 
Uncalled bet ($0.04) returned to ARadiGO
ARadiGO collected $0.04 from pot
*** SUMMARY ***
Total pot $0.04 | Rake $0 
Seat 1: RexHunt999 (button) folded before Flop (didn't bet)
Seat 2: ARadiGO (small blind) collected ($0.04)
Seat 3: ganzxx1 (big blind) folded before Flop
Seat 4: Makgajwer folded before Flop (didn't bet)
Seat 5: Lorpugo folded before Flop (didn't bet)
Seat 6: MPut8 folded before Flop (didn't bet)



PokerStars Hand #240779208635:  Hold'em No Limit ($0.01/$0.02 USD) - 2022/12/29 14:27:36 ET
Table 'Eurydome III' 6-max Seat #2 is the button
Seat 1: RexHunt999 ($3.96 in chips) 
Seat 2: ARadiGO ($2 in chips) 
Seat 3: ganzxx1 ($4 in chips) 
Seat 4: Makgajwer ($2 in chips) 
Seat 5: Lorpugo ($2.57 in chips) 
Seat 6: MPut8 ($1.98 in chips) 
ganzxx1: posts small blind $0.01
Makgajwer: posts big blind $0.02
*** HOLE CARDS ***
Dealt to Lorpugo [4s 9c]
Lorpugo: folds 
MPut8: folds 
RexHunt999: folds 
ARadiGO: folds 
ganzxx1: calls $0.01
Makgajwer: raises $0.05 to $0.07
ganzxx1: folds 
Uncalled bet ($0.05) returned to Makgajwer
Makgajwer collected $0.04 from pot
Makgajwer: doesn't show hand 
*** SUMMARY ***
Total pot $0.04 | Rake $0 
Seat 1: RexHunt999 folded before Flop (didn't bet)
Seat 2: ARadiGO (button) folded before Flop (didn't bet)
Seat 3: ganzxx1 (small blind) folded before Flop
Seat 4: Makgajwer (big blind) collected ($0.04)
Seat 5: Lorpugo folded before Flop (didn't bet)
Seat 6: MPut8 folded before Flop (didn't bet)



PokerStars Hand #240779220555:  Hold'em No Limit ($0.01/$0.02 USD) - 2022/12/29 14:28:06 ET
Table 'Eurydome III' 6-max Seat #3 is the button
Seat 1: RexHunt999 ($3.96 in chips) 
Seat 2: ARadiGO ($2 in chips) 
Seat 3: ganzxx1 ($3.98 in chips) 
Seat 4: Makgajwer ($2.02 in chips) 
Seat 5: Lorpugo ($2.57 in chips) 
Seat 6: MPut8 ($1.98 in chips) 
Makgajwer: posts small blind $0.01
Lorpugo: posts big blind $0.02
*** HOLE CARDS ***
Dealt to Lorpugo [Qd 5h]
MPut8: folds 
RexHunt999: raises $0.05 to $0.07
ARadiGO: folds 
ganzxx1: folds 
Makgajwer: folds 
Lorpugo: folds 
Uncalled bet ($0.05) returned to RexHunt999
RexHunt999 collected $0.05 from pot
RexHunt999: doesn't show hand 
*** SUMMARY ***
Total pot $0.05 | Rake $0 
Seat 1: RexHunt999 collected ($0.05)
Seat 2: ARadiGO folded before Flop (didn't bet)
Seat 3: ganzxx1 (button) folded before Flop (didn't bet)
Seat 4: Makgajwer (small blind) folded before Flop
Seat 5: Lorpugo (big blind) folded before Flop
Seat 6: MPut8 folded before Flop (didn't bet)



PokerStars Hand #240779230554:  Hold'em No Limit ($0.01/$0.02 USD) - 2022/12/29 14:28:32 ET
Table 'Eurydome III' 6-max Seat #4 is the button
Seat 1: RexHunt999 ($3.99 in chips) 
Seat 2: ARadiGO ($2 in chips) 
Seat 3: ganzxx1 ($3.98 in chips) 
Seat 4: Makgajwer ($2.01 in chips) 
Seat 5: Lorpugo ($2.55 in chips) 
Seat 6: MPut8 ($1.98 in chips) 
Lorpugo: posts small blind $0.01
MPut8: posts big blind $0.02
*** HOLE CARDS ***
Dealt to Lorpugo [2h 8s]
RexHunt999: raises $0.05 to $0.07
ARadiGO: folds 
ganzxx1: folds 
Makgajwer: folds 
Lorpugo: folds 
MPut8: calls $0.05
*** FLOP *** [4s 2c Kc]
MPut8: checks 
RexHunt999: checks 
*** TURN *** [4s 2c Kc] [8d]
MPut8: checks 
RexHunt999: checks 
*** RIVER *** [4s 2c Kc 8d] [Qd]
MPut8: checks 
RexHunt999: bets $0.17
MPut8: folds 
Uncalled bet ($0.17) returned to RexHunt999
RexHunt999 collected $0.14 from pot
RexHunt999: doesn't show hand 
*** SUMMARY ***
Total pot $0.15 | Rake $0.01 
Board [4s 2c Kc 8d Qd]
Seat 1: RexHunt999 collected ($0.14)
Seat 2: ARadiGO folded before Flop (didn't bet)
Seat 3: ganzxx1 folded before Flop (didn't bet)
Seat 4: Makgajwer (button) folded before Flop (didn't bet)
Seat 5: Lorpugo (small blind) folded before Flop
Seat 6: MPut8 (big blind) folded on the River



PokerStars Hand #240779254383:  Hold'em No Limit ($0.01/$0.02 USD) - 2022/12/29 14:29:33 ET
Table 'Eurydome III' 6-max Seat #5 is the button
Seat 1: RexHunt999 ($4.06 in chips) 
Seat 2: ARadiGO ($2 in chips) 
Seat 3: ganzxx1 ($3.98 in chips) 
Seat 4: Makgajwer ($2.01 in chips) 
Seat 5: Lorpugo ($2.54 in chips) 
Seat 6: MPut8 ($1.91 in chips) 
MPut8: posts small blind $0.01
RexHunt999: posts big blind $0.02
*** HOLE CARDS ***
Dealt to Lorpugo [7h 7d]
ARadiGO: raises $0.04 to $0.06
ganzxx1: raises $0.04 to $0.10
Makgajwer: folds 
Lorpugo: calls $0.10
MPut8: folds 
RexHunt999: folds 
ARadiGO: calls $0.04
*** FLOP *** [3c Kc Qd]
ARadiGO: checks 
ganzxx1: bets $3.88 and is all-in
Lorpugo: folds 
ARadiGO: folds 
Uncalled bet ($3.88) returned to ganzxx1
ganzxx1 collected $0.32 from pot
ganzxx1: doesn't show hand 
*** SUMMARY ***
Total pot $0.33 | Rake $0.01 
Board [3c Kc Qd]
Seat 1: RexHunt999 (big blind) folded before Flop
Seat 2: ARadiGO folded on the Flop
Seat 3: ganzxx1 collected ($0.32)
Seat 4: Makgajwer folded before Flop (didn't bet)
Seat 5: Lorpugo (button) folded on the Flop
Seat 6: MPut8 (small blind) folded before Flop



PokerStars Hand #240779275979:  Hold'em No Limit ($0.01/$0.02 USD) - 2022/12/29 14:30:26 ET
Table 'Eurydome III' 6-max Seat #6 is the button
Seat 1: RexHunt999 ($4.04 in chips) 
Seat 2: ARadiGO ($1.90 in chips) 
Seat 3: ganzxx1 ($4.20 in chips) 
Seat 4: Makgajwer ($2.01 in chips) 
Seat 5: Lorpugo ($2.44 in chips) 
Seat 6: MPut8 ($1.90 in chips) 
RexHunt999: posts small blind $0.01
ARadiGO: posts big blind $0.02
*** HOLE CARDS ***
Dealt to Lorpugo [7d Ah]
ganzxx1: folds 
Makgajwer: folds 
Lorpugo: raises $0.04 to $0.06
MPut8: calls $0.06
RexHunt999: folds 
ARadiGO: calls $0.04
*** FLOP *** [Jc 3s Qd]
ARadiGO: checks 
Lorpugo: checks 
MPut8: checks 
*** TURN *** [Jc 3s Qd] [8s]
ARadiGO: checks 
Lorpugo: checks 
MPut8: checks 
*** RIVER *** [Jc 3s Qd 8s] [Kc]
ARadiGO: checks 
Lorpugo: checks 
MPut8: checks 
*** SHOW DOWN ***
ARadiGO: shows [2d 3d] (a pair of Threes)
Lorpugo: mucks hand 
MPut8: mucks hand 
ARadiGO collected $0.18 from pot
*** SUMMARY ***
Total pot $0.19 | Rake $0.01 
Board [Jc 3s Qd 8s Kc]
Seat 1: RexHunt999 (small blind) folded before Flop
Seat 2: ARadiGO (big blind) showed [2d 3d] and won ($0.18) with a pair of Threes
Seat 3: ganzxx1 folded before Flop (didn't bet)
Seat 4: Makgajwer folded before Flop (didn't bet)
Seat 5: Lorpugo mucked [7d Ah]
Seat 6: MPut8 (button) mucked [9s 4s]



PokerStars Hand #240779300124:  Hold'em No Limit ($0.01/$0.02 USD) - 2022/12/29 14:31:24 ET
Table 'Eurydome III' 6-max Seat #1 is the button
Seat 1: RexHunt999 ($4.03 in chips) 
Seat 2: ARadiGO ($2.02 in chips) 
Seat 3: ganzxx1 ($4.20 in chips) 
Seat 4: Makgajwer ($2.01 in chips) 
Seat 5: Lorpugo ($2.38 in chips) 
Seat 6: MPut8 ($1.84 in chips) 
ARadiGO: posts small blind $0.01
ganzxx1: posts big blind $0.02
*** HOLE CARDS ***
Dealt to Lorpugo [Qc Jc]
Makgajwer: raises $0.03 to $0.05
Lorpugo: calls $0.05
MPut8 has timed out
MPut8: folds 
RexHunt999: folds 
ARadiGO: folds 
ganzxx1: calls $0.03
*** FLOP *** [4h 5s 2h]
ganzxx1: checks 
Makgajwer: bets $0.05
Lorpugo: folds 
ganzxx1: calls $0.05
*** TURN *** [4h 5s 2h] [Jh]
ganzxx1: checks 
Makgajwer: checks 
*** RIVER *** [4h 5s 2h Jh] [Jd]
ganzxx1: bets $0.02
Makgajwer: raises $0.10 to $0.12
ganzxx1: folds 
Uncalled bet ($0.10) returned to Makgajwer
Makgajwer collected $0.29 from pot
Makgajwer: doesn't show hand 
*** SUMMARY ***
Total pot $0.30 | Rake $0.01 
Board [4h 5s 2h Jh Jd]
Seat 1: RexHunt999 (button) folded before Flop (didn't bet)
Seat 2: ARadiGO (small blind) folded before Flop
Seat 3: ganzxx1 (big blind) folded on the River
Seat 4: Makgajwer collected ($0.29)
Seat 5: Lorpugo folded on the Flop
Seat 6: MPut8 folded before Flop (didn't bet)



PokerStars Hand #240779337635:  Hold'em No Limit ($0.01/$0.02 USD) - 2022/12/29 14:32:55 ET
Table 'Eurydome III' 6-max Seat #2 is the button
Seat 1: RexHunt999 ($4.03 in chips) 
Seat 2: ARadiGO ($2.01 in chips) 
Seat 3: ganzxx1 ($4.08 in chips) 
Seat 4: Makgajwer ($2.18 in chips) 
Seat 5: Lorpugo ($2.33 in chips) 
Seat 6: MPut8 ($1.84 in chips) 
ganzxx1: posts small blind $0.01
Makgajwer: posts big blind $0.02
*** HOLE CARDS ***
Dealt to Lorpugo [9s Jc]
Lorpugo: folds 
MPut8: raises $0.05 to $0.07
RexHunt999: folds 
ARadiGO: folds 
ganzxx1: folds 
Makgajwer: folds 
Uncalled bet ($0.05) returned to MPut8
MPut8 collected $0.05 from pot
*** SUMMARY ***
Total pot $0.05 | Rake $0 
Seat 1: RexHunt999 folded before Flop (didn't bet)
Seat 2: ARadiGO (button) folded before Flop (didn't bet)
Seat 3: ganzxx1 (small blind) folded before Flop
Seat 4: Makgajwer (big blind) folded before Flop
Seat 5: Lorpugo folded before Flop (didn't bet)
Seat 6: MPut8 collected ($0.05)



PokerStars Hand #240779348290:  Hold'em No Limit ($0.01/$0.02 USD) - 2022/12/29 14:33:20 ET
Table 'Eurydome III' 6-max Seat #3 is the button
Seat 1: RexHunt999 ($4.03 in chips) 
Seat 2: ARadiGO ($2.01 in chips) 
Seat 3: ganzxx1 ($4.07 in chips) 
Seat 4: Makgajwer ($2.16 in chips) 
Seat 5: Lorpugo ($2.33 in chips) 
Seat 6: MPut8 ($1.87 in chips) 
Makgajwer: posts small blind $0.01
Lorpugo: posts big blind $0.02
*** HOLE CARDS ***
Dealt to Lorpugo [5d As]
MPut8: folds 
RexHunt999: folds 
ARadiGO: raises $0.04 to $0.06
ganzxx1: calls $0.06
Makgajwer: calls $0.05
Lorpugo: calls $0.04
*** FLOP *** [7s 4h 8c]
Makgajwer: checks 
Lorpugo: checks 
ARadiGO: bets $0.12
ganzxx1: folds 
Makgajwer: folds 
ganzxx1 leaves the table
Lorpugo: calls $0.12
*** TURN *** [7s 4h 8c] [8s]
Lorpugo: checks 
ARadiGO: checks 
*** RIVER *** [7s 4h 8c 8s] [Kd]
zensi0_1 joins the table at seat #3 
Lorpugo: bets $0.32
ARadiGO: folds 
Uncalled bet ($0.32) returned to Lorpugo
Lorpugo collected $0.46 from pot
Lorpugo: doesn't show hand 
*** SUMMARY ***
Total pot $0.48 | Rake $0.02 
Board [7s 4h 8c 8s Kd]
Seat 1: RexHunt999 folded before Flop (didn't bet)
Seat 2: ARadiGO folded on the River
Seat 3: ganzxx1 (button) folded on the Flop
Seat 4: Makgajwer (small blind) folded on the Flop
Seat 5: Lorpugo (big blind) collected ($0.46)
Seat 6: MPut8 folded before Flop (didn't bet)



PokerStars Hand #240779386833:  Hold'em No Limit ($0.01/$0.02 USD) - 2022/12/29 14:34:53 ET
Table 'Eurydome III' 6-max Seat #4 is the button
Seat 1: RexHunt999 ($4.03 in chips) 
Seat 2: ARadiGO ($1.83 in chips) 
Seat 3: zensi0_1 ($1.60 in chips) 
Seat 4: Makgajwer ($2.10 in chips) 
Seat 5: Lorpugo ($2.61 in chips) 
Seat 6: MPut8 ($2 in chips) 
Lorpugo: posts small blind $0.01
MPut8: posts big blind $0.02
zensi0_1: posts big blind $0.02
*** HOLE CARDS ***
Dealt to Lorpugo [Jd 5s]
RexHunt999: raises $0.05 to $0.07
ARadiGO: folds 
zensi0_1: folds 
Makgajwer: folds 
Lorpugo: folds 
MPut8: calls $0.05
*** FLOP *** [9c 9d 7d]
MPut8: checks 
RexHunt999: checks 
*** TURN *** [9c 9d 7d] [8s]
MPut8: checks 
RexHunt999: checks 
*** RIVER *** [9c 9d 7d 8s] [Td]
MPut8: checks 
RexHunt999: checks 
*** SHOW DOWN ***
MPut8: shows [7s As] (two pair, Nines and Sevens)
RexHunt999: mucks hand 
MPut8 collected $0.16 from pot
*** SUMMARY ***
Total pot $0.17 | Rake $0.01 
Board [9c 9d 7d 8s Td]
Seat 1: RexHunt999 mucked [Qs Ac]
Seat 2: ARadiGO folded before Flop (didn't bet)
Seat 3: zensi0_1 folded before Flop (didn't bet)
Seat 4: Makgajwer (button) folded before Flop (didn't bet)
Seat 5: Lorpugo (small blind) folded before Flop
Seat 6: MPut8 (big blind) showed [7s As] and won ($0.16) with two pair, Nines and Sevens



PokerStars Hand #240779415059:  Hold'em No Limit ($0.01/$0.02 USD) - 2022/12/29 14:36:00 ET
Table 'Eurydome III' 6-max Seat #5 is the button
Seat 1: RexHunt999 ($3.96 in chips) 
Seat 2: ARadiGO ($2 in chips) 
Seat 3: zensi0_1 ($1.58 in chips) 
Seat 4: Makgajwer ($2.10 in chips) 
Seat 5: Lorpugo ($2.60 in chips) 
Seat 6: MPut8 ($2.09 in chips) 
MPut8: posts small blind $0.01
RexHunt999: posts big blind $0.02
*** HOLE CARDS ***
Dealt to Lorpugo [3d 9d]
ARadiGO: folds 
zensi0_1: raises $0.08 to $0.10
Makgajwer: folds 
Lorpugo: folds 
MPut8: raises $0.22 to $0.32
RexHunt999: folds 
zensi0_1: calls $0.22
*** FLOP *** [Ts Jd Qs]
MPut8: checks 
zensi0_1: checks 
*** TURN *** [Ts Jd Qs] [4s]
MPut8: checks 
zensi0_1: checks 
*** RIVER *** [Ts Jd Qs 4s] [3h]
MPut8: checks 
zensi0_1: checks 
*** SHOW DOWN ***
MPut8: shows [4h Ah] (a pair of Fours)
zensi0_1: shows [8d 8c] (a pair of Eights)
zensi0_1 collected $0.64 from pot
*** SUMMARY ***
Total pot $0.66 | Rake $0.02 
Board [Ts Jd Qs 4s 3h]
Seat 1: RexHunt999 (big blind) folded before Flop
Seat 2: ARadiGO folded before Flop (didn't bet)
Seat 3: zensi0_1 showed [8d 8c] and won ($0.64) with a pair of Eights
Seat 4: Makgajwer folded before Flop (didn't bet)
Seat 5: Lorpugo (button) folded before Flop (didn't bet)
Seat 6: MPut8 (small blind) showed [4h Ah] and lost with a pair of Fours



PokerStars Hand #240779442579:  Hold'em No Limit ($0.01/$0.02 USD) - 2022/12/29 14:37:05 ET
Table 'Eurydome III' 6-max Seat #6 is the button
Seat 1: RexHunt999 ($3.94 in chips) 
Seat 2: ARadiGO ($2 in chips) 
Seat 3: zensi0_1 ($1.90 in chips) 
Seat 4: Makgajwer ($2.10 in chips) 
Seat 5: Lorpugo ($2.60 in chips) 
Seat 6: MPut8 ($1.77 in chips) 
RexHunt999: posts small blind $0.01
ARadiGO: posts big blind $0.02
*** HOLE CARDS ***
Dealt to Lorpugo [Jc 5c]
zensi0_1: folds 
Makgajwer: raises $0.03 to $0.05
Lorpugo: folds 
MPut8: folds 
RexHunt999: raises $0.09 to $0.14
ARadiGO: folds 
Makgajwer: calls $0.09
*** FLOP *** [Td 2d 4c]
RexHunt999: bets $0.19
Makgajwer: calls $0.19
*** TURN *** [Td 2d 4c] [Kc]
RexHunt999: checks 
Makgajwer: checks 
*** RIVER *** [Td 2d 4c Kc] [8s]
RexHunt999: bets $0.44
Makgajwer: folds 
Uncalled bet ($0.44) returned to RexHunt999
RexHunt999 collected $0.66 from pot
RexHunt999: doesn't show hand 
*** SUMMARY ***
Total pot $0.68 | Rake $0.02 
Board [Td 2d 4c Kc 8s]
Seat 1: RexHunt999 (small blind) collected ($0.66)
Seat 2: ARadiGO (big blind) folded before Flop
Seat 3: zensi0_1 folded before Flop (didn't bet)
Seat 4: Makgajwer folded on the River
Seat 5: Lorpugo folded before Flop (didn't bet)
Seat 6: MPut8 (button) folded before Flop (didn't bet)



PokerStars Hand #240779472057:  Hold'em No Limit ($0.01/$0.02 USD) - 2022/12/29 14:38:15 ET
Table 'Eurydome III' 6-max Seat #1 is the button
Seat 1: RexHunt999 ($4.27 in chips) 
Seat 2: ARadiGO ($1.98 in chips) 
Seat 3: zensi0_1 ($1.90 in chips) 
Seat 4: Makgajwer ($2 in chips) 
Seat 5: Lorpugo ($2.60 in chips) 
Seat 6: MPut8 ($1.77 in chips) 
ARadiGO: posts small blind $0.01
zensi0_1: posts big blind $0.02
*** HOLE CARDS ***
Dealt to Lorpugo [2d Tc]
Makgajwer: folds 
Lorpugo: folds 
MPut8 has timed out
MPut8: folds 
RexHunt999: raises $0.05 to $0.07
ARadiGO: folds 
zensi0_1: calls $0.05
*** FLOP *** [As Ah Qc]
zensi0_1: bets $0.10
RexHunt999: folds 
Uncalled bet ($0.10) returned to zensi0_1
zensi0_1 collected $0.14 from pot
zensi0_1: doesn't show hand 
*** SUMMARY ***
Total pot $0.15 | Rake $0.01 
Board [As Ah Qc]
Seat 1: RexHunt999 (button) folded on the Flop
Seat 2: ARadiGO (small blind) folded before Flop
Seat 3: zensi0_1 (big blind) collected ($0.14)
Seat 4: Makgajwer folded before Flop (didn't bet)
Seat 5: Lorpugo folded before Flop (didn't bet)
Seat 6: MPut8 folded before Flop (didn't bet)



PokerStars Hand #240779491089:  Hold'em No Limit ($0.01/$0.02 USD) - 2022/12/29 14:38:59 ET
Table 'Eurydome III' 6-max Seat #2 is the button
Seat 1: RexHunt999 ($4.20 in chips) 
Seat 2: ARadiGO ($2 in chips) 
Seat 3: zensi0_1 ($1.97 in chips) 
Seat 4: Makgajwer ($2 in chips) 
Seat 5: Lorpugo ($2.60 in chips) 
zensi0_1: posts small blind $0.01
Makgajwer: posts big blind $0.02
*** HOLE CARDS ***
Dealt to Lorpugo [2h Ts]
Lorpugo: folds 
RexHunt999: folds 
ARadiGO: raises $0.04 to $0.06
zensi0_1: folds 
Makgajwer: calls $0.04
*** FLOP *** [Ac Ad 5h]
Makgajwer: checks 
ARadiGO: bets $0.05
Makgajwer: folds 
Uncalled bet ($0.05) returned to ARadiGO
ARadiGO collected $0.13 from pot
*** SUMMARY ***
Total pot $0.13 | Rake $0 
Board [Ac Ad 5h]
Seat 1: RexHunt999 folded before Flop (didn't bet)
Seat 2: ARadiGO (button) collected ($0.13)
Seat 3: zensi0_1 (small blind) folded before Flop
Seat 4: Makgajwer (big blind) folded on the Flop
Seat 5: Lorpugo folded before Flop (didn't bet)



PokerStars Hand #240779510943:  Hold'em No Limit ($0.01/$0.02 USD) - 2022/12/29 14:39:46 ET
Table 'Eurydome III' 6-max Seat #3 is the button
Seat 1: RexHunt999 ($4.20 in chips) 
Seat 2: ARadiGO ($2.07 in chips) 
Seat 3: zensi0_1 ($1.96 in chips) 
Seat 4: Makgajwer ($2 in chips) 
Seat 5: Lorpugo ($2.60 in chips) 
Seat 6: MPut8 ($1.77 in chips) 
Makgajwer: posts small blind $0.01
Lorpugo: posts big blind $0.02
*** HOLE CARDS ***
Dealt to Lorpugo [9s Jd]
MPut8: folds 
RexHunt999: folds 
ARadiGO: folds 
zensi0_1: calls $0.02
Makgajwer: folds 
Lorpugo: checks 
*** FLOP *** [9d As 2h]
Lorpugo: checks 
zensi0_1: bets $0.02
Lorpugo: calls $0.02
*** TURN *** [9d As 2h] [9h]
Lorpugo: checks 
zensi0_1: bets $0.02
Lorpugo: raises $0.07 to $0.09
zensi0_1: calls $0.07
*** RIVER *** [9d As 2h 9h] [Jh]
Lorpugo: bets $2.47 and is all-in
zensi0_1: folds 
Uncalled bet ($2.47) returned to Lorpugo
Lorpugo collected $0.26 from pot
Lorpugo: doesn't show hand 
*** SUMMARY ***
Total pot $0.27 | Rake $0.01 
Board [9d As 2h 9h Jh]
Seat 1: RexHunt999 folded before Flop (didn't bet)
Seat 2: ARadiGO folded before Flop (didn't bet)
Seat 3: zensi0_1 (button) folded on the River
Seat 4: Makgajwer (small blind) folded before Flop
Seat 5: Lorpugo (big blind) collected ($0.26)
Seat 6: MPut8 folded before Flop (didn't bet)



PokerStars Hand #240779534404:  Hold'em No Limit ($0.01/$0.02 USD) - 2022/12/29 14:40:41 ET
Table 'Eurydome III' 6-max Seat #4 is the button
Seat 1: RexHunt999 ($4.20 in chips) 
Seat 2: ARadiGO ($2.07 in chips) 
Seat 3: zensi0_1 ($1.83 in chips) 
Seat 4: Makgajwer ($2 in chips) 
Seat 5: Lorpugo ($2.73 in chips) 
Seat 6: MPut8 ($2 in chips) 
Lorpugo: posts small blind $0.01
MPut8: posts big blind $0.02
*** HOLE CARDS ***
Dealt to Lorpugo [2c Qs]
RexHunt999: folds 
ARadiGO: raises $0.04 to $0.06
zensi0_1: folds 
Makgajwer: folds 
Lorpugo: folds 
MPut8: calls $0.04
*** FLOP *** [2d Tc 7c]
MPut8: checks 
ARadiGO: bets $0.07
MPut8: folds 
Uncalled bet ($0.07) returned to ARadiGO
ARadiGO collected $0.13 from pot
*** SUMMARY ***
Total pot $0.13 | Rake $0 
Board [2d Tc 7c]
Seat 1: RexHunt999 folded before Flop (didn't bet)
Seat 2: ARadiGO collected ($0.13)
Seat 3: zensi0_1 folded before Flop (didn't bet)
Seat 4: Makgajwer (button) folded before Flop (didn't bet)
Seat 5: Lorpugo (small blind) folded before Flop
Seat 6: MPut8 (big blind) folded on the Flop



PokerStars Hand #240779552216:  Hold'em No Limit ($0.01/$0.02 USD) - 2022/12/29 14:41:23 ET
Table 'Eurydome III' 6-max Seat #5 is the button
Seat 1: RexHunt999 ($4.20 in chips) 
Seat 2: ARadiGO ($2.14 in chips) 
Seat 3: zensi0_1 ($1.83 in chips) 
Seat 4: Makgajwer ($2 in chips) 
Seat 5: Lorpugo ($2.72 in chips) 
Seat 6: MPut8 ($1.94 in chips) 
MPut8: posts small blind $0.01
RexHunt999: posts big blind $0.02
*** HOLE CARDS ***
Dealt to Lorpugo [Jh 5d]
ARadiGO: folds 
zensi0_1: folds 
Makgajwer: folds 
Lorpugo: folds 
MPut8: raises $0.04 to $0.06
RexHunt999: raises $0.12 to $0.18
MPut8: calls $0.12
*** FLOP *** [Ah Qd Kd]
MPut8: checks 
RexHunt999: checks 
*** TURN *** [Ah Qd Kd] [6c]
MPut8: checks 
RexHunt999: checks 
*** RIVER *** [Ah Qd Kd 6c] [Kh]
MPut8: bets $0.18
RexHunt999: folds 
Uncalled bet ($0.18) returned to MPut8
MPut8 collected $0.35 from pot
*** SUMMARY ***
Total pot $0.36 | Rake $0.01 
Board [Ah Qd Kd 6c Kh]
Seat 1: RexHunt999 (big blind) folded on the River
Seat 2: ARadiGO folded before Flop (didn't bet)
Seat 3: zensi0_1 folded before Flop (didn't bet)
Seat 4: Makgajwer folded before Flop (didn't bet)
Seat 5: Lorpugo (button) folded before Flop (didn't bet)
Seat 6: MPut8 (small blind) collected ($0.35)



PokerStars Hand #240779595642:  Hold'em No Limit ($0.01/$0.02 USD) - 2022/12/29 14:43:04 ET
Table 'Eurydome III' 6-max Seat #6 is the button
Seat 1: RexHunt999 ($4.02 in chips) 
Seat 2: ARadiGO ($2.14 in chips) 
Seat 3: zensi0_1 ($1.83 in chips) 
Seat 4: Makgajwer ($2 in chips) 
Seat 5: Lorpugo ($2.72 in chips) 
Seat 6: MPut8 ($2.11 in chips) 
RexHunt999: posts small blind $0.01
ARadiGO: posts big blind $0.02
*** HOLE CARDS ***
Dealt to Lorpugo [3s Qc]
zensi0_1: folds 
Makgajwer: raises $0.03 to $0.05
Lorpugo: folds 
zensi0_1 leaves the table
MPut8: calls $0.05
RexHunt999: folds 
ARadiGO: calls $0.03
*** FLOP *** [Jd Kd Td]
ARadiGO: checks 
Makgajwer: checks 
MPut8: checks 
*** TURN *** [Jd Kd Td] [6c]
ARadiGO: checks 
Makgajwer: checks 
MPut8: checks 
*** RIVER *** [Jd Kd Td 6c] [7c]
ARadiGO: checks 
Makgajwer: checks 
MPut8: checks 
*** SHOW DOWN ***
ARadiGO: shows [4s 5h] (high card King)
Makgajwer: shows [As Tc] (a pair of Tens)
MPut8: mucks hand 
Makgajwer collected $0.15 from pot
*** SUMMARY ***
Total pot $0.16 | Rake $0.01 
Board [Jd Kd Td 6c 7c]
Seat 1: RexHunt999 (small blind) folded before Flop
Seat 2: ARadiGO (big blind) showed [4s 5h] and lost with high card King
Seat 3: zensi0_1 folded before Flop (didn't bet)
Seat 4: Makgajwer showed [As Tc] and won ($0.15) with a pair of Tens
Seat 5: Lorpugo folded before Flop (didn't bet)
Seat 6: MPut8 (button) mucked [8s 5s]



PokerStars Hand #240779626465:  Hold'em No Limit ($0.01/$0.02 USD) - 2022/12/29 14:44:17 ET
Table 'Eurydome III' 6-max Seat #4 is the button
Seat 4: Makgajwer ($2.10 in chips) 
Seat 5: Lorpugo ($2.72 in chips) 
Seat 6: MPut8 ($2.06 in chips) 
Lorpugo: posts small blind $0.01
MPut8: posts big blind $0.02
*** HOLE CARDS ***
Dealt to Lorpugo [4s Qc]
Makgajwer: raises $0.03 to $0.05
Lorpugo: folds 
MPut8: folds 
Uncalled bet ($0.03) returned to Makgajwer
Makgajwer collected $0.05 from pot
Makgajwer: doesn't show hand 
*** SUMMARY ***
Total pot $0.05 | Rake $0 
Seat 4: Makgajwer (button) collected ($0.05)
Seat 5: Lorpugo (small blind) folded before Flop
Seat 6: MPut8 (big blind) folded before Flop



PokerStars Hand #240779638404:  Hold'em No Limit ($0.01/$0.02 USD) - 2022/12/29 14:44:45 ET
Table 'Eurydome III' 6-max Seat #5 is the button
Seat 1: RexHunt999 ($4.01 in chips) 
Seat 4: Makgajwer ($2.13 in chips) 
Seat 5: Lorpugo ($2.71 in chips) 
Seat 6: MPut8 ($2.04 in chips) 
MPut8: posts small blind $0.01
RexHunt999: posts big blind $0.02
*** HOLE CARDS ***
Dealt to Lorpugo [Qc Kd]
Makgajwer: folds 
Lorpugo: raises $0.04 to $0.06
MPut8: folds 
RexHunt999: folds 
Uncalled bet ($0.04) returned to Lorpugo
Lorpugo collected $0.05 from pot
Lorpugo: doesn't show hand 
*** SUMMARY ***
Total pot $0.05 | Rake $0 
Seat 1: RexHunt999 (big blind) folded before Flop
Seat 4: Makgajwer folded before Flop (didn't bet)
Seat 5: Lorpugo (button) collected ($0.05)
Seat 6: MPut8 (small blind) folded before Flop



PokerStars Hand #240779645460:  Hold'em No Limit ($0.01/$0.02 USD) - 2022/12/29 14:45:01 ET
Table 'Eurydome III' 6-max Seat #6 is the button
Seat 1: RexHunt999 ($3.99 in chips) 
Seat 4: Makgajwer ($2.13 in chips) 
Seat 5: Lorpugo ($2.74 in chips) 
Seat 6: MPut8 ($2.03 in chips) 
RexHunt999: posts small blind $0.01
Makgajwer: posts big blind $0.02
*** HOLE CARDS ***
Dealt to Lorpugo [Ac 2h]
Lorpugo: raises $0.04 to $0.06
MPut8: calls $0.06
RexHunt999: folds 
Makgajwer: folds 
*** FLOP *** [2s Jc 4h]
Lorpugo: bets $0.07
MPut8: folds 
Uncalled bet ($0.07) returned to Lorpugo
Lorpugo collected $0.14 from pot
Lorpugo: doesn't show hand 
*** SUMMARY ***
Total pot $0.15 | Rake $0.01 
Board [2s Jc 4h]
Seat 1: RexHunt999 (small blind) folded before Flop
Seat 4: Makgajwer (big blind) folded before Flop
Seat 5: Lorpugo collected ($0.14)
Seat 6: MPut8 (button) folded on the Flop



PokerStars Hand #240779658107:  Hold'em No Limit ($0.01/$0.02 USD) - 2022/12/29 14:45:31 ET
Table 'Eurydome III' 6-max Seat #1 is the button
Seat 1: RexHunt999 ($3.98 in chips) 
Seat 4: Makgajwer ($2.11 in chips) 
Seat 5: Lorpugo ($2.82 in chips) 
Seat 6: MPut8 ($1.97 in chips) 
Makgajwer: posts small blind $0.01
Lorpugo: posts big blind $0.02
*** HOLE CARDS ***
Dealt to Lorpugo [3s Kh]
MPut8 has timed out
MPut8: folds 
RexHunt999: raises $0.05 to $0.07
Makgajwer: folds 
MPut8 leaves the table
Lorpugo: folds 
Uncalled bet ($0.05) returned to RexHunt999
RexHunt999 collected $0.05 from pot
RexHunt999: doesn't show hand 
*** SUMMARY ***
Total pot $0.05 | Rake $0 
Seat 1: RexHunt999 (button) collected ($0.05)
Seat 4: Makgajwer (small blind) folded before Flop
Seat 5: Lorpugo (big blind) folded before Flop
Seat 6: MPut8 folded before Flop (didn't bet)



PokerStars Hand #240779668420:  Hold'em No Limit ($0.01/$0.02 USD) - 2022/12/29 14:45:55 ET
Table 'Eurydome III' 6-max Seat #4 is the button
Seat 1: RexHunt999 ($4.01 in chips) 
Seat 4: Makgajwer ($2.10 in chips) 
Seat 5: Lorpugo ($2.80 in chips) 
Lorpugo: posts small blind $0.01
RexHunt999: posts big blind $0.02
*** HOLE CARDS ***
Dealt to Lorpugo [6s Ts]
Makgajwer: folds 
Lorpugo: raises $0.04 to $0.06
RexHunt999: folds 
Uncalled bet ($0.04) returned to Lorpugo
Lorpugo collected $0.04 from pot
Lorpugo: doesn't show hand 
*** SUMMARY ***
Total pot $0.04 | Rake $0 
Seat 1: RexHunt999 (big blind) folded before Flop
Seat 4: Makgajwer (button) folded before Flop (didn't bet)
Seat 5: Lorpugo (small blind) collected ($0.04)



PokerStars Hand #240779681976:  Hold'em No Limit ($0.01/$0.02 USD) - 2022/12/29 14:46:26 ET
Table 'Eurydome III' 6-max Seat #5 is the button
Seat 4: Makgajwer ($2.10 in chips) 
Seat 5: Lorpugo ($2.82 in chips) 
Lorpugo: posts small blind $0.01
Makgajwer: posts big blind $0.02
*** HOLE CARDS ***
Dealt to Lorpugo [Jc 3h]
Lorpugo: raises $0.04 to $0.06
Makgajwer: calls $0.04
*** FLOP *** [3d Th Kd]
Makgajwer: checks 
Lorpugo: bets $0.04
Makgajwer: folds 
Uncalled bet ($0.04) returned to Lorpugo
Lorpugo collected $0.12 from pot
Lorpugo: doesn't show hand 
*** SUMMARY ***
Total pot $0.12 | Rake $0 
Board [3d Th Kd]
Seat 4: Makgajwer (big blind) folded on the Flop
Seat 5: Lorpugo (button) (small blind) collected ($0.12)



