PokerStars Hand #240908888964:  Hold'em No Limit ($0.01/$0.02 USD) - 2023/01/04 13:04:31 ET
Table 'Klotho III' 6-max Seat #4 is the button
Seat 1: maurice198099 ($1.09 in chips) 
Seat 2: VbugiraV ($2.56 in chips) 
Seat 3: Je5u5fav ($2 in chips) 
Seat 4: Magdiel Appelt ($2.13 in chips) 
Seat 5: Junqueiraudi ($0.53 in chips) 
Seat 6: Lorpugo ($1.60 in chips) 
Junqueiraudi: posts small blind $0.01
Lorpugo: posts big blind $0.02
*** HOLE CARDS ***
Dealt to Lorpugo [6s 6d]
maurice198099: folds 
VbugiraV: folds 
Je5u5fav: folds 
Magdiel Appelt: folds 
Junqueiraudi: folds 
Uncalled bet ($0.01) returned to Lorpugo
Lorpugo collected $0.02 from pot
Lorpugo: doesn't show hand 
*** SUMMARY ***
Total pot $0.02 | Rake $0 
Seat 1: maurice198099 folded before Flop (didn't bet)
Seat 2: VbugiraV folded before Flop (didn't bet)
Seat 3: Je5u5fav folded before Flop (didn't bet)
Seat 4: Magdiel Appelt (button) folded before Flop (didn't bet)
Seat 5: Junqueiraudi (small blind) folded before Flop
Seat 6: Lorpugo (big blind) collected ($0.02)



PokerStars Hand #240908893588:  Hold'em No Limit ($0.01/$0.02 USD) - 2023/01/04 13:04:42 ET
Table 'Klotho III' 6-max Seat #5 is the button
Seat 1: maurice198099 ($1.09 in chips) 
Seat 2: VbugiraV ($2.56 in chips) 
Seat 3: Je5u5fav ($2 in chips) 
Seat 4: Magdiel Appelt ($2.13 in chips) 
Seat 5: Junqueiraudi ($0.52 in chips) 
Seat 6: Lorpugo ($1.61 in chips) 
Lorpugo: posts small blind $0.01
maurice198099: posts big blind $0.02
*** HOLE CARDS ***
Dealt to Lorpugo [8h 7d]
VbugiraV: folds 
Je5u5fav: folds 
Magdiel Appelt: calls $0.02
Junqueiraudi: raises $0.02 to $0.04
Lorpugo: calls $0.03
maurice198099: calls $0.02
Magdiel Appelt: calls $0.02
*** FLOP *** [2d 9h Jd]
Lorpugo: checks 
maurice198099: checks 
Magdiel Appelt: bets $0.02
Junqueiraudi: calls $0.02
Lorpugo: calls $0.02
maurice198099: calls $0.02
*** TURN *** [2d 9h Jd] [Ac]
Lorpugo: checks 
maurice198099: checks 
Magdiel Appelt: bets $0.02
Junqueiraudi: calls $0.02
Lorpugo: folds 
maurice198099: calls $0.02
*** RIVER *** [2d 9h Jd Ac] [Qs]
maurice198099: checks 
Magdiel Appelt: bets $0.06
Junqueiraudi: calls $0.06
maurice198099: raises $0.24 to $0.30
Magdiel Appelt: calls $0.24
Junqueiraudi: calls $0.24
*** SHOW DOWN ***
maurice198099: shows [Kc Td] (a straight, Ten to Ace)
Magdiel Appelt: mucks hand 
Junqueiraudi: mucks hand 
maurice198099 collected $1.15 from pot
*** SUMMARY ***
Total pot $1.20 | Rake $0.05 
Board [2d 9h Jd Ac Qs]
Seat 1: maurice198099 (big blind) showed [Kc Td] and won ($1.15) with a straight, Ten to Ace
Seat 2: VbugiraV folded before Flop (didn't bet)
Seat 3: Je5u5fav folded before Flop (didn't bet)
Seat 4: Magdiel Appelt mucked [9s Js]
Seat 5: Junqueiraudi (button) mucked [Ks Qd]
Seat 6: Lorpugo (small blind) folded on the Turn



PokerStars Hand #240908926841:  Hold'em No Limit ($0.01/$0.02 USD) - 2023/01/04 13:06:02 ET
Table 'Klotho III' 6-max Seat #6 is the button
Seat 1: maurice198099 ($1.86 in chips) 
Seat 2: VbugiraV ($2.56 in chips) 
Seat 3: Je5u5fav ($2 in chips) 
Seat 4: Magdiel Appelt ($1.75 in chips) 
Seat 5: Junqueiraudi ($0.14 in chips) 
Seat 6: Lorpugo ($1.55 in chips) 
maurice198099: posts small blind $0.01
VbugiraV: posts big blind $0.02
*** HOLE CARDS ***
Dealt to Lorpugo [5s 4d]
Je5u5fav: folds 
Magdiel Appelt: folds 
Junqueiraudi: folds 
Lorpugo: folds 
maurice198099: raises $0.02 to $0.04
VbugiraV: folds 
Uncalled bet ($0.02) returned to maurice198099
maurice198099 collected $0.04 from pot
maurice198099: doesn't show hand 
*** SUMMARY ***
Total pot $0.04 | Rake $0 
Seat 1: maurice198099 (small blind) collected ($0.04)
Seat 2: VbugiraV (big blind) folded before Flop
Seat 3: Je5u5fav folded before Flop (didn't bet)
Seat 4: Magdiel Appelt folded before Flop (didn't bet)
Seat 5: Junqueiraudi folded before Flop (didn't bet)
Seat 6: Lorpugo (button) folded before Flop (didn't bet)



PokerStars Hand #240908934892:  Hold'em No Limit ($0.01/$0.02 USD) - 2023/01/04 13:06:21 ET
Table 'Klotho III' 6-max Seat #1 is the button
Seat 1: maurice198099 ($1.88 in chips) 
Seat 2: VbugiraV ($2.54 in chips) 
Seat 3: Je5u5fav ($2 in chips) 
Seat 4: Magdiel Appelt ($1.75 in chips) 
Seat 5: Junqueiraudi ($0.14 in chips) 
Seat 6: Lorpugo ($1.55 in chips) 
VbugiraV: posts small blind $0.01
Je5u5fav: posts big blind $0.02
*** HOLE CARDS ***
Dealt to Lorpugo [6c Kh]
Magdiel Appelt: calls $0.02
Junqueiraudi: raises $0.12 to $0.14 and is all-in
Lorpugo: folds 
maurice198099: folds 
VbugiraV: folds 
Je5u5fav: folds 
Magdiel Appelt: calls $0.12
Junqueiraudi is disconnected 
Junqueiraudi is connected 
*** FLOP *** [6d 3d 8d]
*** TURN *** [6d 3d 8d] [Ks]
*** RIVER *** [6d 3d 8d Ks] [2d]
*** SHOW DOWN ***
Magdiel Appelt: shows [Qc Ah] (high card Ace)
Junqueiraudi: shows [Qh Jd] (a flush, Jack high)
Junqueiraudi collected $0.30 from pot
*** SUMMARY ***
Total pot $0.31 | Rake $0.01 
Board [6d 3d 8d Ks 2d]
Seat 1: maurice198099 (button) folded before Flop (didn't bet)
Seat 2: VbugiraV (small blind) folded before Flop
Seat 3: Je5u5fav (big blind) folded before Flop
Seat 4: Magdiel Appelt showed [Qc Ah] and lost with high card Ace
Seat 5: Junqueiraudi showed [Qh Jd] and won ($0.30) with a flush, Jack high
Seat 6: Lorpugo folded before Flop (didn't bet)



PokerStars Hand #240908958772:  Hold'em No Limit ($0.01/$0.02 USD) - 2023/01/04 13:07:18 ET
Table 'Klotho III' 6-max Seat #2 is the button
Seat 1: maurice198099 ($1.88 in chips) 
Seat 2: VbugiraV ($2.53 in chips) 
Seat 3: Je5u5fav ($1.98 in chips) 
Seat 4: Magdiel Appelt ($1.61 in chips) 
Seat 5: Junqueiraudi ($0.30 in chips) 
Seat 6: Lorpugo ($1.55 in chips) 
Je5u5fav: posts small blind $0.01
Magdiel Appelt: posts big blind $0.02
*** HOLE CARDS ***
Dealt to Lorpugo [8c Qh]
Junqueiraudi: folds 
Lorpugo: folds 
maurice198099: folds 
VbugiraV: raises $0.04 to $0.06
Je5u5fav: calls $0.05
Magdiel Appelt: calls $0.04
*** FLOP *** [7d Ad 5s]
Je5u5fav: checks 
Magdiel Appelt: checks 
VbugiraV: checks 
*** TURN *** [7d Ad 5s] [Td]
Je5u5fav: bets $0.13
Magdiel Appelt: folds 
VbugiraV: folds 
Uncalled bet ($0.13) returned to Je5u5fav
Je5u5fav collected $0.17 from pot
Je5u5fav: doesn't show hand 
*** SUMMARY ***
Total pot $0.18 | Rake $0.01 
Board [7d Ad 5s Td]
Seat 1: maurice198099 folded before Flop (didn't bet)
Seat 2: VbugiraV (button) folded on the Turn
Seat 3: Je5u5fav (small blind) collected ($0.17)
Seat 4: Magdiel Appelt (big blind) folded on the Turn
Seat 5: Junqueiraudi folded before Flop (didn't bet)
Seat 6: Lorpugo folded before Flop (didn't bet)



PokerStars Hand #240908970847:  Hold'em No Limit ($0.01/$0.02 USD) - 2023/01/04 13:07:47 ET
Table 'Klotho III' 6-max Seat #3 is the button
Seat 1: maurice198099 ($1.88 in chips) 
Seat 2: VbugiraV ($2.47 in chips) 
Seat 3: Je5u5fav ($2.09 in chips) 
Seat 4: Magdiel Appelt ($1.55 in chips) 
Seat 5: Junqueiraudi ($0.30 in chips) 
Seat 6: Lorpugo ($1.55 in chips) 
Magdiel Appelt: posts small blind $0.01
Junqueiraudi: posts big blind $0.02
*** HOLE CARDS ***
Dealt to Lorpugo [Qs Ac]
Lorpugo: raises $0.04 to $0.06
maurice198099: folds 
VbugiraV: raises $0.16 to $0.22
Je5u5fav: folds 
Magdiel Appelt: folds 
Junqueiraudi: folds 
Lorpugo: calls $0.16
*** FLOP *** [8h 9c 4c]
Lorpugo: bets $0.12
VbugiraV: calls $0.12
*** TURN *** [8h 9c 4c] [8s]
Lorpugo: bets $0.16
VbugiraV: calls $0.16
*** RIVER *** [8h 9c 4c 8s] [6s]
Lorpugo: checks 
VbugiraV: checks 
*** SHOW DOWN ***
Lorpugo: shows [Qs Ac] (a pair of Eights)
VbugiraV: shows [Jh Js] (two pair, Jacks and Eights)
VbugiraV collected $0.99 from pot
Je5u5fav leaves the table
*** SUMMARY ***
Total pot $1.03 | Rake $0.04 
Board [8h 9c 4c 8s 6s]
Seat 1: maurice198099 folded before Flop (didn't bet)
Seat 2: VbugiraV showed [Jh Js] and won ($0.99) with two pair, Jacks and Eights
Seat 3: Je5u5fav (button) folded before Flop (didn't bet)
Seat 4: Magdiel Appelt (small blind) folded before Flop
Seat 5: Junqueiraudi (big blind) folded before Flop
Seat 6: Lorpugo showed [Qs Ac] and lost with a pair of Eights



PokerStars Hand #240908997308:  Hold'em No Limit ($0.01/$0.02 USD) - 2023/01/04 13:08:50 ET
Table 'Klotho III' 6-max Seat #4 is the button
Seat 1: maurice198099 ($1.88 in chips) 
Seat 2: VbugiraV ($2.96 in chips) 
Seat 4: Magdiel Appelt ($1.54 in chips) 
Seat 5: Junqueiraudi ($0.28 in chips) 
Seat 6: Lorpugo ($1.05 in chips) 
Junqueiraudi: posts small blind $0.01
Lorpugo: posts big blind $0.02
*** HOLE CARDS ***
Dealt to Lorpugo [Tc 8d]
maurice198099: folds 
VbugiraV: folds 
Magdiel Appelt: folds 
Junqueiraudi: folds 
Uncalled bet ($0.01) returned to Lorpugo
Lorpugo collected $0.02 from pot
Lorpugo: doesn't show hand 
*** SUMMARY ***
Total pot $0.02 | Rake $0 
Seat 1: maurice198099 folded before Flop (didn't bet)
Seat 2: VbugiraV folded before Flop (didn't bet)
Seat 4: Magdiel Appelt (button) folded before Flop (didn't bet)
Seat 5: Junqueiraudi (small blind) folded before Flop
Seat 6: Lorpugo (big blind) collected ($0.02)



PokerStars Hand #240909001208:  Hold'em No Limit ($0.01/$0.02 USD) - 2023/01/04 13:09:00 ET
Table 'Klotho III' 6-max Seat #5 is the button
Seat 1: maurice198099 ($1.88 in chips) 
Seat 2: VbugiraV ($2.96 in chips) 
Seat 4: Magdiel Appelt ($1.54 in chips) 
Seat 5: Junqueiraudi ($0.27 in chips) 
Seat 6: Lorpugo ($1.86 in chips) 
Lorpugo: posts small blind $0.01
maurice198099: posts big blind $0.02
*** HOLE CARDS ***
Dealt to Lorpugo [5h 7d]
VbugiraV: folds 
Magdiel Appelt: calls $0.02
Junqueiraudi: calls $0.02
Lorpugo: folds 
maurice198099: checks 
*** FLOP *** [Qh Qc 6s]
maurice198099: checks 
Magdiel Appelt: checks 
Junqueiraudi: checks 
*** TURN *** [Qh Qc 6s] [7s]
maurice198099: bets $0.07
Magdiel Appelt: folds 
Junqueiraudi: folds 
Uncalled bet ($0.07) returned to maurice198099
maurice198099 collected $0.07 from pot
maurice198099: doesn't show hand 
*** SUMMARY ***
Total pot $0.07 | Rake $0 
Board [Qh Qc 6s 7s]
Seat 1: maurice198099 (big blind) collected ($0.07)
Seat 2: VbugiraV folded before Flop (didn't bet)
Seat 4: Magdiel Appelt folded on the Turn
Seat 5: Junqueiraudi (button) folded on the Turn
Seat 6: Lorpugo (small blind) folded before Flop



PokerStars Hand #240909013906:  Hold'em No Limit ($0.01/$0.02 USD) - 2023/01/04 13:09:30 ET
Table 'Klotho III' 6-max Seat #6 is the button
Seat 1: maurice198099 ($1.93 in chips) 
Seat 2: VbugiraV ($2.96 in chips) 
Seat 4: Magdiel Appelt ($1.52 in chips) 
Seat 5: Junqueiraudi ($0.25 in chips) 
Seat 6: Lorpugo ($1.85 in chips) 
maurice198099: posts small blind $0.01
VbugiraV: posts big blind $0.02
*** HOLE CARDS ***
Dealt to Lorpugo [Qc 8d]
Magdiel Appelt: folds 
Junqueiraudi: folds 
Lorpugo: folds 
maurice198099: raises $0.02 to $0.04
VbugiraV: calls $0.02
*** FLOP *** [3c 5h 9c]
maurice198099: bets $0.08
gpco111 joins the table at seat #3 
VbugiraV: folds 
Uncalled bet ($0.08) returned to maurice198099
maurice198099 collected $0.08 from pot
maurice198099: doesn't show hand 
*** SUMMARY ***
Total pot $0.08 | Rake $0 
Board [3c 5h 9c]
Seat 1: maurice198099 (small blind) collected ($0.08)
Seat 2: VbugiraV (big blind) folded on the Flop
Seat 4: Magdiel Appelt folded before Flop (didn't bet)
Seat 5: Junqueiraudi folded before Flop (didn't bet)
Seat 6: Lorpugo (button) folded before Flop (didn't bet)



PokerStars Hand #240909025865:  Hold'em No Limit ($0.01/$0.02 USD) - 2023/01/04 13:09:59 ET
Table 'Klotho III' 6-max Seat #1 is the button
Seat 1: maurice198099 ($1.97 in chips) 
Seat 2: VbugiraV ($2.92 in chips) 
Seat 3: gpco111 ($2 in chips) 
Seat 4: Magdiel Appelt ($1.52 in chips) 
Seat 5: Junqueiraudi ($0.25 in chips) 
Seat 6: Lorpugo ($1.85 in chips) 
VbugiraV: posts small blind $0.01
gpco111: posts big blind $0.02
*** HOLE CARDS ***
Dealt to Lorpugo [Ks Th]
Magdiel Appelt: folds 
Junqueiraudi: folds 
Lorpugo: raises $0.04 to $0.06
maurice198099: folds 
VbugiraV: folds 
gpco111: folds 
Uncalled bet ($0.04) returned to Lorpugo
Lorpugo collected $0.05 from pot
Lorpugo: doesn't show hand 
*** SUMMARY ***
Total pot $0.05 | Rake $0 
Seat 1: maurice198099 (button) folded before Flop (didn't bet)
Seat 2: VbugiraV (small blind) folded before Flop
Seat 3: gpco111 (big blind) folded before Flop
Seat 4: Magdiel Appelt folded before Flop (didn't bet)
Seat 5: Junqueiraudi folded before Flop (didn't bet)
Seat 6: Lorpugo collected ($0.05)



PokerStars Hand #240909034244:  Hold'em No Limit ($0.01/$0.02 USD) - 2023/01/04 13:10:19 ET
Table 'Klotho III' 6-max Seat #2 is the button
Seat 1: maurice198099 ($1.97 in chips) 
Seat 2: VbugiraV ($2.91 in chips) 
Seat 3: gpco111 ($1.98 in chips) 
Seat 4: Magdiel Appelt ($1.52 in chips) 
Seat 5: Junqueiraudi ($0.25 in chips) 
Seat 6: Lorpugo ($1.88 in chips) 
gpco111: posts small blind $0.01
Magdiel Appelt: posts big blind $0.02
*** HOLE CARDS ***
Dealt to Lorpugo [4h Jd]
Junqueiraudi: folds 
Lorpugo: folds 
maurice198099: folds 
VbugiraV: raises $0.04 to $0.06
gpco111: calls $0.05
Magdiel Appelt: calls $0.04
*** FLOP *** [Ad Td 8d]
gpco111: checks 
Magdiel Appelt: checks 
VbugiraV: bets $0.07
gpco111: folds 
Magdiel Appelt: folds 
Uncalled bet ($0.07) returned to VbugiraV
VbugiraV collected $0.17 from pot
*** SUMMARY ***
Total pot $0.18 | Rake $0.01 
Board [Ad Td 8d]
Seat 1: maurice198099 folded before Flop (didn't bet)
Seat 2: VbugiraV (button) collected ($0.17)
Seat 3: gpco111 (small blind) folded on the Flop
Seat 4: Magdiel Appelt (big blind) folded on the Flop
Seat 5: Junqueiraudi folded before Flop (didn't bet)
Seat 6: Lorpugo folded before Flop (didn't bet)



PokerStars Hand #240909048168:  Hold'em No Limit ($0.01/$0.02 USD) - 2023/01/04 13:10:52 ET
Table 'Klotho III' 6-max Seat #3 is the button
Seat 1: maurice198099 ($1.97 in chips) 
Seat 2: VbugiraV ($3.02 in chips) 
Seat 3: gpco111 ($1.92 in chips) 
Seat 4: Magdiel Appelt ($1.46 in chips) 
Seat 5: Junqueiraudi ($0.25 in chips) 
Seat 6: Lorpugo ($1.88 in chips) 
Magdiel Appelt: posts small blind $0.01
Junqueiraudi: posts big blind $0.02
*** HOLE CARDS ***
Dealt to Lorpugo [5d 7c]
Lorpugo has timed out
Lorpugo: folds 
maurice198099: folds 
VbugiraV: folds 
gpco111: raises $0.04 to $0.06
Magdiel Appelt: folds 
Junqueiraudi: calls $0.04
*** FLOP *** [5c 7d Kh]
Junqueiraudi: checks 
gpco111: bets $0.13
Junqueiraudi: folds 
Uncalled bet ($0.13) returned to gpco111
gpco111 collected $0.13 from pot
*** SUMMARY ***
Total pot $0.13 | Rake $0 
Board [5c 7d Kh]
Seat 1: maurice198099 folded before Flop (didn't bet)
Seat 2: VbugiraV folded before Flop (didn't bet)
Seat 3: gpco111 (button) collected ($0.13)
Seat 4: Magdiel Appelt (small blind) folded before Flop
Seat 5: Junqueiraudi (big blind) folded on the Flop
Seat 6: Lorpugo folded before Flop (didn't bet)



PokerStars Hand #240909062095:  Hold'em No Limit ($0.01/$0.02 USD) - 2023/01/04 13:11:25 ET
Table 'Klotho III' 6-max Seat #4 is the button
Seat 1: maurice198099 ($1.97 in chips) 
Seat 2: VbugiraV ($3.02 in chips) 
Seat 3: gpco111 ($1.99 in chips) 
Seat 4: Magdiel Appelt ($1.45 in chips) 
Seat 5: Junqueiraudi ($0.19 in chips) 
Seat 6: Lorpugo ($1.88 in chips) 
Junqueiraudi: posts small blind $0.01
Lorpugo: posts big blind $0.02
*** HOLE CARDS ***
Dealt to Lorpugo [4s Th]
maurice198099: folds 
VbugiraV: raises $0.04 to $0.06
gpco111: calls $0.06
Magdiel Appelt: folds 
Junqueiraudi: raises $0.13 to $0.19 and is all-in
Lorpugo: folds 
VbugiraV: calls $0.13
gpco111: calls $0.13
*** FLOP *** [Ac 6s 6h]
VbugiraV: checks 
gpco111: bets $0.57
VbugiraV: folds 
Uncalled bet ($0.57) returned to gpco111
*** TURN *** [Ac 6s 6h] [5c]
*** RIVER *** [Ac 6s 6h 5c] [3c]
*** SHOW DOWN ***
Junqueiraudi: shows [3s As] (two pair, Aces and Sixes)
gpco111: shows [5h 5s] (a full house, Fives full of Sixes)
gpco111 collected $0.57 from pot
Junqueiraudi cashed out the hand for $0.52 | Cash Out Fee $0.01
*** SUMMARY ***
Total pot $0.59 | Rake $0.02 
Board [Ac 6s 6h 5c 3c]
Seat 1: maurice198099 folded before Flop (didn't bet)
Seat 2: VbugiraV folded on the Flop
Seat 3: gpco111 showed [5h 5s] and won ($0.57) with a full house, Fives full of Sixes
Seat 4: Magdiel Appelt (button) folded before Flop (didn't bet)
Seat 5: Junqueiraudi (small blind) showed [3s As] and lost with two pair, Aces and Sixes (cashed out).
Seat 6: Lorpugo (big blind) folded before Flop



PokerStars Hand #240909081003:  Hold'em No Limit ($0.01/$0.02 USD) - 2023/01/04 13:12:10 ET
Table 'Klotho III' 6-max Seat #5 is the button
Seat 1: maurice198099 ($1.97 in chips) 
Seat 2: VbugiraV ($2.83 in chips) 
Seat 3: gpco111 ($2.37 in chips) 
Seat 4: Magdiel Appelt ($1.45 in chips) 
Seat 5: Junqueiraudi ($0.52 in chips) 
Seat 6: Lorpugo ($1.86 in chips) 
Lorpugo: posts small blind $0.01
maurice198099: posts big blind $0.02
*** HOLE CARDS ***
Dealt to Lorpugo [4s Kc]
VbugiraV: folds 
gpco111: raises $0.02 to $0.04
Magdiel Appelt: calls $0.04
Junqueiraudi: calls $0.04
Lorpugo: folds 
maurice198099: calls $0.02
*** FLOP *** [Kd Qd 4d]
maurice198099: checks 
gpco111: bets $0.16
Magdiel Appelt: folds 
Junqueiraudi: folds 
maurice198099: calls $0.16
*** TURN *** [Kd Qd 4d] [5s]
maurice198099: checks 
gpco111: bets $0.44
maurice198099: calls $0.44
*** RIVER *** [Kd Qd 4d 5s] [6s]
maurice198099: checks 
gpco111: bets $1.73 and is all-in
maurice198099: folds 
Uncalled bet ($1.73) returned to gpco111
gpco111 collected $1.32 from pot
*** SUMMARY ***
Total pot $1.37 | Rake $0.05 
Board [Kd Qd 4d 5s 6s]
Seat 1: maurice198099 (big blind) folded on the River
Seat 2: VbugiraV folded before Flop (didn't bet)
Seat 3: gpco111 collected ($1.32)
Seat 4: Magdiel Appelt folded on the Flop
Seat 5: Junqueiraudi (button) folded on the Flop
Seat 6: Lorpugo (small blind) folded before Flop



PokerStars Hand #240909113127:  Hold'em No Limit ($0.01/$0.02 USD) - 2023/01/04 13:13:27 ET
Table 'Klotho III' 6-max Seat #6 is the button
Seat 1: maurice198099 ($1.33 in chips) 
Seat 2: VbugiraV ($2.83 in chips) 
Seat 3: gpco111 ($3.05 in chips) 
Seat 4: Magdiel Appelt ($1.41 in chips) 
Seat 5: Junqueiraudi ($0.48 in chips) 
Seat 6: Lorpugo ($1.85 in chips) 
maurice198099: posts small blind $0.01
VbugiraV: posts big blind $0.02
*** HOLE CARDS ***
Dealt to Lorpugo [7s 9s]
gpco111: raises $0.04 to $0.06
Magdiel Appelt: calls $0.06
Junqueiraudi: calls $0.06
Lorpugo: calls $0.06
maurice198099: calls $0.05
VbugiraV: folds 
*** FLOP *** [4s 8c 5s]
maurice198099: checks 
gpco111: bets $2.99 and is all-in
Magdiel Appelt: folds 
Junqueiraudi: folds 
Lorpugo: calls $1.79 and is all-in
maurice198099: folds 
Uncalled bet ($1.20) returned to gpco111
*** TURN *** [4s 8c 5s] [4d]
*** RIVER *** [4s 8c 5s 4d] [4c]
*** SHOW DOWN ***
gpco111: shows [Td Ts] (a full house, Fours full of Tens)
Lorpugo: shows [7s 9s] (three of a kind, Fours)
gpco111 collected $3.76 from pot
*** SUMMARY ***
Total pot $3.90 | Rake $0.14 
Board [4s 8c 5s 4d 4c]
Seat 1: maurice198099 (small blind) folded on the Flop
Seat 2: VbugiraV (big blind) folded before Flop
Seat 3: gpco111 showed [Td Ts] and won ($3.76) with a full house, Fours full of Tens
Seat 4: Magdiel Appelt folded on the Flop
Seat 5: Junqueiraudi folded on the Flop
Seat 6: Lorpugo (button) showed [7s 9s] and lost with three of a kind, Fours



PokerStars Hand #240909156490:  Hold'em No Limit ($0.01/$0.02 USD) - 2023/01/04 13:15:09 ET
Table 'Klotho III' 6-max Seat #2 is the button
Seat 1: maurice198099 ($1.25 in chips) 
Seat 2: VbugiraV ($3.13 in chips) 
Seat 3: gpco111 ($4.94 in chips) 
Seat 4: Magdiel Appelt ($1.07 in chips) 
Seat 5: Junqueiraudi ($0.40 in chips) 
Seat 6: Lorpugo ($1.60 in chips) 
gpco111: posts small blind $0.01
Magdiel Appelt: posts big blind $0.02
*** HOLE CARDS ***
Dealt to Lorpugo [7h Th]
Junqueiraudi: folds 
Lorpugo: raises $0.02 to $0.04
maurice198099: folds 
VbugiraV has timed out
VbugiraV: folds 
gpco111: calls $0.03
Magdiel Appelt: calls $0.02
*** FLOP *** [Ad Kc 5s]
gpco111: bets $0.06
Magdiel Appelt: folds 
Lorpugo: folds 
Uncalled bet ($0.06) returned to gpco111
gpco111 collected $0.12 from pot
*** SUMMARY ***
Total pot $0.12 | Rake $0 
Board [Ad Kc 5s]
Seat 1: maurice198099 folded before Flop (didn't bet)
Seat 2: VbugiraV (button) folded before Flop (didn't bet)
Seat 3: gpco111 (small blind) collected ($0.12)
Seat 4: Magdiel Appelt (big blind) folded on the Flop
Seat 5: Junqueiraudi folded before Flop (didn't bet)
Seat 6: Lorpugo folded on the Flop



PokerStars Hand #240909177556:  Hold'em No Limit ($0.01/$0.02 USD) - 2023/01/04 13:15:59 ET
Table 'Klotho III' 6-max Seat #3 is the button
Seat 1: maurice198099 ($1.25 in chips) 
Seat 3: gpco111 ($5.02 in chips) 
Seat 4: Magdiel Appelt ($1.03 in chips) 
Seat 5: Junqueiraudi ($0.40 in chips) 
Seat 6: Lorpugo ($1.56 in chips) 
Magdiel Appelt: posts small blind $0.01
Junqueiraudi: posts big blind $0.02
*** HOLE CARDS ***
Dealt to Lorpugo [Js As]
Lorpugo: raises $0.04 to $0.06
maurice198099: folds 
gpco111: folds 
Magdiel Appelt: calls $0.05
Junqueiraudi: calls $0.04
*** FLOP *** [3h 7s 4s]
Magdiel Appelt: checks 
Junqueiraudi: bets $0.09
gpco111 leaves the table
Lorpugo: raises $0.18 to $0.27
Magdiel Appelt: folds 
Junqueiraudi: raises $0.07 to $0.34 and is all-in
Lorpugo: calls $0.07
TinkAboutHer joins the table at seat #3 
*** TURN *** [3h 7s 4s] [5h]
*** RIVER *** [3h 7s 4s 5h] [Jc]
*** SHOW DOWN ***
Junqueiraudi: shows [Ad 7c] (a pair of Sevens)
Lorpugo: shows [Js As] (a pair of Jacks)
Lorpugo collected $0.83 from pot
*** SUMMARY ***
Total pot $0.86 | Rake $0.03 
Board [3h 7s 4s 5h Jc]
Seat 1: maurice198099 folded before Flop (didn't bet)
Seat 3: gpco111 (button) folded before Flop (didn't bet)
Seat 4: Magdiel Appelt (small blind) folded on the Flop
Seat 5: Junqueiraudi (big blind) showed [Ad 7c] and lost with a pair of Sevens
Seat 6: Lorpugo showed [Js As] and won ($0.83) with a pair of Jacks



PokerStars Hand #240909194740:  Hold'em No Limit ($0.01/$0.02 USD) - 2023/01/04 13:16:40 ET
Table 'Klotho III' 6-max Seat #4 is the button
Seat 1: maurice198099 ($1.25 in chips) 
Seat 2: VbugiraV ($3.13 in chips) 
Seat 4: Magdiel Appelt ($0.97 in chips) 
Seat 6: Lorpugo ($1.99 in chips) 
Lorpugo: posts small blind $0.01
maurice198099: posts big blind $0.02
*** HOLE CARDS ***
Dealt to Lorpugo [2d Qc]
VbugiraV: folds 
Magdiel Appelt: calls $0.02
Lorpugo: folds 
maurice198099: raises $0.05 to $0.07
Magdiel Appelt: calls $0.05
*** FLOP *** [Qd 3h Qs]
maurice198099: checks 
Magdiel Appelt: bets $0.10
maurice198099: calls $0.10
*** TURN *** [Qd 3h Qs] [Th]
maurice198099: checks 
Magdiel Appelt: bets $0.80 and is all-in
maurice198099: folds 
Uncalled bet ($0.80) returned to Magdiel Appelt
Magdiel Appelt collected $0.34 from pot
*** SUMMARY ***
Total pot $0.35 | Rake $0.01 
Board [Qd 3h Qs Th]
Seat 1: maurice198099 (big blind) folded on the Turn
Seat 2: VbugiraV folded before Flop (didn't bet)
Seat 4: Magdiel Appelt (button) collected ($0.34)
Seat 6: Lorpugo (small blind) folded before Flop



PokerStars Hand #240909209062:  Hold'em No Limit ($0.01/$0.02 USD) - 2023/01/04 13:17:14 ET
Table 'Klotho III' 6-max Seat #6 is the button
Seat 1: maurice198099 ($1.08 in chips) 
Seat 2: VbugiraV ($3.13 in chips) 
Seat 4: Magdiel Appelt ($1.14 in chips) 
Seat 5: Junqueiraudi ($0.80 in chips) 
Seat 6: Lorpugo ($1.98 in chips) 
maurice198099: posts small blind $0.01
VbugiraV: posts big blind $0.02
Junqueiraudi: posts small blind $0.01
*** HOLE CARDS ***
Dealt to Lorpugo [9s 8c]
Magdiel Appelt: folds 
Junqueiraudi: calls $0.02
Lorpugo: calls $0.02
maurice198099: calls $0.01
VbugiraV: checks 
*** FLOP *** [Tc 4s Td]
maurice198099: checks 
VbugiraV: checks 
Junqueiraudi: checks 
Lorpugo: checks 
*** TURN *** [Tc 4s Td] [Qs]
maurice198099: checks 
VbugiraV: checks 
Junqueiraudi: bets $0.05
Lorpugo: folds 
maurice198099: folds 
VbugiraV: folds 
Uncalled bet ($0.05) returned to Junqueiraudi
Junqueiraudi collected $0.09 from pot
*** SUMMARY ***
Total pot $0.09 | Rake $0 
Board [Tc 4s Td Qs]
Seat 1: maurice198099 (small blind) folded on the Turn
Seat 2: VbugiraV (big blind) folded on the Turn
Seat 4: Magdiel Appelt folded before Flop (didn't bet)
Seat 5: Junqueiraudi collected ($0.09)
Seat 6: Lorpugo (button) folded on the Turn



PokerStars Hand #240909230009:  Hold'em No Limit ($0.01/$0.02 USD) - 2023/01/04 13:18:03 ET
Table 'Klotho III' 6-max Seat #1 is the button
Seat 1: maurice198099 ($1.06 in chips) 
Seat 2: VbugiraV ($3.11 in chips) 
Seat 4: Magdiel Appelt ($1.14 in chips) 
Seat 5: Junqueiraudi ($0.86 in chips) 
Seat 6: Lorpugo ($1.96 in chips) 
VbugiraV: posts small blind $0.01
Magdiel Appelt: posts big blind $0.02
*** HOLE CARDS ***
Dealt to Lorpugo [7d Ad]
Junqueiraudi: folds 
Lorpugo: raises $0.04 to $0.06
maurice198099: folds 
VbugiraV: raises $0.16 to $0.22
Magdiel Appelt: folds 
Lorpugo: folds 
Uncalled bet ($0.16) returned to VbugiraV
VbugiraV collected $0.14 from pot
*** SUMMARY ***
Total pot $0.14 | Rake $0 
Seat 1: maurice198099 (button) folded before Flop (didn't bet)
Seat 2: VbugiraV (small blind) collected ($0.14)
Seat 4: Magdiel Appelt (big blind) folded before Flop
Seat 5: Junqueiraudi folded before Flop (didn't bet)
Seat 6: Lorpugo folded before Flop



PokerStars Hand #240909239858:  Hold'em No Limit ($0.01/$0.02 USD) - 2023/01/04 13:18:27 ET
Table 'Klotho III' 6-max Seat #2 is the button
Seat 1: maurice198099 ($1.06 in chips) 
Seat 2: VbugiraV ($3.19 in chips) 
Seat 4: Magdiel Appelt ($1.12 in chips) 
Seat 5: Junqueiraudi ($0.86 in chips) 
Seat 6: Lorpugo ($1.90 in chips) 
Magdiel Appelt: posts small blind $0.01
Junqueiraudi: posts big blind $0.02
*** HOLE CARDS ***
Dealt to Lorpugo [Th Tc]
Lorpugo: raises $0.02 to $0.04
maurice198099: calls $0.04
VbugiraV: calls $0.04
Magdiel Appelt: folds 
Junqueiraudi: folds 
*** FLOP *** [8s 6s 3h]
Lorpugo: bets $0.07
maurice198099: calls $0.07
VbugiraV: folds 
*** TURN *** [8s 6s 3h] [7d]
Lorpugo: bets $0.18
maurice198099: calls $0.18
*** RIVER *** [8s 6s 3h 7d] [Qs]
Lorpugo: checks 
maurice198099: bets $0.63
Lorpugo: folds 
Uncalled bet ($0.63) returned to maurice198099
maurice198099 collected $0.63 from pot
maurice198099: doesn't show hand 
*** SUMMARY ***
Total pot $0.65 | Rake $0.02 
Board [8s 6s 3h 7d Qs]
Seat 1: maurice198099 collected ($0.63)
Seat 2: VbugiraV (button) folded on the Flop
Seat 4: Magdiel Appelt (small blind) folded before Flop
Seat 5: Junqueiraudi (big blind) folded before Flop
Seat 6: Lorpugo folded on the River



PokerStars Hand #240909272778:  Hold'em No Limit ($0.01/$0.02 USD) - 2023/01/04 13:19:45 ET
Table 'Klotho III' 6-max Seat #4 is the button
Seat 1: maurice198099 ($1.40 in chips) 
Seat 2: VbugiraV ($3.15 in chips) 
Seat 4: Magdiel Appelt ($1.11 in chips) 
Seat 5: Junqueiraudi ($0.84 in chips) 
Seat 6: Lorpugo ($1.61 in chips) 
Junqueiraudi: posts small blind $0.01
Lorpugo: posts big blind $0.02
*** HOLE CARDS ***
Dealt to Lorpugo [Jc 6h]
maurice198099: folds 
VbugiraV: folds 
Magdiel Appelt: folds 
Junqueiraudi: calls $0.01
Lorpugo: checks 
*** FLOP *** [Ah 5h 2d]
Junqueiraudi: checks 
Lorpugo: checks 
*** TURN *** [Ah 5h 2d] [Qs]
Junqueiraudi: checks 
Lorpugo: checks 
*** RIVER *** [Ah 5h 2d Qs] [7s]
Junqueiraudi: checks 
Lorpugo: checks 
*** SHOW DOWN ***
Junqueiraudi: shows [Kd 9h] (high card Ace)
Lorpugo: mucks hand 
Junqueiraudi collected $0.04 from pot
*** SUMMARY ***
Total pot $0.04 | Rake $0 
Board [Ah 5h 2d Qs 7s]
Seat 1: maurice198099 folded before Flop (didn't bet)
Seat 2: VbugiraV folded before Flop (didn't bet)
Seat 4: Magdiel Appelt (button) folded before Flop (didn't bet)
Seat 5: Junqueiraudi (small blind) showed [Kd 9h] and won ($0.04) with high card Ace
Seat 6: Lorpugo (big blind) mucked [Jc 6h]



PokerStars Hand #240909292824:  Hold'em No Limit ($0.01/$0.02 USD) - 2023/01/04 13:20:32 ET
Table 'Klotho III' 6-max Seat #5 is the button
Seat 1: maurice198099 ($1.40 in chips) 
Seat 2: VbugiraV ($3.15 in chips) 
Seat 4: Magdiel Appelt ($1.11 in chips) 
Seat 5: Junqueiraudi ($0.86 in chips) 
Seat 6: Lorpugo ($1.59 in chips) 
Lorpugo: posts small blind $0.01
maurice198099: posts big blind $0.02
*** HOLE CARDS ***
Dealt to Lorpugo [7h 5c]
VbugiraV: folds 
Magdiel Appelt: folds 
Junqueiraudi: folds 
Lorpugo: raises $0.04 to $0.06
maurice198099: calls $0.04
*** FLOP *** [8c 6h 2s]
Lorpugo: bets $0.06
maurice198099: raises $0.12 to $0.18
Lorpugo: calls $0.12
*** TURN *** [8c 6h 2s] [Kh]
Lorpugo: checks 
maurice198099: bets $0.46
Lorpugo: folds 
Uncalled bet ($0.46) returned to maurice198099
maurice198099 collected $0.46 from pot
maurice198099: doesn't show hand 
*** SUMMARY ***
Total pot $0.48 | Rake $0.02 
Board [8c 6h 2s Kh]
Seat 1: maurice198099 (big blind) collected ($0.46)
Seat 2: VbugiraV folded before Flop (didn't bet)
Seat 4: Magdiel Appelt folded before Flop (didn't bet)
Seat 5: Junqueiraudi (button) folded before Flop (didn't bet)
Seat 6: Lorpugo (small blind) folded on the Turn



PokerStars Hand #240909309834:  Hold'em No Limit ($0.01/$0.02 USD) - 2023/01/04 13:21:13 ET
Table 'Klotho III' 6-max Seat #6 is the button
Seat 1: maurice198099 ($1.62 in chips) 
Seat 2: VbugiraV ($3.15 in chips) 
Seat 4: Magdiel Appelt ($1.11 in chips) 
Seat 5: Junqueiraudi ($0.86 in chips) 
Seat 6: Lorpugo ($1.35 in chips) 
maurice198099: posts small blind $0.01
VbugiraV: posts big blind $0.02
*** HOLE CARDS ***
Dealt to Lorpugo [7s Ah]
Magdiel Appelt: folds 
Junqueiraudi: folds 
Lorpugo: raises $0.04 to $0.06
maurice198099: calls $0.05
VbugiraV: folds 
*** FLOP *** [9h 3s Tc]
maurice198099: checks 
Lorpugo: checks 
*** TURN *** [9h 3s Tc] [8c]
maurice198099: bets $0.14
Lorpugo: calls $0.14
*** RIVER *** [9h 3s Tc 8c] [Ac]
maurice198099: checks 
Lorpugo: bets $0.66
maurice198099: folds 
Uncalled bet ($0.66) returned to Lorpugo
Lorpugo collected $0.41 from pot
Lorpugo: doesn't show hand 
*** SUMMARY ***
Total pot $0.42 | Rake $0.01 
Board [9h 3s Tc 8c Ac]
Seat 1: maurice198099 (small blind) folded on the River
Seat 2: VbugiraV (big blind) folded before Flop
Seat 4: Magdiel Appelt folded before Flop (didn't bet)
Seat 5: Junqueiraudi folded before Flop (didn't bet)
Seat 6: Lorpugo (button) collected ($0.41)



PokerStars Hand #240909337412:  Hold'em No Limit ($0.01/$0.02 USD) - 2023/01/04 13:22:18 ET
Table 'Klotho III' 6-max Seat #1 is the button
Seat 1: maurice198099 ($1.42 in chips) 
Seat 2: VbugiraV ($3.13 in chips) 
Seat 3: TinkAboutHer ($2 in chips) 
Seat 4: Magdiel Appelt ($1.11 in chips) 
Seat 5: Junqueiraudi ($0.86 in chips) 
Seat 6: Lorpugo ($1.56 in chips) 
VbugiraV: posts small blind $0.01
TinkAboutHer: posts big blind $0.02
*** HOLE CARDS ***
Dealt to Lorpugo [6s Tc]
Magdiel Appelt: calls $0.02
Junqueiraudi: folds 
Lorpugo has timed out
Lorpugo: folds 
maurice198099: raises $0.02 to $0.04
VbugiraV: folds 
TinkAboutHer: calls $0.02
Magdiel Appelt: calls $0.02
*** FLOP *** [Jc 7h 6d]
TinkAboutHer: checks 
Magdiel Appelt: checks 
maurice198099: bets $0.13
TinkAboutHer: folds 
Magdiel Appelt: calls $0.13
*** TURN *** [Jc 7h 6d] [5c]
Magdiel Appelt: checks 
maurice198099: bets $0.38
Magdiel Appelt: calls $0.38
*** RIVER *** [Jc 7h 6d 5c] [3h]
Magdiel Appelt: bets $0.56 and is all-in
maurice198099: folds 
Uncalled bet ($0.56) returned to Magdiel Appelt
Magdiel Appelt collected $1.11 from pot
*** SUMMARY ***
Total pot $1.15 | Rake $0.04 
Board [Jc 7h 6d 5c 3h]
Seat 1: maurice198099 (button) folded on the River
Seat 2: VbugiraV (small blind) folded before Flop
Seat 3: TinkAboutHer (big blind) folded on the Flop
Seat 4: Magdiel Appelt collected ($1.11)
Seat 5: Junqueiraudi folded before Flop (didn't bet)
Seat 6: Lorpugo folded before Flop (didn't bet)



PokerStars Hand #240909361608:  Hold'em No Limit ($0.01/$0.02 USD) - 2023/01/04 13:23:15 ET
Table 'Klotho III' 6-max Seat #2 is the button
Seat 1: maurice198099 ($0.87 in chips) 
Seat 2: VbugiraV ($3.12 in chips) 
Seat 3: TinkAboutHer ($1.96 in chips) 
Seat 4: Magdiel Appelt ($1.67 in chips) 
Seat 5: Junqueiraudi ($0.86 in chips) 
Seat 6: Lorpugo ($1.56 in chips) 
TinkAboutHer: posts small blind $0.01
Magdiel Appelt: posts big blind $0.02
*** HOLE CARDS ***
Dealt to Lorpugo [4h Qc]
Junqueiraudi: folds 
Lorpugo: folds 
maurice198099: raises $0.02 to $0.04
VbugiraV: folds 
TinkAboutHer: folds 
Magdiel Appelt: folds 
Uncalled bet ($0.02) returned to maurice198099
maurice198099 collected $0.05 from pot
maurice198099: doesn't show hand 
*** SUMMARY ***
Total pot $0.05 | Rake $0 
Seat 1: maurice198099 collected ($0.05)
Seat 2: VbugiraV (button) folded before Flop (didn't bet)
Seat 3: TinkAboutHer (small blind) folded before Flop
Seat 4: Magdiel Appelt (big blind) folded before Flop
Seat 5: Junqueiraudi folded before Flop (didn't bet)
Seat 6: Lorpugo folded before Flop (didn't bet)



PokerStars Hand #240909369863:  Hold'em No Limit ($0.01/$0.02 USD) - 2023/01/04 13:23:34 ET
Table 'Klotho III' 6-max Seat #3 is the button
Seat 1: maurice198099 ($0.90 in chips) 
Seat 2: VbugiraV ($3.12 in chips) 
Seat 3: TinkAboutHer ($1.95 in chips) 
Seat 4: Magdiel Appelt ($1.65 in chips) 
Seat 5: Junqueiraudi ($0.86 in chips) 
Seat 6: Lorpugo ($1.56 in chips) 
Magdiel Appelt: posts small blind $0.01
Junqueiraudi: posts big blind $0.02
*** HOLE CARDS ***
Dealt to Lorpugo [8h 7d]
Lorpugo: folds 
maurice198099: folds 
VbugiraV: folds 
TinkAboutHer: folds 
Magdiel Appelt: calls $0.01
Junqueiraudi: checks 
*** FLOP *** [6d 9c 2s]
Magdiel Appelt: checks 
Junqueiraudi: bets $0.04
Magdiel Appelt: folds 
Uncalled bet ($0.04) returned to Junqueiraudi
Junqueiraudi collected $0.04 from pot
*** SUMMARY ***
Total pot $0.04 | Rake $0 
Board [6d 9c 2s]
Seat 1: maurice198099 folded before Flop (didn't bet)
Seat 2: VbugiraV folded before Flop (didn't bet)
Seat 3: TinkAboutHer (button) folded before Flop (didn't bet)
Seat 4: Magdiel Appelt (small blind) folded on the Flop
Seat 5: Junqueiraudi (big blind) collected ($0.04)
Seat 6: Lorpugo folded before Flop (didn't bet)



PokerStars Hand #240909378798:  Hold'em No Limit ($0.01/$0.02 USD) - 2023/01/04 13:23:55 ET
Table 'Klotho III' 6-max Seat #4 is the button
Seat 1: maurice198099 ($0.90 in chips) 
Seat 2: VbugiraV ($3.12 in chips) 
Seat 3: TinkAboutHer ($1.95 in chips) 
Seat 4: Magdiel Appelt ($1.63 in chips) 
Seat 5: Junqueiraudi ($0.88 in chips) 
Seat 6: Lorpugo ($1.56 in chips) 
Junqueiraudi: posts small blind $0.01
Lorpugo: posts big blind $0.02
*** HOLE CARDS ***
Dealt to Lorpugo [Ac Kd]
maurice198099: calls $0.02
VbugiraV: folds 
TinkAboutHer has timed out
TinkAboutHer: folds 
Magdiel Appelt: calls $0.02
Junqueiraudi: calls $0.01
Lorpugo: raises $0.08 to $0.10
maurice198099: calls $0.08
Magdiel Appelt: calls $0.08
Junqueiraudi: folds 
*** FLOP *** [5s As 7c]
Lorpugo: bets $0.22
maurice198099: calls $0.22
Magdiel Appelt: folds 
*** TURN *** [5s As 7c] [2c]
Lorpugo: bets $0.84
maurice198099: folds 
Uncalled bet ($0.84) returned to Lorpugo
Lorpugo collected $0.73 from pot
Lorpugo: doesn't show hand 
*** SUMMARY ***
Total pot $0.76 | Rake $0.03 
Board [5s As 7c 2c]
Seat 1: maurice198099 folded on the Turn
Seat 2: VbugiraV folded before Flop (didn't bet)
Seat 3: TinkAboutHer folded before Flop (didn't bet)
Seat 4: Magdiel Appelt (button) folded on the Flop
Seat 5: Junqueiraudi (small blind) folded before Flop
Seat 6: Lorpugo (big blind) collected ($0.73)



PokerStars Hand #240909401244:  Hold'em No Limit ($0.01/$0.02 USD) - 2023/01/04 13:24:49 ET
Table 'Klotho III' 6-max Seat #5 is the button
Seat 1: maurice198099 ($0.58 in chips) 
Seat 2: VbugiraV ($3.12 in chips) 
Seat 3: TinkAboutHer ($1.95 in chips) 
Seat 4: Magdiel Appelt ($1.53 in chips) 
Seat 5: Junqueiraudi ($0.86 in chips) 
Seat 6: Lorpugo ($1.97 in chips) 
Lorpugo: posts small blind $0.01
maurice198099: posts big blind $0.02
*** HOLE CARDS ***
Dealt to Lorpugo [2h Kc]
VbugiraV: folds 
TinkAboutHer: folds 
Magdiel Appelt: folds 
Junqueiraudi: folds 
Lorpugo: raises $0.04 to $0.06
maurice198099: folds 
Uncalled bet ($0.04) returned to Lorpugo
Lorpugo collected $0.04 from pot
Lorpugo: doesn't show hand 
*** SUMMARY ***
Total pot $0.04 | Rake $0 
Seat 1: maurice198099 (big blind) folded before Flop
Seat 2: VbugiraV folded before Flop (didn't bet)
Seat 3: TinkAboutHer folded before Flop (didn't bet)
Seat 4: Magdiel Appelt folded before Flop (didn't bet)
Seat 5: Junqueiraudi (button) folded before Flop (didn't bet)
Seat 6: Lorpugo (small blind) collected ($0.04)



PokerStars Hand #240909408807:  Hold'em No Limit ($0.01/$0.02 USD) - 2023/01/04 13:25:07 ET
Table 'Klotho III' 6-max Seat #6 is the button
Seat 1: maurice198099 ($0.56 in chips) 
Seat 2: VbugiraV ($3.12 in chips) 
Seat 3: TinkAboutHer ($1.95 in chips) 
Seat 4: Magdiel Appelt ($1.53 in chips) 
Seat 5: Junqueiraudi ($0.86 in chips) 
Seat 6: Lorpugo ($1.99 in chips) 
maurice198099: posts small blind $0.01
VbugiraV: posts big blind $0.02
*** HOLE CARDS ***
Dealt to Lorpugo [8c 4h]
TinkAboutHer: folds 
Magdiel Appelt: calls $0.02
Junqueiraudi: folds 
Lorpugo: folds 
maurice198099: calls $0.01
VbugiraV: checks 
*** FLOP *** [9d 5d Td]
maurice198099: checks 
VbugiraV: checks 
Magdiel Appelt: checks 
*** TURN *** [9d 5d Td] [3c]
maurice198099: checks 
VbugiraV: checks 
Magdiel Appelt: bets $0.02
maurice198099: folds 
VbugiraV: calls $0.02
*** RIVER *** [9d 5d Td 3c] [5s]
VbugiraV: bets $0.05
Magdiel Appelt: raises $0.05 to $0.10
VbugiraV: calls $0.05
*** SHOW DOWN ***
Magdiel Appelt: shows [Th Ts] (a full house, Tens full of Fives)
VbugiraV: mucks hand 
Magdiel Appelt collected $0.29 from pot
*** SUMMARY ***
Total pot $0.30 | Rake $0.01 
Board [9d 5d Td 3c 5s]
Seat 1: maurice198099 (small blind) folded on the Turn
Seat 2: VbugiraV (big blind) mucked [Ah 5h]
Seat 3: TinkAboutHer folded before Flop (didn't bet)
Seat 4: Magdiel Appelt showed [Th Ts] and won ($0.29) with a full house, Tens full of Fives
Seat 5: Junqueiraudi folded before Flop (didn't bet)
Seat 6: Lorpugo (button) folded before Flop (didn't bet)



PokerStars Hand #240909425533:  Hold'em No Limit ($0.01/$0.02 USD) - 2023/01/04 13:25:46 ET
Table 'Klotho III' 6-max Seat #1 is the button
Seat 1: maurice198099 ($0.54 in chips) 
Seat 2: VbugiraV ($2.98 in chips) 
Seat 3: TinkAboutHer ($1.95 in chips) 
Seat 4: Magdiel Appelt ($1.68 in chips) 
Seat 5: Junqueiraudi ($0.86 in chips) 
Seat 6: Lorpugo ($1.99 in chips) 
VbugiraV: posts small blind $0.01
TinkAboutHer: posts big blind $0.02
*** HOLE CARDS ***
Dealt to Lorpugo [Jc 3s]
Magdiel Appelt: calls $0.02
Junqueiraudi: calls $0.02
Lorpugo: folds 
maurice198099: folds 
VbugiraV: folds 
TinkAboutHer: raises $0.08 to $0.10
Magdiel Appelt: calls $0.08
Junqueiraudi: calls $0.08
*** FLOP *** [4d Kh As]
TinkAboutHer: bets $0.10
Magdiel Appelt: calls $0.10
Junqueiraudi: folds 
*** TURN *** [4d Kh As] [2c]
TinkAboutHer: bets $0.16
Magdiel Appelt: calls $0.16
*** RIVER *** [4d Kh As 2c] [5h]
TinkAboutHer: bets $0.60
Magdiel Appelt: calls $0.60
*** SHOW DOWN ***
TinkAboutHer: shows [Ah Ac] (three of a kind, Aces)
Magdiel Appelt: mucks hand 
TinkAboutHer collected $1.96 from pot
*** SUMMARY ***
Total pot $2.03 | Rake $0.07 
Board [4d Kh As 2c 5h]
Seat 1: maurice198099 (button) folded before Flop (didn't bet)
Seat 2: VbugiraV (small blind) folded before Flop
Seat 3: TinkAboutHer (big blind) showed [Ah Ac] and won ($1.96) with three of a kind, Aces
Seat 4: Magdiel Appelt mucked [8d Kd]
Seat 5: Junqueiraudi folded on the Flop
Seat 6: Lorpugo folded before Flop (didn't bet)



PokerStars Hand #240909460422:  Hold'em No Limit ($0.01/$0.02 USD) - 2023/01/04 13:27:09 ET
Table 'Klotho III' 6-max Seat #2 is the button
Seat 1: maurice198099 ($0.54 in chips) 
Seat 2: VbugiraV ($2.97 in chips) 
Seat 3: TinkAboutHer ($2.95 in chips) 
Seat 4: Magdiel Appelt ($0.72 in chips) 
Seat 5: Junqueiraudi ($0.76 in chips) 
Seat 6: Lorpugo ($1.99 in chips) 
TinkAboutHer: posts small blind $0.01
Magdiel Appelt: posts big blind $0.02
*** HOLE CARDS ***
Dealt to Lorpugo [Kc 8d]
Junqueiraudi: calls $0.02
Lorpugo: folds 
maurice198099: folds 
VbugiraV: folds 
TinkAboutHer: raises $0.08 to $0.10
Magdiel Appelt: folds 
Junqueiraudi: calls $0.08
*** FLOP *** [Jd 9d Qd]
TinkAboutHer: checks 
Junqueiraudi: bets $0.11
TinkAboutHer: calls $0.11
*** TURN *** [Jd 9d Qd] [8c]
TinkAboutHer: checks 
Junqueiraudi: bets $0.21
TinkAboutHer: folds 
Uncalled bet ($0.21) returned to Junqueiraudi
Junqueiraudi collected $0.42 from pot
*** SUMMARY ***
Total pot $0.44 | Rake $0.02 
Board [Jd 9d Qd 8c]
Seat 1: maurice198099 folded before Flop (didn't bet)
Seat 2: VbugiraV (button) folded before Flop (didn't bet)
Seat 3: TinkAboutHer (small blind) folded on the Turn
Seat 4: Magdiel Appelt (big blind) folded before Flop
Seat 5: Junqueiraudi collected ($0.42)
Seat 6: Lorpugo folded before Flop (didn't bet)



PokerStars Hand #240909483570:  Hold'em No Limit ($0.01/$0.02 USD) - 2023/01/04 13:28:03 ET
Table 'Klotho III' 6-max Seat #3 is the button
Seat 1: maurice198099 ($0.54 in chips) 
Seat 2: VbugiraV ($2.97 in chips) 
Seat 3: TinkAboutHer ($2.74 in chips) 
Seat 4: Magdiel Appelt ($0.70 in chips) 
Seat 5: Junqueiraudi ($0.97 in chips) 
Seat 6: Lorpugo ($1.99 in chips) 
Magdiel Appelt: posts small blind $0.01
Junqueiraudi: posts big blind $0.02
*** HOLE CARDS ***
Dealt to Lorpugo [5h 2h]
Lorpugo: folds 
maurice198099: raises $0.02 to $0.04
VbugiraV: folds 
TinkAboutHer: folds 
Magdiel Appelt: folds 
Junqueiraudi: raises $0.02 to $0.06
maurice198099: calls $0.02
*** FLOP *** [7d Qd 6s]
Junqueiraudi: checks 
maurice198099: checks 
*** TURN *** [7d Qd 6s] [7h]
Junqueiraudi: checks 
maurice198099: bets $0.13
Junqueiraudi: calls $0.13
*** RIVER *** [7d Qd 6s 7h] [9d]
Junqueiraudi: checks 
maurice198099: checks 
*** SHOW DOWN ***
Junqueiraudi: shows [Jc Ad] (a pair of Sevens)
maurice198099: mucks hand 
Junqueiraudi collected $0.38 from pot
*** SUMMARY ***
Total pot $0.39 | Rake $0.01 
Board [7d Qd 6s 7h 9d]
Seat 1: maurice198099 mucked [5c Ac]
Seat 2: VbugiraV folded before Flop (didn't bet)
Seat 3: TinkAboutHer (button) folded before Flop (didn't bet)
Seat 4: Magdiel Appelt (small blind) folded before Flop
Seat 5: Junqueiraudi (big blind) showed [Jc Ad] and won ($0.38) with a pair of Sevens
Seat 6: Lorpugo folded before Flop (didn't bet)



PokerStars Hand #240909497613:  Hold'em No Limit ($0.01/$0.02 USD) - 2023/01/04 13:28:37 ET
Table 'Klotho III' 6-max Seat #4 is the button
Seat 1: maurice198099 ($0.35 in chips) 
Seat 2: VbugiraV ($2.97 in chips) 
Seat 3: TinkAboutHer ($2.74 in chips) 
Seat 4: Magdiel Appelt ($0.69 in chips) 
Seat 5: Junqueiraudi ($1.16 in chips) 
Seat 6: Lorpugo ($1.99 in chips) 
Junqueiraudi: posts small blind $0.01
Lorpugo: posts big blind $0.02
*** HOLE CARDS ***
Dealt to Lorpugo [Ac Tc]
maurice198099: folds 
VbugiraV: folds 
TinkAboutHer: folds 
Magdiel Appelt: calls $0.02
Junqueiraudi: folds 
Lorpugo: raises $0.05 to $0.07
Magdiel Appelt: calls $0.05
*** FLOP *** [3d Ks Qh]
Lorpugo: checks 
Magdiel Appelt: checks 
*** TURN *** [3d Ks Qh] [3h]
Lorpugo: checks 
Magdiel Appelt: checks 
*** RIVER *** [3d Ks Qh 3h] [4c]
Lorpugo: checks 
Magdiel Appelt: checks 
*** SHOW DOWN ***
Lorpugo: shows [Ac Tc] (a pair of Threes)
Magdiel Appelt: mucks hand 
Lorpugo collected $0.14 from pot
*** SUMMARY ***
Total pot $0.15 | Rake $0.01 
Board [3d Ks Qh 3h 4c]
Seat 1: maurice198099 folded before Flop (didn't bet)
Seat 2: VbugiraV folded before Flop (didn't bet)
Seat 3: TinkAboutHer folded before Flop (didn't bet)
Seat 4: Magdiel Appelt (button) mucked [8c 7d]
Seat 5: Junqueiraudi (small blind) folded before Flop
Seat 6: Lorpugo (big blind) showed [Ac Tc] and won ($0.14) with a pair of Threes



PokerStars Hand #240909510824:  Hold'em No Limit ($0.01/$0.02 USD) - 2023/01/04 13:29:08 ET
Table 'Klotho III' 6-max Seat #5 is the button
Seat 1: maurice198099 ($0.35 in chips) 
Seat 2: VbugiraV ($2.97 in chips) 
Seat 3: TinkAboutHer ($2.74 in chips) 
Seat 4: Magdiel Appelt ($0.62 in chips) 
Seat 5: Junqueiraudi ($1.15 in chips) 
Seat 6: Lorpugo ($2.06 in chips) 
Lorpugo: posts small blind $0.01
maurice198099: posts big blind $0.02
*** HOLE CARDS ***
Dealt to Lorpugo [5c 9s]
VbugiraV: folds 
TinkAboutHer: folds 
Magdiel Appelt: calls $0.02
Junqueiraudi: folds 
Lorpugo: folds 
maurice198099: checks 
*** FLOP *** [5d 6s Qd]
maurice198099: bets $0.05
Magdiel Appelt: folds 
Uncalled bet ($0.05) returned to maurice198099
maurice198099 collected $0.05 from pot
maurice198099: doesn't show hand 
*** SUMMARY ***
Total pot $0.05 | Rake $0 
Board [5d 6s Qd]
Seat 1: maurice198099 (big blind) collected ($0.05)
Seat 2: VbugiraV folded before Flop (didn't bet)
Seat 3: TinkAboutHer folded before Flop (didn't bet)
Seat 4: Magdiel Appelt folded on the Flop
Seat 5: Junqueiraudi (button) folded before Flop (didn't bet)
Seat 6: Lorpugo (small blind) folded before Flop



PokerStars Hand #240909517976:  Hold'em No Limit ($0.01/$0.02 USD) - 2023/01/04 13:29:25 ET
Table 'Klotho III' 6-max Seat #6 is the button
Seat 1: maurice198099 ($0.38 in chips) 
Seat 2: VbugiraV ($2.97 in chips) 
Seat 3: TinkAboutHer ($2.74 in chips) 
Seat 4: Magdiel Appelt ($0.60 in chips) 
Seat 5: Junqueiraudi ($1.15 in chips) 
Seat 6: Lorpugo ($2.05 in chips) 
maurice198099: posts small blind $0.01
VbugiraV: posts big blind $0.02
*** HOLE CARDS ***
Dealt to Lorpugo [8h Kd]
TinkAboutHer: folds 
Magdiel Appelt: calls $0.02
Junqueiraudi: folds 
Lorpugo: folds 
maurice198099: raises $0.02 to $0.04
VbugiraV: folds 
Magdiel Appelt: calls $0.02
*** FLOP *** [2s 6d 9h]
maurice198099: bets $0.34 and is all-in
Magdiel Appelt: folds 
Uncalled bet ($0.34) returned to maurice198099
maurice198099 collected $0.10 from pot
maurice198099: doesn't show hand 
*** SUMMARY ***
Total pot $0.10 | Rake $0 
Board [2s 6d 9h]
Seat 1: maurice198099 (small blind) collected ($0.10)
Seat 2: VbugiraV (big blind) folded before Flop
Seat 3: TinkAboutHer folded before Flop (didn't bet)
Seat 4: Magdiel Appelt folded on the Flop
Seat 5: Junqueiraudi folded before Flop (didn't bet)
Seat 6: Lorpugo (button) folded before Flop (didn't bet)



PokerStars Hand #240909530523:  Hold'em No Limit ($0.01/$0.02 USD) - 2023/01/04 13:29:55 ET
Table 'Klotho III' 6-max Seat #1 is the button
Seat 1: maurice198099 ($0.44 in chips) 
Seat 2: VbugiraV ($2.95 in chips) 
Seat 3: TinkAboutHer ($2.74 in chips) 
Seat 4: Magdiel Appelt ($0.56 in chips) 
Seat 5: Junqueiraudi ($1.15 in chips) 
Seat 6: Lorpugo ($2.05 in chips) 
VbugiraV: posts small blind $0.01
TinkAboutHer: posts big blind $0.02
*** HOLE CARDS ***
Dealt to Lorpugo [Js 4d]
Magdiel Appelt: calls $0.02
Junqueiraudi: calls $0.02
Lorpugo: folds 
maurice198099: raises $0.02 to $0.04
VbugiraV: folds 
TinkAboutHer: folds 
Magdiel Appelt: calls $0.02
Junqueiraudi: calls $0.02
*** FLOP *** [6c Jc 5d]
Magdiel Appelt: bets $0.02
Junqueiraudi: calls $0.02
maurice198099: raises $0.10 to $0.12
Magdiel Appelt: calls $0.10
Junqueiraudi: calls $0.10
*** TURN *** [6c Jc 5d] [Td]
Magdiel Appelt: bets $0.40 and is all-in
Junqueiraudi: calls $0.40
maurice198099: calls $0.28 and is all-in
*** RIVER *** [6c Jc 5d Td] [Kh]
*** SHOW DOWN ***
Magdiel Appelt: shows [Ts 6s] (two pair, Tens and Sixes)
Junqueiraudi: shows [Ah Ac] (a pair of Aces)
Magdiel Appelt collected $0.23 from side pot
maurice198099: shows [9c 8s] (high card King)
Magdiel Appelt collected $1.30 from main pot
Junqueiraudi cashed out the hand for $0.29
*** SUMMARY ***
Total pot $1.59 Main pot $1.30. Side pot $0.23. | Rake $0.06 
Board [6c Jc 5d Td Kh]
Seat 1: maurice198099 (button) showed [9c 8s] and lost with high card King
Seat 2: VbugiraV (small blind) folded before Flop
Seat 3: TinkAboutHer (big blind) folded before Flop
Seat 4: Magdiel Appelt showed [Ts 6s] and won ($1.53) with two pair, Tens and Sixes
Seat 5: Junqueiraudi showed [Ah Ac] and lost with a pair of Aces (cashed out).
Seat 6: Lorpugo folded before Flop (didn't bet)



PokerStars Hand #240909558974:  Hold'em No Limit ($0.01/$0.02 USD) - 2023/01/04 13:31:00 ET
Table 'Klotho III' 6-max Seat #2 is the button
Seat 2: VbugiraV ($2.94 in chips) 
Seat 3: TinkAboutHer ($2.72 in chips) 
Seat 4: Magdiel Appelt ($1.53 in chips) 
Seat 5: Junqueiraudi ($0.88 in chips) 
Seat 6: Lorpugo ($2.05 in chips) 
TinkAboutHer: posts small blind $0.01
Magdiel Appelt: posts big blind $0.02
*** HOLE CARDS ***
Dealt to Lorpugo [4d 3d]
Junqueiraudi: folds 
Lorpugo: folds 
VbugiraV: folds 
maurice198099 leaves the table
TinkAboutHer: folds 
Uncalled bet ($0.01) returned to Magdiel Appelt
Magdiel Appelt collected $0.02 from pot
p1nglad3n joins the table at seat #1 
*** SUMMARY ***
Total pot $0.02 | Rake $0 
Seat 2: VbugiraV (button) folded before Flop (didn't bet)
Seat 3: TinkAboutHer (small blind) folded before Flop
Seat 4: Magdiel Appelt (big blind) collected ($0.02)
Seat 5: Junqueiraudi folded before Flop (didn't bet)
Seat 6: Lorpugo folded before Flop (didn't bet)



PokerStars Hand #240909564353:  Hold'em No Limit ($0.01/$0.02 USD) - 2023/01/04 13:31:13 ET
Table 'Klotho III' 6-max Seat #3 is the button
Seat 2: VbugiraV ($2.94 in chips) 
Seat 3: TinkAboutHer ($2.71 in chips) 
Seat 4: Magdiel Appelt ($1.54 in chips) 
Seat 5: Junqueiraudi ($0.88 in chips) 
Seat 6: Lorpugo ($2.05 in chips) 
Magdiel Appelt: posts small blind $0.01
Junqueiraudi: posts big blind $0.02
*** HOLE CARDS ***
Dealt to Lorpugo [Ac 8s]
Lorpugo: raises $0.04 to $0.06
VbugiraV: folds 
TinkAboutHer: folds 
Magdiel Appelt: calls $0.05
Junqueiraudi: calls $0.04
*** FLOP *** [Qc Ah 7d]
Magdiel Appelt: checks 
Junqueiraudi: checks 
Lorpugo: bets $0.09
Magdiel Appelt: folds 
Junqueiraudi: folds 
Uncalled bet ($0.09) returned to Lorpugo
Lorpugo collected $0.17 from pot
Lorpugo: doesn't show hand 
*** SUMMARY ***
Total pot $0.18 | Rake $0.01 
Board [Qc Ah 7d]
Seat 2: VbugiraV folded before Flop (didn't bet)
Seat 3: TinkAboutHer (button) folded before Flop (didn't bet)
Seat 4: Magdiel Appelt (small blind) folded on the Flop
Seat 5: Junqueiraudi (big blind) folded on the Flop
Seat 6: Lorpugo collected ($0.17)



PokerStars Hand #240909575998:  Hold'em No Limit ($0.01/$0.02 USD) - 2023/01/04 13:31:40 ET
Table 'Klotho III' 6-max Seat #4 is the button
Seat 2: VbugiraV ($2.94 in chips) 
Seat 3: TinkAboutHer ($2.71 in chips) 
Seat 4: Magdiel Appelt ($1.48 in chips) 
Seat 5: Junqueiraudi ($0.82 in chips) 
Seat 6: Lorpugo ($2.16 in chips) 
Junqueiraudi: posts small blind $0.01
Lorpugo: posts big blind $0.02
*** HOLE CARDS ***
Dealt to Lorpugo [6c 7h]
VbugiraV: raises $0.04 to $0.06
TinkAboutHer: folds 
Magdiel Appelt: folds 
Junqueiraudi: calls $0.05
Lorpugo: folds 
*** FLOP *** [As 3d 5h]
Junqueiraudi: checks 
VbugiraV: bets $0.06
Junqueiraudi: raises $0.06 to $0.12
VbugiraV: folds 
Uncalled bet ($0.06) returned to Junqueiraudi
Junqueiraudi collected $0.25 from pot
*** SUMMARY ***
Total pot $0.26 | Rake $0.01 
Board [As 3d 5h]
Seat 2: VbugiraV folded on the Flop
Seat 3: TinkAboutHer folded before Flop (didn't bet)
Seat 4: Magdiel Appelt (button) folded before Flop (didn't bet)
Seat 5: Junqueiraudi (small blind) collected ($0.25)
Seat 6: Lorpugo (big blind) folded before Flop



PokerStars Hand #240909590192:  Hold'em No Limit ($0.01/$0.02 USD) - 2023/01/04 13:32:13 ET
Table 'Klotho III' 6-max Seat #5 is the button
Seat 1: p1nglad3n ($2 in chips) 
Seat 2: VbugiraV ($2.82 in chips) 
Seat 3: TinkAboutHer ($2.71 in chips) 
Seat 4: Magdiel Appelt ($1.48 in chips) 
Seat 5: Junqueiraudi ($0.95 in chips) 
Seat 6: Lorpugo ($2.14 in chips) 
Lorpugo: posts small blind $0.01
p1nglad3n: posts big blind $0.02
*** HOLE CARDS ***
Dealt to Lorpugo [Jd 8s]
VbugiraV: folds 
TinkAboutHer: folds 
Magdiel Appelt: calls $0.02
Junqueiraudi: folds 
Lorpugo: calls $0.01
p1nglad3n: checks 
*** FLOP *** [Qc 5c 4s]
Lorpugo: checks 
p1nglad3n: checks 
Magdiel Appelt: checks 
*** TURN *** [Qc 5c 4s] [Ks]
Lorpugo: bets $0.02
p1nglad3n: folds 
Magdiel Appelt: folds 
Uncalled bet ($0.02) returned to Lorpugo
Lorpugo collected $0.06 from pot
Lorpugo: doesn't show hand 
*** SUMMARY ***
Total pot $0.06 | Rake $0 
Board [Qc 5c 4s Ks]
Seat 1: p1nglad3n (big blind) folded on the Turn
Seat 2: VbugiraV folded before Flop (didn't bet)
Seat 3: TinkAboutHer folded before Flop (didn't bet)
Seat 4: Magdiel Appelt folded on the Turn
Seat 5: Junqueiraudi (button) folded before Flop (didn't bet)
Seat 6: Lorpugo (small blind) collected ($0.06)



PokerStars Hand #240909605163:  Hold'em No Limit ($0.01/$0.02 USD) - 2023/01/04 13:32:48 ET
Table 'Klotho III' 6-max Seat #6 is the button
Seat 1: p1nglad3n ($2 in chips) 
Seat 2: VbugiraV ($2.82 in chips) 
Seat 3: TinkAboutHer ($2.71 in chips) 
Seat 4: Magdiel Appelt ($1.46 in chips) 
Seat 5: Junqueiraudi ($0.95 in chips) 
Seat 6: Lorpugo ($2.18 in chips) 
p1nglad3n: posts small blind $0.01
VbugiraV: posts big blind $0.02
*** HOLE CARDS ***
Dealt to Lorpugo [Qh 9s]
TinkAboutHer: folds 
Magdiel Appelt: calls $0.02
Junqueiraudi: raises $0.02 to $0.04
Lorpugo: folds 
p1nglad3n: folds 
VbugiraV: folds 
Magdiel Appelt: calls $0.02
*** FLOP *** [Kh 4c 4d]
Magdiel Appelt: checks 
Junqueiraudi: bets $0.06
Magdiel Appelt: folds 
Uncalled bet ($0.06) returned to Junqueiraudi
Junqueiraudi collected $0.11 from pot
*** SUMMARY ***
Total pot $0.11 | Rake $0 
Board [Kh 4c 4d]
Seat 1: p1nglad3n (small blind) folded before Flop
Seat 2: VbugiraV (big blind) folded before Flop
Seat 3: TinkAboutHer folded before Flop (didn't bet)
Seat 4: Magdiel Appelt folded on the Flop
Seat 5: Junqueiraudi collected ($0.11)
Seat 6: Lorpugo (button) folded before Flop (didn't bet)



PokerStars Hand #240909617742:  Hold'em No Limit ($0.01/$0.02 USD) - 2023/01/04 13:33:17 ET
Table 'Klotho III' 6-max Seat #1 is the button
Seat 1: p1nglad3n ($2 in chips) 
Seat 2: VbugiraV ($2.80 in chips) 
Seat 3: TinkAboutHer ($2.71 in chips) 
Seat 4: Magdiel Appelt ($1.42 in chips) 
Seat 5: Junqueiraudi ($1.02 in chips) 
Seat 6: Lorpugo ($2.18 in chips) 
VbugiraV: posts small blind $0.01
TinkAboutHer: posts big blind $0.02
*** HOLE CARDS ***
Dealt to Lorpugo [9c Qd]
Magdiel Appelt: calls $0.02
Junqueiraudi: calls $0.02
Lorpugo: folds 
p1nglad3n: folds 
VbugiraV: folds 
TinkAboutHer: checks 
*** FLOP *** [Ks Ah 8s]
TinkAboutHer: checks 
Magdiel Appelt: bets $0.02
Junqueiraudi: calls $0.02
TinkAboutHer: folds 
*** TURN *** [Ks Ah 8s] [Ac]
Magdiel Appelt: bets $0.06
Junqueiraudi: folds 
Uncalled bet ($0.06) returned to Magdiel Appelt
Magdiel Appelt collected $0.11 from pot
*** SUMMARY ***
Total pot $0.11 | Rake $0 
Board [Ks Ah 8s Ac]
Seat 1: p1nglad3n (button) folded before Flop (didn't bet)
Seat 2: VbugiraV (small blind) folded before Flop
Seat 3: TinkAboutHer (big blind) folded on the Flop
Seat 4: Magdiel Appelt collected ($0.11)
Seat 5: Junqueiraudi folded on the Turn
Seat 6: Lorpugo folded before Flop (didn't bet)



PokerStars Hand #240909629415:  Hold'em No Limit ($0.01/$0.02 USD) - 2023/01/04 13:33:44 ET
Table 'Klotho III' 6-max Seat #2 is the button
Seat 1: p1nglad3n ($2 in chips) 
Seat 2: VbugiraV ($2.79 in chips) 
Seat 3: TinkAboutHer ($2.69 in chips) 
Seat 4: Magdiel Appelt ($1.49 in chips) 
Seat 5: Junqueiraudi ($0.98 in chips) 
Seat 6: Lorpugo ($2.18 in chips) 
TinkAboutHer: posts small blind $0.01
Magdiel Appelt: posts big blind $0.02
*** HOLE CARDS ***
Dealt to Lorpugo [2s 3h]
Junqueiraudi: calls $0.02
Lorpugo: folds 
p1nglad3n: folds 
VbugiraV: folds 
TinkAboutHer: folds 
Magdiel Appelt: checks 
*** FLOP *** [Jh 4d Ah]
Magdiel Appelt: checks 
Junqueiraudi: checks 
*** TURN *** [Jh 4d Ah] [Ks]
Magdiel Appelt: checks 
Junqueiraudi: checks 
*** RIVER *** [Jh 4d Ah Ks] [Ts]
Magdiel Appelt: checks 
Junqueiraudi: checks 
*** SHOW DOWN ***
Magdiel Appelt: shows [6c 5h] (high card Ace)
Junqueiraudi: shows [7d 8d] (high card Ace - King+Jack+Ten+Eight kicker)
Junqueiraudi collected $0.05 from pot
*** SUMMARY ***
Total pot $0.05 | Rake $0 
Board [Jh 4d Ah Ks Ts]
Seat 1: p1nglad3n folded before Flop (didn't bet)
Seat 2: VbugiraV (button) folded before Flop (didn't bet)
Seat 3: TinkAboutHer (small blind) folded before Flop
Seat 4: Magdiel Appelt (big blind) showed [6c 5h] and lost with high card Ace
Seat 5: Junqueiraudi showed [7d 8d] and won ($0.05) with high card Ace
Seat 6: Lorpugo folded before Flop (didn't bet)



PokerStars Hand #240909638536:  Hold'em No Limit ($0.01/$0.02 USD) - 2023/01/04 13:34:05 ET
Table 'Klotho III' 6-max Seat #3 is the button
Seat 1: p1nglad3n ($2 in chips) 
Seat 2: VbugiraV ($2.79 in chips) 
Seat 3: TinkAboutHer ($2.68 in chips) 
Seat 4: Magdiel Appelt ($1.47 in chips) 
Seat 5: Junqueiraudi ($1.01 in chips) 
Seat 6: Lorpugo ($2.18 in chips) 
Magdiel Appelt: posts small blind $0.01
Junqueiraudi: posts big blind $0.02
*** HOLE CARDS ***
Dealt to Lorpugo [2s 9c]
Lorpugo: folds 
p1nglad3n: folds 
VbugiraV: folds 
TinkAboutHer: folds 
Magdiel Appelt: calls $0.01
Junqueiraudi: checks 
*** FLOP *** [6s 3c 4c]
Magdiel Appelt: checks 
Junqueiraudi: bets $0.04
Magdiel Appelt: folds 
Uncalled bet ($0.04) returned to Junqueiraudi
Junqueiraudi collected $0.04 from pot
*** SUMMARY ***
Total pot $0.04 | Rake $0 
Board [6s 3c 4c]
Seat 1: p1nglad3n folded before Flop (didn't bet)
Seat 2: VbugiraV folded before Flop (didn't bet)
Seat 3: TinkAboutHer (button) folded before Flop (didn't bet)
Seat 4: Magdiel Appelt (small blind) folded on the Flop
Seat 5: Junqueiraudi (big blind) collected ($0.04)
Seat 6: Lorpugo folded before Flop (didn't bet)



PokerStars Hand #240909647582:  Hold'em No Limit ($0.01/$0.02 USD) - 2023/01/04 13:34:26 ET
Table 'Klotho III' 6-max Seat #4 is the button
Seat 1: p1nglad3n ($2 in chips) 
Seat 2: VbugiraV ($2.79 in chips) 
Seat 3: TinkAboutHer ($2.68 in chips) 
Seat 4: Magdiel Appelt ($1.45 in chips) 
Seat 5: Junqueiraudi ($1.03 in chips) 
Seat 6: Lorpugo ($2.18 in chips) 
Junqueiraudi: posts small blind $0.01
Lorpugo: posts big blind $0.02
*** HOLE CARDS ***
Dealt to Lorpugo [4s Js]
p1nglad3n: folds 
VbugiraV: folds 
TinkAboutHer: folds 
Magdiel Appelt: calls $0.02
Junqueiraudi: folds 
Lorpugo: checks 
*** FLOP *** [4d Qc Kc]
Lorpugo: checks 
Magdiel Appelt: checks 
*** TURN *** [4d Qc Kc] [7s]
Lorpugo: checks 
Magdiel Appelt: bets $0.02
Lorpugo: calls $0.02
*** RIVER *** [4d Qc Kc 7s] [Qh]
Lorpugo: checks 
Magdiel Appelt: bets $0.02
Lorpugo: calls $0.02
*** SHOW DOWN ***
Magdiel Appelt: shows [9d Kd] (two pair, Kings and Queens)
Lorpugo: mucks hand 
Magdiel Appelt collected $0.13 from pot
*** SUMMARY ***
Total pot $0.13 | Rake $0 
Board [4d Qc Kc 7s Qh]
Seat 1: p1nglad3n folded before Flop (didn't bet)
Seat 2: VbugiraV folded before Flop (didn't bet)
Seat 3: TinkAboutHer folded before Flop (didn't bet)
Seat 4: Magdiel Appelt (button) showed [9d Kd] and won ($0.13) with two pair, Kings and Queens
Seat 5: Junqueiraudi (small blind) folded before Flop
Seat 6: Lorpugo (big blind) mucked [4s Js]



PokerStars Hand #240909669776:  Hold'em No Limit ($0.01/$0.02 USD) - 2023/01/04 13:35:18 ET
Table 'Klotho III' 6-max Seat #5 is the button
Seat 1: p1nglad3n ($2 in chips) 
Seat 2: VbugiraV ($2.79 in chips) 
Seat 3: TinkAboutHer ($2.68 in chips) 
Seat 4: Magdiel Appelt ($1.52 in chips) 
Seat 5: Junqueiraudi ($1.02 in chips) 
Seat 6: Lorpugo ($2.12 in chips) 
Lorpugo: posts small blind $0.01
p1nglad3n: posts big blind $0.02
*** HOLE CARDS ***
Dealt to Lorpugo [9h Ks]
VbugiraV: raises $0.04 to $0.06
TinkAboutHer: folds 
Magdiel Appelt: calls $0.06
Junqueiraudi: folds 
Lorpugo: folds 
p1nglad3n: folds 
*** FLOP *** [3h Th 4s]
VbugiraV: checks 
Magdiel Appelt: bets $0.02
VbugiraV: calls $0.02
*** TURN *** [3h Th 4s] [8d]
VbugiraV: checks 
Magdiel Appelt: checks 
*** RIVER *** [3h Th 4s 8d] [2d]
VbugiraV: checks 
Magdiel Appelt: bets $0.10
VbugiraV: calls $0.10
*** SHOW DOWN ***
Magdiel Appelt: shows [3d 3c] (three of a kind, Threes)
VbugiraV: mucks hand 
Magdiel Appelt collected $0.38 from pot
*** SUMMARY ***
Total pot $0.39 | Rake $0.01 
Board [3h Th 4s 8d 2d]
Seat 1: p1nglad3n (big blind) folded before Flop
Seat 2: VbugiraV mucked [Ts Kh]
Seat 3: TinkAboutHer folded before Flop (didn't bet)
Seat 4: Magdiel Appelt showed [3d 3c] and won ($0.38) with three of a kind, Threes
Seat 5: Junqueiraudi (button) folded before Flop (didn't bet)
Seat 6: Lorpugo (small blind) folded before Flop



PokerStars Hand #240909687560:  Hold'em No Limit ($0.01/$0.02 USD) - 2023/01/04 13:35:59 ET
Table 'Klotho III' 6-max Seat #6 is the button
Seat 1: p1nglad3n ($2 in chips) 
Seat 2: VbugiraV ($2.61 in chips) 
Seat 3: TinkAboutHer ($2.68 in chips) 
Seat 4: Magdiel Appelt ($1.72 in chips) 
Seat 5: Junqueiraudi ($1.02 in chips) 
Seat 6: Lorpugo ($2.11 in chips) 
p1nglad3n: posts small blind $0.01
VbugiraV: posts big blind $0.02
*** HOLE CARDS ***
Dealt to Lorpugo [Ks 9h]
TinkAboutHer: folds 
Magdiel Appelt: folds 
Junqueiraudi: folds 
Lorpugo: raises $0.04 to $0.06
p1nglad3n: calls $0.05
VbugiraV: folds 
*** FLOP *** [As 9s Th]
p1nglad3n: checks 
Lorpugo: bets $0.02
p1nglad3n: folds 
Uncalled bet ($0.02) returned to Lorpugo
Lorpugo collected $0.14 from pot
Lorpugo: doesn't show hand 
*** SUMMARY ***
Total pot $0.14 | Rake $0 
Board [As 9s Th]
Seat 1: p1nglad3n (small blind) folded on the Flop
Seat 2: VbugiraV (big blind) folded before Flop
Seat 3: TinkAboutHer folded before Flop (didn't bet)
Seat 4: Magdiel Appelt folded before Flop (didn't bet)
Seat 5: Junqueiraudi folded before Flop (didn't bet)
Seat 6: Lorpugo (button) collected ($0.14)



PokerStars Hand #240909696844:  Hold'em No Limit ($0.01/$0.02 USD) - 2023/01/04 13:36:21 ET
Table 'Klotho III' 6-max Seat #1 is the button
Seat 1: p1nglad3n ($2 in chips) 
Seat 2: VbugiraV ($2.59 in chips) 
Seat 3: TinkAboutHer ($2.68 in chips) 
Seat 4: Magdiel Appelt ($1.72 in chips) 
Seat 5: Junqueiraudi ($1.02 in chips) 
Seat 6: Lorpugo ($2.19 in chips) 
VbugiraV: posts small blind $0.01
TinkAboutHer: posts big blind $0.02
*** HOLE CARDS ***
Dealt to Lorpugo [Td 8h]
Magdiel Appelt: folds 
Junqueiraudi: raises $0.02 to $0.04
Lorpugo: folds 
p1nglad3n: folds 
VbugiraV: folds 
TinkAboutHer: folds 
Uncalled bet ($0.02) returned to Junqueiraudi
Junqueiraudi collected $0.05 from pot
*** SUMMARY ***
Total pot $0.05 | Rake $0 
Seat 1: p1nglad3n (button) folded before Flop (didn't bet)
Seat 2: VbugiraV (small blind) folded before Flop
Seat 3: TinkAboutHer (big blind) folded before Flop
Seat 4: Magdiel Appelt folded before Flop (didn't bet)
Seat 5: Junqueiraudi collected ($0.05)
Seat 6: Lorpugo folded before Flop (didn't bet)



PokerStars Hand #240909705278:  Hold'em No Limit ($0.01/$0.02 USD) - 2023/01/04 13:36:40 ET
Table 'Klotho III' 6-max Seat #2 is the button
Seat 1: p1nglad3n ($2 in chips) 
Seat 2: VbugiraV ($2.58 in chips) 
Seat 3: TinkAboutHer ($2.66 in chips) 
Seat 4: Magdiel Appelt ($1.72 in chips) 
Seat 5: Junqueiraudi ($1.05 in chips) 
Seat 6: Lorpugo ($2.19 in chips) 
TinkAboutHer: posts small blind $0.01
Magdiel Appelt: posts big blind $0.02
*** HOLE CARDS ***
Dealt to Lorpugo [7d 6h]
Junqueiraudi: raises $0.02 to $0.04
Lorpugo: folds 
p1nglad3n: folds 
VbugiraV: folds 
TinkAboutHer: folds 
Magdiel Appelt: calls $0.02
*** FLOP *** [9d 3c 8c]
Magdiel Appelt: checks 
Junqueiraudi: bets $0.05
Magdiel Appelt: calls $0.05
*** TURN *** [9d 3c 8c] [6d]
Magdiel Appelt: checks 
Junqueiraudi: bets $0.09
Magdiel Appelt: calls $0.09
*** RIVER *** [9d 3c 8c 6d] [Ks]
Magdiel Appelt: checks 
Junqueiraudi: checks 
*** SHOW DOWN ***
Magdiel Appelt: shows [Td 3d] (a pair of Threes)
Junqueiraudi: mucks hand 
Magdiel Appelt collected $0.36 from pot
*** SUMMARY ***
Total pot $0.37 | Rake $0.01 
Board [9d 3c 8c 6d Ks]
Seat 1: p1nglad3n folded before Flop (didn't bet)
Seat 2: VbugiraV (button) folded before Flop (didn't bet)
Seat 3: TinkAboutHer (small blind) folded before Flop
Seat 4: Magdiel Appelt (big blind) showed [Td 3d] and won ($0.36) with a pair of Threes
Seat 5: Junqueiraudi mucked [Qs Jd]
Seat 6: Lorpugo folded before Flop (didn't bet)



PokerStars Hand #240909720323:  Hold'em No Limit ($0.01/$0.02 USD) - 2023/01/04 13:37:15 ET
Table 'Klotho III' 6-max Seat #3 is the button
Seat 1: p1nglad3n ($2 in chips) 
Seat 2: VbugiraV ($2.58 in chips) 
Seat 3: TinkAboutHer ($2.65 in chips) 
Seat 4: Magdiel Appelt ($1.90 in chips) 
Seat 5: Junqueiraudi ($0.87 in chips) 
Seat 6: Lorpugo ($2.19 in chips) 
Magdiel Appelt: posts small blind $0.01
Junqueiraudi: posts big blind $0.02
*** HOLE CARDS ***
Dealt to Lorpugo [Ad 7s]
Lorpugo: folds 
p1nglad3n: folds 
VbugiraV: folds 
TinkAboutHer: raises $0.03 to $0.05
Magdiel Appelt: folds 
Junqueiraudi: calls $0.03
*** FLOP *** [7d 6h 4h]
Junqueiraudi: checks 
TinkAboutHer: checks 
*** TURN *** [7d 6h 4h] [Qs]
Junqueiraudi: checks 
TinkAboutHer: bets $0.07
Junqueiraudi: calls $0.07
*** RIVER *** [7d 6h 4h Qs] [3h]
Junqueiraudi: checks 
TinkAboutHer: checks 
*** SHOW DOWN ***
Junqueiraudi: shows [Th 9d] (high card Queen)
TinkAboutHer: shows [Ac Tc] (high card Ace)
TinkAboutHer collected $0.24 from pot
*** SUMMARY ***
Total pot $0.25 | Rake $0.01 
Board [7d 6h 4h Qs 3h]
Seat 1: p1nglad3n folded before Flop (didn't bet)
Seat 2: VbugiraV folded before Flop (didn't bet)
Seat 3: TinkAboutHer (button) showed [Ac Tc] and won ($0.24) with high card Ace
Seat 4: Magdiel Appelt (small blind) folded before Flop
Seat 5: Junqueiraudi (big blind) showed [Th 9d] and lost with high card Queen
Seat 6: Lorpugo folded before Flop (didn't bet)



PokerStars Hand #240909735767:  Hold'em No Limit ($0.01/$0.02 USD) - 2023/01/04 13:37:51 ET
Table 'Klotho III' 6-max Seat #4 is the button
Seat 1: p1nglad3n ($2 in chips) 
Seat 2: VbugiraV ($2.58 in chips) 
Seat 3: TinkAboutHer ($2.77 in chips) 
Seat 4: Magdiel Appelt ($1.89 in chips) 
Seat 5: Junqueiraudi ($0.75 in chips) 
Seat 6: Lorpugo ($2.19 in chips) 
Junqueiraudi: posts small blind $0.01
Lorpugo: posts big blind $0.02
*** HOLE CARDS ***
Dealt to Lorpugo [Jc Ks]
p1nglad3n: folds 
VbugiraV: folds 
TinkAboutHer: folds 
Magdiel Appelt: folds 
Junqueiraudi: folds 
Uncalled bet ($0.01) returned to Lorpugo
Lorpugo collected $0.02 from pot
Lorpugo: doesn't show hand 
*** SUMMARY ***
Total pot $0.02 | Rake $0 
Seat 1: p1nglad3n folded before Flop (didn't bet)
Seat 2: VbugiraV folded before Flop (didn't bet)
Seat 3: TinkAboutHer folded before Flop (didn't bet)
Seat 4: Magdiel Appelt (button) folded before Flop (didn't bet)
Seat 5: Junqueiraudi (small blind) folded before Flop
Seat 6: Lorpugo (big blind) collected ($0.02)



PokerStars Hand #240909741414:  Hold'em No Limit ($0.01/$0.02 USD) - 2023/01/04 13:38:04 ET
Table 'Klotho III' 6-max Seat #5 is the button
Seat 1: p1nglad3n ($2 in chips) 
Seat 2: VbugiraV ($2.58 in chips) 
Seat 3: TinkAboutHer ($2.77 in chips) 
Seat 4: Magdiel Appelt ($1.89 in chips) 
Seat 5: Junqueiraudi ($0.74 in chips) 
Seat 6: Lorpugo ($2.20 in chips) 
Lorpugo: posts small blind $0.01
p1nglad3n: posts big blind $0.02
*** HOLE CARDS ***
Dealt to Lorpugo [6d 8c]
VbugiraV: raises $0.04 to $0.06
TinkAboutHer: folds 
Magdiel Appelt: calls $0.06
Junqueiraudi: calls $0.06
Lorpugo: calls $0.05
p1nglad3n: folds 
*** FLOP *** [8d Ks 5c]
Lorpugo: checks 
VbugiraV: checks 
Magdiel Appelt: bets $0.04
Junqueiraudi: calls $0.04
Lorpugo: raises $0.04 to $0.08
VbugiraV: folds 
Magdiel Appelt: calls $0.04
Junqueiraudi: folds 
*** TURN *** [8d Ks 5c] [2d]
Lorpugo: bets $0.15
Magdiel Appelt: calls $0.15
*** RIVER *** [8d Ks 5c 2d] [5s]
Lorpugo: checks 
Magdiel Appelt: checks 
*** SHOW DOWN ***
Lorpugo: shows [6d 8c] (two pair, Eights and Fives)
Magdiel Appelt: shows [9c Kd] (two pair, Kings and Fives)
Magdiel Appelt collected $0.73 from pot
*** SUMMARY ***
Total pot $0.76 | Rake $0.03 
Board [8d Ks 5c 2d 5s]
Seat 1: p1nglad3n (big blind) folded before Flop
Seat 2: VbugiraV folded on the Flop
Seat 3: TinkAboutHer folded before Flop (didn't bet)
Seat 4: Magdiel Appelt showed [9c Kd] and won ($0.73) with two pair, Kings and Fives
Seat 5: Junqueiraudi (button) folded on the Flop
Seat 6: Lorpugo (small blind) showed [6d 8c] and lost with two pair, Eights and Fives



PokerStars Hand #240909768706:  Hold'em No Limit ($0.01/$0.02 USD) - 2023/01/04 13:39:07 ET
Table 'Klotho III' 6-max Seat #6 is the button
Seat 1: p1nglad3n ($2 in chips) 
Seat 2: VbugiraV ($2.52 in chips) 
Seat 3: TinkAboutHer ($2.77 in chips) 
Seat 4: Magdiel Appelt ($2.33 in chips) 
Seat 5: Junqueiraudi ($0.64 in chips) 
Seat 6: Lorpugo ($1.91 in chips) 
p1nglad3n: posts small blind $0.01
VbugiraV: posts big blind $0.02
*** HOLE CARDS ***
Dealt to Lorpugo [Tc Th]
TinkAboutHer: raises $0.04 to $0.06
Magdiel Appelt: folds 
Junqueiraudi: calls $0.06
Lorpugo: raises $0.12 to $0.18
p1nglad3n: folds 
VbugiraV: folds 
TinkAboutHer: folds 
Junqueiraudi: calls $0.12
*** FLOP *** [Qc 7d 8c]
Junqueiraudi: checks 
Lorpugo: bets $1.73 and is all-in
Junqueiraudi: calls $0.46 and is all-in
Uncalled bet ($1.27) returned to Lorpugo
*** TURN *** [Qc 7d 8c] [Qd]
*** RIVER *** [Qc 7d 8c Qd] [6d]
*** SHOW DOWN ***
Junqueiraudi: shows [Qs 4s] (three of a kind, Queens)
Lorpugo: shows [Tc Th] (two pair, Queens and Tens)
Junqueiraudi cashed out the hand for $1.10 | Cash Out Fee $0.01
*** SUMMARY ***
Total pot $1.37 | Rake $0.05 
Board [Qc 7d 8c Qd 6d]
Seat 1: p1nglad3n (small blind) folded before Flop
Seat 2: VbugiraV (big blind) folded before Flop
Seat 3: TinkAboutHer folded before Flop
Seat 4: Magdiel Appelt folded before Flop (didn't bet)
Seat 5: Junqueiraudi showed [Qs 4s] and won ($1.32) with three of a kind, Queens (pot not awarded as player cashed out)
Seat 6: Lorpugo (button) showed [Tc Th] and lost with two pair, Queens and Tens



PokerStars Hand #240909790903:  Hold'em No Limit ($0.01/$0.02 USD) - 2023/01/04 13:39:59 ET
Table 'Klotho III' 6-max Seat #1 is the button
Seat 1: p1nglad3n ($2 in chips) 
Seat 2: VbugiraV ($2.50 in chips) 
Seat 3: TinkAboutHer ($2.71 in chips) 
Seat 4: Magdiel Appelt ($2.33 in chips) 
Seat 5: Junqueiraudi ($1.10 in chips) 
Seat 6: Lorpugo ($1.27 in chips) 
VbugiraV: posts small blind $0.01
TinkAboutHer: posts big blind $0.02
*** HOLE CARDS ***
Dealt to Lorpugo [Kc 6h]
Magdiel Appelt: folds 
Junqueiraudi: calls $0.02
Lorpugo: folds 
p1nglad3n: folds 
VbugiraV: folds 
TinkAboutHer: checks 
*** FLOP *** [Td Ad Jh]
TinkAboutHer: checks 
Junqueiraudi: checks 
*** TURN *** [Td Ad Jh] [Th]
TinkAboutHer: checks 
Junqueiraudi: checks 
*** RIVER *** [Td Ad Jh Th] [2h]
TinkAboutHer: checks 
Junqueiraudi: checks 
*** SHOW DOWN ***
TinkAboutHer: shows [4d 9h] (a pair of Tens)
Junqueiraudi: shows [9s 9c] (two pair, Tens and Nines)
Junqueiraudi collected $0.05 from pot
*** SUMMARY ***
Total pot $0.05 | Rake $0 
Board [Td Ad Jh Th 2h]
Seat 1: p1nglad3n (button) folded before Flop (didn't bet)
Seat 2: VbugiraV (small blind) folded before Flop
Seat 3: TinkAboutHer (big blind) showed [4d 9h] and lost with a pair of Tens
Seat 4: Magdiel Appelt folded before Flop (didn't bet)
Seat 5: Junqueiraudi showed [9s 9c] and won ($0.05) with two pair, Tens and Nines
Seat 6: Lorpugo folded before Flop (didn't bet)



PokerStars Hand #240909808398:  Hold'em No Limit ($0.01/$0.02 USD) - 2023/01/04 13:40:39 ET
Table 'Klotho III' 6-max Seat #2 is the button
Seat 1: p1nglad3n ($2 in chips) 
Seat 2: VbugiraV ($2.49 in chips) 
Seat 3: TinkAboutHer ($2.69 in chips) 
Seat 4: Magdiel Appelt ($2.33 in chips) 
Seat 5: Junqueiraudi ($1.13 in chips) 
Seat 6: Lorpugo ($2 in chips) 
TinkAboutHer: posts small blind $0.01
Magdiel Appelt: posts big blind $0.02
*** HOLE CARDS ***
Dealt to Lorpugo [8s 5s]
Junqueiraudi: raises $0.04 to $0.06
Lorpugo: folds 
p1nglad3n: folds 
VbugiraV: folds 
TinkAboutHer: folds 
Magdiel Appelt: calls $0.04
*** FLOP *** [Qd Jd 2c]
Magdiel Appelt: checks 
Junqueiraudi: checks 
*** TURN *** [Qd Jd 2c] [5c]
Magdiel Appelt: checks 
Junqueiraudi: bets $0.07
Magdiel Appelt: folds 
Uncalled bet ($0.07) returned to Junqueiraudi
Junqueiraudi collected $0.13 from pot
*** SUMMARY ***
Total pot $0.13 | Rake $0 
Board [Qd Jd 2c 5c]
Seat 1: p1nglad3n folded before Flop (didn't bet)
Seat 2: VbugiraV (button) folded before Flop (didn't bet)
Seat 3: TinkAboutHer (small blind) folded before Flop
Seat 4: Magdiel Appelt (big blind) folded on the Turn
Seat 5: Junqueiraudi collected ($0.13)
Seat 6: Lorpugo folded before Flop (didn't bet)



PokerStars Hand #240909823085:  Hold'em No Limit ($0.01/$0.02 USD) - 2023/01/04 13:41:13 ET
Table 'Klotho III' 6-max Seat #3 is the button
Seat 1: p1nglad3n ($2 in chips) 
Seat 2: VbugiraV ($2.49 in chips) 
Seat 3: TinkAboutHer ($2.68 in chips) 
Seat 4: Magdiel Appelt ($2.27 in chips) 
Seat 5: Junqueiraudi ($1.20 in chips) 
Seat 6: Lorpugo ($2 in chips) 
Magdiel Appelt: posts small blind $0.01
Junqueiraudi: posts big blind $0.02
*** HOLE CARDS ***
Dealt to Lorpugo [5h 5d]
Lorpugo: raises $0.02 to $0.04
p1nglad3n: folds 
VbugiraV: folds 
TinkAboutHer: folds 
Magdiel Appelt: folds 
Junqueiraudi: folds 
Uncalled bet ($0.02) returned to Lorpugo
Lorpugo collected $0.05 from pot
Lorpugo: doesn't show hand 
*** SUMMARY ***
Total pot $0.05 | Rake $0 
Seat 1: p1nglad3n folded before Flop (didn't bet)
Seat 2: VbugiraV folded before Flop (didn't bet)
Seat 3: TinkAboutHer (button) folded before Flop (didn't bet)
Seat 4: Magdiel Appelt (small blind) folded before Flop
Seat 5: Junqueiraudi (big blind) folded before Flop
Seat 6: Lorpugo collected ($0.05)



PokerStars Hand #240909830580:  Hold'em No Limit ($0.01/$0.02 USD) - 2023/01/04 13:41:30 ET
Table 'Klotho III' 6-max Seat #4 is the button
Seat 1: p1nglad3n ($2 in chips) 
Seat 2: VbugiraV ($2.49 in chips) 
Seat 3: TinkAboutHer ($2.68 in chips) 
Seat 4: Magdiel Appelt ($2.26 in chips) 
Seat 5: Junqueiraudi ($1.18 in chips) 
Seat 6: Lorpugo ($2.03 in chips) 
Junqueiraudi: posts small blind $0.01
Lorpugo: posts big blind $0.02
*** HOLE CARDS ***
Dealt to Lorpugo [9h Tc]
p1nglad3n: folds 
VbugiraV: raises $0.04 to $0.06
TinkAboutHer: folds 
Magdiel Appelt: folds 
Junqueiraudi: calls $0.05
Lorpugo: calls $0.04
*** FLOP *** [5h Qd 3d]
Junqueiraudi: checks 
Lorpugo: bets $0.02
VbugiraV: folds 
Junqueiraudi: raises $0.11 to $0.13
Lorpugo: folds 
Uncalled bet ($0.11) returned to Junqueiraudi
Junqueiraudi collected $0.21 from pot
*** SUMMARY ***
Total pot $0.22 | Rake $0.01 
Board [5h Qd 3d]
Seat 1: p1nglad3n folded before Flop (didn't bet)
Seat 2: VbugiraV folded on the Flop
Seat 3: TinkAboutHer folded before Flop (didn't bet)
Seat 4: Magdiel Appelt (button) folded before Flop (didn't bet)
Seat 5: Junqueiraudi (small blind) collected ($0.21)
Seat 6: Lorpugo (big blind) folded on the Flop



PokerStars Hand #240909843682:  Hold'em No Limit ($0.01/$0.02 USD) - 2023/01/04 13:42:00 ET
Table 'Klotho III' 6-max Seat #5 is the button
Seat 1: p1nglad3n ($2 in chips) 
Seat 2: VbugiraV ($2.43 in chips) 
Seat 3: TinkAboutHer ($2.68 in chips) 
Seat 4: Magdiel Appelt ($2.26 in chips) 
Seat 5: Junqueiraudi ($1.31 in chips) 
Seat 6: Lorpugo ($1.95 in chips) 
Lorpugo: posts small blind $0.01
p1nglad3n: posts big blind $0.02
*** HOLE CARDS ***
Dealt to Lorpugo [5s 5d]
VbugiraV: folds 
TinkAboutHer: folds 
Magdiel Appelt: calls $0.02
Junqueiraudi: calls $0.02
Lorpugo: calls $0.01
p1nglad3n: checks 
*** FLOP *** [3s 4h 9d]
Lorpugo: bets $0.05
p1nglad3n: folds 
Magdiel Appelt: folds 
Junqueiraudi: calls $0.05
*** TURN *** [3s 4h 9d] [2c]
Lorpugo: bets $0.11
Junqueiraudi: calls $0.11
*** RIVER *** [3s 4h 9d 2c] [6s]
Lorpugo: bets $0.48
Junqueiraudi: folds [Ah Kc]
Uncalled bet ($0.48) returned to Lorpugo
Lorpugo collected $0.39 from pot
Lorpugo: doesn't show hand 
*** SUMMARY ***
Total pot $0.40 | Rake $0.01 
Board [3s 4h 9d 2c 6s]
Seat 1: p1nglad3n (big blind) folded on the Flop
Seat 2: VbugiraV folded before Flop (didn't bet)
Seat 3: TinkAboutHer folded before Flop (didn't bet)
Seat 4: Magdiel Appelt folded on the Flop
Seat 5: Junqueiraudi (button) folded on the River
Seat 6: Lorpugo (small blind) collected ($0.39)



PokerStars Hand #240909863090:  Hold'em No Limit ($0.01/$0.02 USD) - 2023/01/04 13:42:45 ET
Table 'Klotho III' 6-max Seat #6 is the button
Seat 1: p1nglad3n ($2 in chips) 
Seat 2: VbugiraV ($2.43 in chips) 
Seat 3: TinkAboutHer ($2.68 in chips) 
Seat 4: Magdiel Appelt ($2.24 in chips) 
Seat 5: Junqueiraudi ($1.13 in chips) 
Seat 6: Lorpugo ($2.16 in chips) 
p1nglad3n: posts small blind $0.01
VbugiraV: posts big blind $0.02
*** HOLE CARDS ***
Dealt to Lorpugo [As 7d]
TinkAboutHer: folds 
Magdiel Appelt: folds 
Junqueiraudi: folds 
Lorpugo: raises $0.04 to $0.06
p1nglad3n: folds 
VbugiraV: calls $0.04
*** FLOP *** [Ac 2s 4h]
VbugiraV: checks 
Lorpugo: checks 
*** TURN *** [Ac 2s 4h] [3h]
VbugiraV: checks 
Lorpugo: bets $0.02
VbugiraV: folds 
Uncalled bet ($0.02) returned to Lorpugo
Lorpugo collected $0.13 from pot
Lorpugo: doesn't show hand 
*** SUMMARY ***
Total pot $0.13 | Rake $0 
Board [Ac 2s 4h 3h]
Seat 1: p1nglad3n (small blind) folded before Flop
Seat 2: VbugiraV (big blind) folded on the Turn
Seat 3: TinkAboutHer folded before Flop (didn't bet)
Seat 4: Magdiel Appelt folded before Flop (didn't bet)
Seat 5: Junqueiraudi folded before Flop (didn't bet)
Seat 6: Lorpugo (button) collected ($0.13)



PokerStars Hand #240909876288:  Hold'em No Limit ($0.01/$0.02 USD) - 2023/01/04 13:43:16 ET
Table 'Klotho III' 6-max Seat #1 is the button
Seat 1: p1nglad3n ($2 in chips) 
Seat 2: VbugiraV ($2.37 in chips) 
Seat 3: TinkAboutHer ($2.68 in chips) 
Seat 4: Magdiel Appelt ($2.24 in chips) 
Seat 5: Junqueiraudi ($1.13 in chips) 
Seat 6: Lorpugo ($2.23 in chips) 
VbugiraV: posts small blind $0.01
TinkAboutHer: posts big blind $0.02
*** HOLE CARDS ***
Dealt to Lorpugo [2c 5c]
Magdiel Appelt: calls $0.02
Junqueiraudi: folds 
Lorpugo: folds 
p1nglad3n: folds 
VbugiraV: folds 
TinkAboutHer: raises $0.08 to $0.10
Magdiel Appelt: calls $0.08
*** FLOP *** [Js 4s 9h]
TinkAboutHer: bets $0.07
Magdiel Appelt: folds 
Uncalled bet ($0.07) returned to TinkAboutHer
TinkAboutHer collected $0.20 from pot
TinkAboutHer: doesn't show hand 
*** SUMMARY ***
Total pot $0.21 | Rake $0.01 
Board [Js 4s 9h]
Seat 1: p1nglad3n (button) folded before Flop (didn't bet)
Seat 2: VbugiraV (small blind) folded before Flop
Seat 3: TinkAboutHer (big blind) collected ($0.20)
Seat 4: Magdiel Appelt folded on the Flop
Seat 5: Junqueiraudi folded before Flop (didn't bet)
Seat 6: Lorpugo folded before Flop (didn't bet)



PokerStars Hand #240909897135:  Hold'em No Limit ($0.01/$0.02 USD) - 2023/01/04 13:44:04 ET
Table 'Klotho III' 6-max Seat #2 is the button
Seat 1: p1nglad3n ($2 in chips) 
Seat 2: VbugiraV ($2.36 in chips) 
Seat 3: TinkAboutHer ($2.78 in chips) 
Seat 4: Magdiel Appelt ($2.14 in chips) 
Seat 5: Junqueiraudi ($1.13 in chips) 
Seat 6: Lorpugo ($2.23 in chips) 
TinkAboutHer: posts small blind $0.01
Magdiel Appelt: posts big blind $0.02
*** HOLE CARDS ***
Dealt to Lorpugo [Kc 9d]
Junqueiraudi: calls $0.02
Lorpugo: folds 
p1nglad3n: folds 
VbugiraV: folds 
TinkAboutHer: folds 
Magdiel Appelt: checks 
*** FLOP *** [8s 2d Ks]
Magdiel Appelt: checks 
Junqueiraudi: checks 
*** TURN *** [8s 2d Ks] [9c]
Magdiel Appelt: checks 
Junqueiraudi: checks 
*** RIVER *** [8s 2d Ks 9c] [4d]
Magdiel Appelt: checks 
Junqueiraudi: checks 
*** SHOW DOWN ***
Magdiel Appelt: shows [3c Ts] (high card King)
Junqueiraudi: shows [5h 4h] (a pair of Fours)
Junqueiraudi collected $0.05 from pot
*** SUMMARY ***
Total pot $0.05 | Rake $0 
Board [8s 2d Ks 9c 4d]
Seat 1: p1nglad3n folded before Flop (didn't bet)
Seat 2: VbugiraV (button) folded before Flop (didn't bet)
Seat 3: TinkAboutHer (small blind) folded before Flop
Seat 4: Magdiel Appelt (big blind) showed [3c Ts] and lost with high card King
Seat 5: Junqueiraudi showed [5h 4h] and won ($0.05) with a pair of Fours
Seat 6: Lorpugo folded before Flop (didn't bet)



PokerStars Hand #240909908367:  Hold'em No Limit ($0.01/$0.02 USD) - 2023/01/04 13:44:29 ET
Table 'Klotho III' 6-max Seat #3 is the button
Seat 1: p1nglad3n ($2 in chips) 
Seat 2: VbugiraV ($2.36 in chips) 
Seat 3: TinkAboutHer ($2.77 in chips) 
Seat 4: Magdiel Appelt ($2.12 in chips) 
Seat 5: Junqueiraudi ($1.16 in chips) 
Seat 6: Lorpugo ($2.23 in chips) 
Magdiel Appelt: posts small blind $0.01
Junqueiraudi: posts big blind $0.02
*** HOLE CARDS ***
Dealt to Lorpugo [2c 6c]
Lorpugo: folds 
p1nglad3n: raises $0.04 to $0.06
VbugiraV: folds 
TinkAboutHer: folds 
Magdiel Appelt: calls $0.05
Junqueiraudi: calls $0.04
*** FLOP *** [6h Th Jc]
Magdiel Appelt: bets $0.02
Junqueiraudi: calls $0.02
p1nglad3n: raises $0.15 to $0.17
Magdiel Appelt: calls $0.15
Junqueiraudi: folds 
*** TURN *** [6h Th Jc] [2s]
Magdiel Appelt: bets $0.04
p1nglad3n: calls $0.04
*** RIVER *** [6h Th Jc 2s] [Qh]
Magdiel Appelt: bets $0.10
p1nglad3n: calls $0.10
*** SHOW DOWN ***
Magdiel Appelt: shows [Jh 2h] (a flush, Queen high)
p1nglad3n: mucks hand 
Magdiel Appelt collected $0.79 from pot
*** SUMMARY ***
Total pot $0.82 | Rake $0.03 
Board [6h Th Jc 2s Qh]
Seat 1: p1nglad3n mucked [Js Kh]
Seat 2: VbugiraV folded before Flop (didn't bet)
Seat 3: TinkAboutHer (button) folded before Flop (didn't bet)
Seat 4: Magdiel Appelt (small blind) showed [Jh 2h] and won ($0.79) with a flush, Queen high
Seat 5: Junqueiraudi (big blind) folded on the Flop
Seat 6: Lorpugo folded before Flop (didn't bet)



PokerStars Hand #240909929381:  Hold'em No Limit ($0.01/$0.02 USD) - 2023/01/04 13:45:17 ET
Table 'Klotho III' 6-max Seat #4 is the button
Seat 1: p1nglad3n ($2 in chips) 
Seat 2: VbugiraV ($2.36 in chips) 
Seat 3: TinkAboutHer ($2.77 in chips) 
Seat 4: Magdiel Appelt ($2.54 in chips) 
Seat 5: Junqueiraudi ($1.08 in chips) 
Seat 6: Lorpugo ($2.23 in chips) 
Junqueiraudi: posts small blind $0.01
Lorpugo: posts big blind $0.02
*** HOLE CARDS ***
Dealt to Lorpugo [7h 4h]
p1nglad3n: folds 
VbugiraV: raises $0.04 to $0.06
TinkAboutHer: folds 
Magdiel Appelt: folds 
Junqueiraudi: folds 
Lorpugo: folds 
Uncalled bet ($0.04) returned to VbugiraV
VbugiraV collected $0.05 from pot
*** SUMMARY ***
Total pot $0.05 | Rake $0 
Seat 1: p1nglad3n folded before Flop (didn't bet)
Seat 2: VbugiraV collected ($0.05)
Seat 3: TinkAboutHer folded before Flop (didn't bet)
Seat 4: Magdiel Appelt (button) folded before Flop (didn't bet)
Seat 5: Junqueiraudi (small blind) folded before Flop
Seat 6: Lorpugo (big blind) folded before Flop



PokerStars Hand #240909934643:  Hold'em No Limit ($0.01/$0.02 USD) - 2023/01/04 13:45:29 ET
Table 'Klotho III' 6-max Seat #5 is the button
Seat 1: p1nglad3n ($2 in chips) 
Seat 2: VbugiraV ($2.39 in chips) 
Seat 3: TinkAboutHer ($2.77 in chips) 
Seat 4: Magdiel Appelt ($2.54 in chips) 
Seat 5: Junqueiraudi ($1.07 in chips) 
Seat 6: Lorpugo ($2.21 in chips) 
Lorpugo: posts small blind $0.01
p1nglad3n: posts big blind $0.02
*** HOLE CARDS ***
Dealt to Lorpugo [3h 6h]
VbugiraV: folds 
TinkAboutHer: folds 
Magdiel Appelt: folds 
Junqueiraudi: folds 
Lorpugo: calls $0.01
p1nglad3n: checks 
*** FLOP *** [7d 2s 4h]
Lorpugo: checks 
p1nglad3n: checks 
*** TURN *** [7d 2s 4h] [Js]
Lorpugo: bets $0.03
p1nglad3n: folds 
Uncalled bet ($0.03) returned to Lorpugo
Lorpugo collected $0.04 from pot
Lorpugo: doesn't show hand 
*** SUMMARY ***
Total pot $0.04 | Rake $0 
Board [7d 2s 4h Js]
Seat 1: p1nglad3n (big blind) folded on the Turn
Seat 2: VbugiraV folded before Flop (didn't bet)
Seat 3: TinkAboutHer folded before Flop (didn't bet)
Seat 4: Magdiel Appelt folded before Flop (didn't bet)
Seat 5: Junqueiraudi (button) folded before Flop (didn't bet)
Seat 6: Lorpugo (small blind) collected ($0.04)



PokerStars Hand #240909946679:  Hold'em No Limit ($0.01/$0.02 USD) - 2023/01/04 13:45:57 ET
Table 'Klotho III' 6-max Seat #6 is the button
Seat 1: p1nglad3n ($2 in chips) 
Seat 2: VbugiraV ($2.39 in chips) 
Seat 3: TinkAboutHer ($2.77 in chips) 
Seat 4: Magdiel Appelt ($2.54 in chips) 
Seat 5: Junqueiraudi ($1.07 in chips) 
Seat 6: Lorpugo ($2.23 in chips) 
p1nglad3n: posts small blind $0.01
VbugiraV: posts big blind $0.02
*** HOLE CARDS ***
Dealt to Lorpugo [9h 5h]
TinkAboutHer: folds 
Magdiel Appelt: calls $0.02
Junqueiraudi: folds 
Lorpugo: folds 
p1nglad3n: folds 
VbugiraV: checks 
*** FLOP *** [7d Ks 9s]
VbugiraV: checks 
Junqueiraudi leaves the table
Magdiel Appelt: checks 
*** TURN *** [7d Ks 9s] [6d]
VbugiraV: checks 
Magdiel Appelt: checks 
*** RIVER *** [7d Ks 9s 6d] [Td]
VbugiraV: checks 
Magdiel Appelt: bets $0.02
VbugiraV: calls $0.02
*** SHOW DOWN ***
Magdiel Appelt: shows [Jd Tc] (a pair of Tens)
VbugiraV: shows [8c Jc] (a straight, Seven to Jack)
VbugiraV collected $0.09 from pot
*** SUMMARY ***
Total pot $0.09 | Rake $0 
Board [7d Ks 9s 6d Td]
Seat 1: p1nglad3n (small blind) folded before Flop
Seat 2: VbugiraV (big blind) showed [8c Jc] and won ($0.09) with a straight, Seven to Jack
Seat 3: TinkAboutHer folded before Flop (didn't bet)
Seat 4: Magdiel Appelt showed [Jd Tc] and lost with a pair of Tens
Seat 5: Junqueiraudi folded before Flop (didn't bet)
Seat 6: Lorpugo (button) folded before Flop (didn't bet)



PokerStars Hand #240909960383:  Hold'em No Limit ($0.01/$0.02 USD) - 2023/01/04 13:46:29 ET
Table 'Klotho III' 6-max Seat #1 is the button
Seat 1: p1nglad3n ($2 in chips) 
Seat 2: VbugiraV ($2.44 in chips) 
Seat 3: TinkAboutHer ($2.77 in chips) 
Seat 4: Magdiel Appelt ($2.50 in chips) 
Seat 6: Lorpugo ($2.23 in chips) 
VbugiraV: posts small blind $0.01
TinkAboutHer: posts big blind $0.02
*** HOLE CARDS ***
Dealt to Lorpugo [4h Kc]
Magdiel Appelt: folds 
Lorpugo: folds 
p1nglad3n: folds 
VbugiraV: raises $0.04 to $0.06
TinkAboutHer: folds 
Uncalled bet ($0.04) returned to VbugiraV
VbugiraV collected $0.04 from pot
*** SUMMARY ***
Total pot $0.04 | Rake $0 
Seat 1: p1nglad3n (button) folded before Flop (didn't bet)
Seat 2: VbugiraV (small blind) collected ($0.04)
Seat 3: TinkAboutHer (big blind) folded before Flop
Seat 4: Magdiel Appelt folded before Flop (didn't bet)
Seat 6: Lorpugo folded before Flop (didn't bet)



PokerStars Hand #240909965954:  Hold'em No Limit ($0.01/$0.02 USD) - 2023/01/04 13:46:41 ET
Table 'Klotho III' 6-max Seat #2 is the button
Seat 1: p1nglad3n ($2 in chips) 
Seat 2: VbugiraV ($2.46 in chips) 
Seat 3: TinkAboutHer ($2.75 in chips) 
Seat 4: Magdiel Appelt ($2.50 in chips) 
Seat 6: Lorpugo ($2.23 in chips) 
TinkAboutHer: posts small blind $0.01
Magdiel Appelt: posts big blind $0.02
*** HOLE CARDS ***
Dealt to Lorpugo [6s 9c]
Lorpugo: folds 
p1nglad3n: folds 
VbugiraV: raises $0.04 to $0.06
TinkAboutHer: folds 
Magdiel Appelt: calls $0.04
*** FLOP *** [Ah Ad 2c]
Magdiel Appelt: checks 
VbugiraV: checks 
*** TURN *** [Ah Ad 2c] [Qd]
Magdiel Appelt: checks 
VbugiraV: checks 
*** RIVER *** [Ah Ad 2c Qd] [Tc]
Magdiel Appelt: checks 
VbugiraV: checks 
*** SHOW DOWN ***
Magdiel Appelt: shows [Jh 4c] (a pair of Aces)
VbugiraV: shows [8s 8h] (two pair, Aces and Eights)
VbugiraV collected $0.13 from pot
*** SUMMARY ***
Total pot $0.13 | Rake $0 
Board [Ah Ad 2c Qd Tc]
Seat 1: p1nglad3n folded before Flop (didn't bet)
Seat 2: VbugiraV (button) showed [8s 8h] and won ($0.13) with two pair, Aces and Eights
Seat 3: TinkAboutHer (small blind) folded before Flop
Seat 4: Magdiel Appelt (big blind) showed [Jh 4c] and lost with a pair of Aces
Seat 6: Lorpugo folded before Flop (didn't bet)



PokerStars Hand #240909982742:  Hold'em No Limit ($0.01/$0.02 USD) - 2023/01/04 13:47:20 ET
Table 'Klotho III' 6-max Seat #3 is the button
Seat 1: p1nglad3n ($2 in chips) 
Seat 2: VbugiraV ($2.53 in chips) 
Seat 3: TinkAboutHer ($2.74 in chips) 
Seat 4: Magdiel Appelt ($2.44 in chips) 
Seat 6: Lorpugo ($2.23 in chips) 
Magdiel Appelt: posts small blind $0.01
Lorpugo: posts big blind $0.02
*** HOLE CARDS ***
Dealt to Lorpugo [7c 3h]
p1nglad3n: raises $0.04 to $0.06
VbugiraV: raises $0.16 to $0.22
TinkAboutHer: folds 
Magdiel Appelt: folds 
Lorpugo: folds 
p1nglad3n: calls $0.16
*** FLOP *** [4h Jd Jh]
p1nglad3n: checks 
VbugiraV: bets $0.23
p1nglad3n: calls $0.23
*** TURN *** [4h Jd Jh] [9s]
p1nglad3n: checks 
VbugiraV: bets $0.45
p1nglad3n: raises $1.10 to $1.55 and is all-in
VbugiraV: calls $1.10
simensgh joins the table at seat #5 
*** RIVER *** [4h Jd Jh 9s] [9d]
*** SHOW DOWN ***
p1nglad3n: shows [As Js] (a full house, Jacks full of Nines)
VbugiraV: shows [Ac Jc] (a full house, Jacks full of Nines)
p1nglad3n collected $1.95 from pot
VbugiraV collected $1.94 from pot
*** SUMMARY ***
Total pot $4.03 | Rake $0.14 
Board [4h Jd Jh 9s 9d]
Seat 1: p1nglad3n showed [As Js] and won ($1.95) with a full house, Jacks full of Nines
Seat 2: VbugiraV showed [Ac Jc] and won ($1.94) with a full house, Jacks full of Nines
Seat 3: TinkAboutHer (button) folded before Flop (didn't bet)
Seat 4: Magdiel Appelt (small blind) folded before Flop
Seat 6: Lorpugo (big blind) folded before Flop



PokerStars Hand #240910003003:  Hold'em No Limit ($0.01/$0.02 USD) - 2023/01/04 13:48:07 ET
Table 'Klotho III' 6-max Seat #4 is the button
Seat 1: p1nglad3n ($2 in chips) 
Seat 2: VbugiraV ($2.47 in chips) 
Seat 3: TinkAboutHer ($2.74 in chips) 
Seat 4: Magdiel Appelt ($2.43 in chips) 
Seat 6: Lorpugo ($2.21 in chips) 
Lorpugo: posts small blind $0.01
p1nglad3n: posts big blind $0.02
*** HOLE CARDS ***
Dealt to Lorpugo [5c Jd]
VbugiraV: folds 
TinkAboutHer: folds 
Magdiel Appelt: calls $0.02
Lorpugo: folds 
p1nglad3n: checks 
*** FLOP *** [Js Qs Jc]
p1nglad3n: checks 
Magdiel Appelt: checks 
*** TURN *** [Js Qs Jc] [9d]
p1nglad3n: checks 
Magdiel Appelt: checks 
*** RIVER *** [Js Qs Jc 9d] [3s]
p1nglad3n: checks 
Magdiel Appelt: bets $0.10
p1nglad3n: folds 
Uncalled bet ($0.10) returned to Magdiel Appelt
Magdiel Appelt collected $0.05 from pot
*** SUMMARY ***
Total pot $0.05 | Rake $0 
Board [Js Qs Jc 9d 3s]
Seat 1: p1nglad3n (big blind) folded on the River
Seat 2: VbugiraV folded before Flop (didn't bet)
Seat 3: TinkAboutHer folded before Flop (didn't bet)
Seat 4: Magdiel Appelt (button) collected ($0.05)
Seat 6: Lorpugo (small blind) folded before Flop



PokerStars Hand #240910015688:  Hold'em No Limit ($0.01/$0.02 USD) - 2023/01/04 13:48:36 ET
Table 'Klotho III' 6-max Seat #6 is the button
Seat 1: p1nglad3n ($2 in chips) 
Seat 2: VbugiraV ($2.47 in chips) 
Seat 3: TinkAboutHer ($2.74 in chips) 
Seat 4: Magdiel Appelt ($2.46 in chips) 
Seat 6: Lorpugo ($2.20 in chips) 
p1nglad3n: posts small blind $0.01
VbugiraV: posts big blind $0.02
*** HOLE CARDS ***
Dealt to Lorpugo [Ac 5c]
TinkAboutHer: folds 
Magdiel Appelt: folds 
Lorpugo: raises $0.04 to $0.06
p1nglad3n: folds 
VbugiraV: calls $0.04
*** FLOP *** [3c Ts 2d]
VbugiraV: bets $0.04
Lorpugo: calls $0.04
*** TURN *** [3c Ts 2d] [8s]
VbugiraV: bets $0.06
Lorpugo: folds 
Uncalled bet ($0.06) returned to VbugiraV
VbugiraV collected $0.20 from pot
*** SUMMARY ***
Total pot $0.21 | Rake $0.01 
Board [3c Ts 2d 8s]
Seat 1: p1nglad3n (small blind) folded before Flop
Seat 2: VbugiraV (big blind) collected ($0.20)
Seat 3: TinkAboutHer folded before Flop (didn't bet)
Seat 4: Magdiel Appelt folded before Flop (didn't bet)
Seat 6: Lorpugo (button) folded on the Turn



PokerStars Hand #240910029996:  Hold'em No Limit ($0.01/$0.02 USD) - 2023/01/04 13:49:09 ET
Table 'Klotho III' 6-max Seat #1 is the button
Seat 1: p1nglad3n ($2 in chips) 
Seat 2: VbugiraV ($2.57 in chips) 
Seat 3: TinkAboutHer ($2.74 in chips) 
Seat 4: Magdiel Appelt ($2.46 in chips) 
Seat 6: Lorpugo ($2.10 in chips) 
VbugiraV: posts small blind $0.01
TinkAboutHer: posts big blind $0.02
*** HOLE CARDS ***
Dealt to Lorpugo [7c 3s]
Magdiel Appelt has timed out
Magdiel Appelt: folds 
Lorpugo: folds 
p1nglad3n: raises $0.04 to $0.06
VbugiraV: raises $0.16 to $0.22
TinkAboutHer: folds 
p1nglad3n: folds 
Uncalled bet ($0.16) returned to VbugiraV
TinkAboutHer leaves the table
VbugiraV collected $0.14 from pot
*** SUMMARY ***
Total pot $0.14 | Rake $0 
Seat 1: p1nglad3n (button) folded before Flop
Seat 2: VbugiraV (small blind) collected ($0.14)
Seat 3: TinkAboutHer (big blind) folded before Flop
Seat 4: Magdiel Appelt folded before Flop (didn't bet)
Seat 6: Lorpugo folded before Flop (didn't bet)



PokerStars Hand #240910046887:  Hold'em No Limit ($0.01/$0.02 USD) - 2023/01/04 13:49:48 ET
Table 'Klotho III' 6-max Seat #2 is the button
Seat 1: p1nglad3n ($2 in chips) 
Seat 2: VbugiraV ($2.65 in chips) 
Seat 4: Magdiel Appelt ($2.46 in chips) 
Seat 5: simensgh ($2 in chips) 
Seat 6: Lorpugo ($2.10 in chips) 
Magdiel Appelt: posts small blind $0.01
simensgh: posts big blind $0.02
*** HOLE CARDS ***
Dealt to Lorpugo [6s 7d]
Lorpugo: folds 
p1nglad3n: raises $0.04 to $0.06
VbugiraV: folds 
Magdiel Appelt: folds 
simensgh: folds 
Uncalled bet ($0.04) returned to p1nglad3n
p1nglad3n collected $0.05 from pot
p1nglad3n: doesn't show hand 
*** SUMMARY ***
Total pot $0.05 | Rake $0 
Seat 1: p1nglad3n collected ($0.05)
Seat 2: VbugiraV (button) folded before Flop (didn't bet)
Seat 4: Magdiel Appelt (small blind) folded before Flop
Seat 5: simensgh (big blind) folded before Flop
Seat 6: Lorpugo folded before Flop (didn't bet)



PokerStars Hand #240910051749:  Hold'em No Limit ($0.01/$0.02 USD) - 2023/01/04 13:49:59 ET
Table 'Klotho III' 6-max Seat #4 is the button
Seat 1: p1nglad3n ($2.03 in chips) 
Seat 2: VbugiraV ($2.65 in chips) 
Seat 4: Magdiel Appelt ($2.45 in chips) 
Seat 5: simensgh ($2 in chips) 
Seat 6: Lorpugo ($2.10 in chips) 
simensgh: posts small blind $0.01
Lorpugo: posts big blind $0.02
*** HOLE CARDS ***
Dealt to Lorpugo [5h Qh]
p1nglad3n: raises $0.06 to $0.08
VbugiraV: folds 
Magdiel Appelt: folds 
simensgh: folds 
Lorpugo: folds 
Uncalled bet ($0.06) returned to p1nglad3n
p1nglad3n collected $0.05 from pot
p1nglad3n: doesn't show hand 
*** SUMMARY ***
Total pot $0.05 | Rake $0 
Seat 1: p1nglad3n collected ($0.05)
Seat 2: VbugiraV folded before Flop (didn't bet)
Seat 4: Magdiel Appelt (button) folded before Flop (didn't bet)
Seat 5: simensgh (small blind) folded before Flop
Seat 6: Lorpugo (big blind) folded before Flop



PokerStars Hand #240910060700:  Hold'em No Limit ($0.01/$0.02 USD) - 2023/01/04 13:50:20 ET
Table 'Klotho III' 6-max Seat #5 is the button
Seat 1: p1nglad3n ($2.06 in chips) 
Seat 2: VbugiraV ($2.65 in chips) 
Seat 4: Magdiel Appelt ($2.45 in chips) 
Seat 5: simensgh ($2 in chips) 
Seat 6: Lorpugo ($2.08 in chips) 
Lorpugo: posts small blind $0.01
p1nglad3n: posts big blind $0.02
*** HOLE CARDS ***
Dealt to Lorpugo [Kc 6c]
VbugiraV: folds 
Magdiel Appelt: calls $0.02
simensgh: raises $0.08 to $0.10
Lorpugo: folds 
p1nglad3n: folds 
Magdiel Appelt: calls $0.08
*** FLOP *** [As 3c Jd]
Magdiel Appelt: checks 
WeslleyJDR joins the table at seat #3 
simensgh: bets $0.10
Magdiel Appelt: folds 
Uncalled bet ($0.10) returned to simensgh
simensgh collected $0.22 from pot
simensgh: doesn't show hand 
*** SUMMARY ***
Total pot $0.23 | Rake $0.01 
Board [As 3c Jd]
Seat 1: p1nglad3n (big blind) folded before Flop
Seat 2: VbugiraV folded before Flop (didn't bet)
Seat 4: Magdiel Appelt folded on the Flop
Seat 5: simensgh (button) collected ($0.22)
Seat 6: Lorpugo (small blind) folded before Flop



PokerStars Hand #240910074090:  Hold'em No Limit ($0.01/$0.02 USD) - 2023/01/04 13:50:51 ET
Table 'Klotho III' 6-max Seat #6 is the button
Seat 1: p1nglad3n ($2.04 in chips) 
Seat 2: VbugiraV ($2.65 in chips) 
Seat 4: Magdiel Appelt ($2.35 in chips) 
Seat 5: simensgh ($2.12 in chips) 
Seat 6: Lorpugo ($2.07 in chips) 
p1nglad3n: posts small blind $0.01
VbugiraV: posts big blind $0.02
*** HOLE CARDS ***
Dealt to Lorpugo [7c 9d]
Magdiel Appelt: folds 
simensgh: raises $0.03 to $0.05
Lorpugo: folds 
p1nglad3n: folds 
VbugiraV: calls $0.03
*** FLOP *** [2d 6s Kh]
VbugiraV: bets $0.04
simensgh: calls $0.04
*** TURN *** [2d 6s Kh] [9h]
VbugiraV: bets $0.09
simensgh: calls $0.09
*** RIVER *** [2d 6s Kh 9h] [Js]
VbugiraV: checks 
simensgh: checks 
*** SHOW DOWN ***
VbugiraV: shows [9c Kc] (two pair, Kings and Nines)
simensgh: mucks hand 
VbugiraV collected $0.36 from pot
*** SUMMARY ***
Total pot $0.37 | Rake $0.01 
Board [2d 6s Kh 9h Js]
Seat 1: p1nglad3n (small blind) folded before Flop
Seat 2: VbugiraV (big blind) showed [9c Kc] and won ($0.36) with two pair, Kings and Nines
Seat 4: Magdiel Appelt folded before Flop (didn't bet)
Seat 5: simensgh mucked [4h 3h]
Seat 6: Lorpugo (button) folded before Flop (didn't bet)



PokerStars Hand #240910096178:  Hold'em No Limit ($0.01/$0.02 USD) - 2023/01/04 13:51:42 ET
Table 'Klotho III' 6-max Seat #1 is the button
Seat 1: p1nglad3n ($2.03 in chips) 
Seat 2: VbugiraV ($2.83 in chips) 
Seat 3: WeslleyJDR ($2 in chips) 
Seat 4: Magdiel Appelt ($2.35 in chips) 
Seat 5: simensgh ($2 in chips) 
Seat 6: Lorpugo ($2.07 in chips) 
VbugiraV: posts small blind $0.01
WeslleyJDR: posts big blind $0.02
*** HOLE CARDS ***
Dealt to Lorpugo [Jc 6d]
Magdiel Appelt: calls $0.02
simensgh: folds 
Lorpugo: folds 
p1nglad3n: raises $0.04 to $0.06
VbugiraV: calls $0.05
WeslleyJDR: calls $0.04
Magdiel Appelt: calls $0.04
*** FLOP *** [7d 9h Ts]
VbugiraV: checks 
WeslleyJDR: checks 
Magdiel Appelt: bets $0.02
p1nglad3n: raises $0.18 to $0.20
VbugiraV: folds 
WeslleyJDR: calls $0.20
Magdiel Appelt: calls $0.18
*** TURN *** [7d 9h Ts] [8c]
WeslleyJDR: checks 
Magdiel Appelt: checks 
p1nglad3n: checks 
*** RIVER *** [7d 9h Ts 8c] [As]
WeslleyJDR: checks 
Magdiel Appelt: checks 
p1nglad3n: checks 
*** SHOW DOWN ***
WeslleyJDR: shows [8d 2d] (a pair of Eights)
Magdiel Appelt: shows [9s Th] (two pair, Tens and Nines)
p1nglad3n: mucks hand 
Magdiel Appelt collected $0.81 from pot
*** SUMMARY ***
Total pot $0.84 | Rake $0.03 
Board [7d 9h Ts 8c As]
Seat 1: p1nglad3n (button) mucked [8s Qs]
Seat 2: VbugiraV (small blind) folded on the Flop
Seat 3: WeslleyJDR (big blind) showed [8d 2d] and lost with a pair of Eights
Seat 4: Magdiel Appelt showed [9s Th] and won ($0.81) with two pair, Tens and Nines
Seat 5: simensgh folded before Flop (didn't bet)
Seat 6: Lorpugo folded before Flop (didn't bet)



PokerStars Hand #240910122992:  Hold'em No Limit ($0.01/$0.02 USD) - 2023/01/04 13:52:44 ET
Table 'Klotho III' 6-max Seat #2 is the button
Seat 1: p1nglad3n ($2 in chips) 
Seat 2: VbugiraV ($2.77 in chips) 
Seat 3: WeslleyJDR ($2 in chips) 
Seat 4: Magdiel Appelt ($2.90 in chips) 
Seat 5: simensgh ($2 in chips) 
Seat 6: Lorpugo ($2.07 in chips) 
WeslleyJDR: posts small blind $0.01
Magdiel Appelt: posts big blind $0.02
*** HOLE CARDS ***
Dealt to Lorpugo [Ks 3d]
simensgh: folds 
Lorpugo: folds 
p1nglad3n: folds 
VbugiraV: raises $0.04 to $0.06
WeslleyJDR: raises $0.12 to $0.18
Magdiel Appelt: folds 
VbugiraV: folds 
Uncalled bet ($0.12) returned to WeslleyJDR
WeslleyJDR collected $0.14 from pot
WeslleyJDR: doesn't show hand 
*** SUMMARY ***
Total pot $0.14 | Rake $0 
Seat 1: p1nglad3n folded before Flop (didn't bet)
Seat 2: VbugiraV (button) folded before Flop
Seat 3: WeslleyJDR (small blind) collected ($0.14)
Seat 4: Magdiel Appelt (big blind) folded before Flop
Seat 5: simensgh folded before Flop (didn't bet)
Seat 6: Lorpugo folded before Flop (didn't bet)



PokerStars Hand #240910131533:  Hold'em No Limit ($0.01/$0.02 USD) - 2023/01/04 13:53:03 ET
Table 'Klotho III' 6-max Seat #3 is the button
Seat 1: p1nglad3n ($2 in chips) 
Seat 2: VbugiraV ($2.71 in chips) 
Seat 3: WeslleyJDR ($2.08 in chips) 
Seat 4: Magdiel Appelt ($2.88 in chips) 
Seat 5: simensgh ($2 in chips) 
Seat 6: Lorpugo ($2.07 in chips) 
Magdiel Appelt: posts small blind $0.01
simensgh: posts big blind $0.02
*** HOLE CARDS ***
Dealt to Lorpugo [Qs Jc]
Lorpugo: folds 
p1nglad3n: folds 
VbugiraV: raises $0.04 to $0.06
WeslleyJDR: calls $0.06
Magdiel Appelt: folds 
simensgh: folds 
*** FLOP *** [Td 2d Jd]
VbugiraV: bets $0.14
WeslleyJDR: calls $0.14
*** TURN *** [Td 2d Jd] [Tc]
VbugiraV: bets $0.41
WeslleyJDR: calls $0.41
*** RIVER *** [Td 2d Jd Tc] [4d]
VbugiraV: bets $2.10 and is all-in
WeslleyJDR: calls $1.47 and is all-in
Uncalled bet ($0.63) returned to VbugiraV
*** SHOW DOWN ***
VbugiraV: shows [2h 2c] (a full house, Deuces full of Tens)
WeslleyJDR: shows [8d Jh] (a flush, Jack high)
VbugiraV collected $4.04 from pot
*** SUMMARY ***
Total pot $4.19 | Rake $0.15 
Board [Td 2d Jd Tc 4d]
Seat 1: p1nglad3n folded before Flop (didn't bet)
Seat 2: VbugiraV showed [2h 2c] and won ($4.04) with a full house, Deuces full of Tens
Seat 3: WeslleyJDR (button) showed [8d Jh] and lost with a flush, Jack high
Seat 4: Magdiel Appelt (small blind) folded before Flop
Seat 5: simensgh (big blind) folded before Flop
Seat 6: Lorpugo folded before Flop (didn't bet)



PokerStars Hand #240910146856:  Hold'em No Limit ($0.01/$0.02 USD) - 2023/01/04 13:53:39 ET
Table 'Klotho III' 6-max Seat #4 is the button
Seat 1: p1nglad3n ($2 in chips) 
Seat 2: VbugiraV ($4.67 in chips) 
Seat 3: WeslleyJDR ($2 in chips) 
Seat 4: Magdiel Appelt ($2.87 in chips) 
Seat 5: simensgh ($2 in chips) 
Seat 6: Lorpugo ($2.07 in chips) 
simensgh: posts small blind $0.01
Lorpugo: posts big blind $0.02
*** HOLE CARDS ***
Dealt to Lorpugo [5s 3s]
p1nglad3n: folds 
VbugiraV: folds 
WeslleyJDR: raises $0.02 to $0.04
Magdiel Appelt: calls $0.04
simensgh: calls $0.03
Lorpugo: calls $0.02
*** FLOP *** [Ks Ah 9h]
simensgh: checks 
Lorpugo: checks 
WeslleyJDR: checks 
Magdiel Appelt: checks 
*** TURN *** [Ks Ah 9h] [4d]
simensgh: checks 
Lorpugo: checks 
WeslleyJDR: checks 
Magdiel Appelt: checks 
*** RIVER *** [Ks Ah 9h 4d] [As]
simensgh: checks 
Lorpugo: checks 
WeslleyJDR: checks 
Magdiel Appelt: checks 
*** SHOW DOWN ***
simensgh: shows [Td 9c] (two pair, Aces and Nines)
Lorpugo: mucks hand 
WeslleyJDR: mucks hand 
Magdiel Appelt: mucks hand 
simensgh collected $0.15 from pot
*** SUMMARY ***
Total pot $0.16 | Rake $0.01 
Board [Ks Ah 9h 4d As]
Seat 1: p1nglad3n folded before Flop (didn't bet)
Seat 2: VbugiraV folded before Flop (didn't bet)
Seat 3: WeslleyJDR mucked [7d 7c]
Seat 4: Magdiel Appelt (button) mucked [8c 8s]
Seat 5: simensgh (small blind) showed [Td 9c] and won ($0.15) with two pair, Aces and Nines
Seat 6: Lorpugo (big blind) mucked [5s 3s]



PokerStars Hand #240910175698:  Hold'em No Limit ($0.01/$0.02 USD) - 2023/01/04 13:54:45 ET
Table 'Klotho III' 6-max Seat #5 is the button
Seat 1: p1nglad3n ($2 in chips) 
Seat 2: VbugiraV ($4.67 in chips) 
Seat 3: WeslleyJDR ($2 in chips) 
Seat 4: Magdiel Appelt ($2.83 in chips) 
Seat 5: simensgh ($2.11 in chips) 
Seat 6: Lorpugo ($2.03 in chips) 
Lorpugo: posts small blind $0.01
p1nglad3n: posts big blind $0.02
*** HOLE CARDS ***
Dealt to Lorpugo [8c Jd]
VbugiraV: folds 
WeslleyJDR: folds 
Magdiel Appelt: calls $0.02
simensgh: folds 
Lorpugo: calls $0.01
p1nglad3n: checks 
*** FLOP *** [Td Qd Kh]
Lorpugo: checks 
p1nglad3n: checks 
Magdiel Appelt: checks 
*** TURN *** [Td Qd Kh] [As]
Lorpugo: bets $0.02
p1nglad3n: calls $0.02
Magdiel Appelt: calls $0.02
*** RIVER *** [Td Qd Kh As] [3h]
Lorpugo: bets $0.08
p1nglad3n: folds 
Magdiel Appelt: folds 
Uncalled bet ($0.08) returned to Lorpugo
Lorpugo collected $0.12 from pot
Lorpugo: doesn't show hand 
*** SUMMARY ***
Total pot $0.12 | Rake $0 
Board [Td Qd Kh As 3h]
Seat 1: p1nglad3n (big blind) folded on the River
Seat 2: VbugiraV folded before Flop (didn't bet)
Seat 3: WeslleyJDR folded before Flop (didn't bet)
Seat 4: Magdiel Appelt folded on the River
Seat 5: simensgh (button) folded before Flop (didn't bet)
Seat 6: Lorpugo (small blind) collected ($0.12)



PokerStars Hand #240910192127:  Hold'em No Limit ($0.01/$0.02 USD) - 2023/01/04 13:55:33 ET
Table 'Klotho III' 6-max Seat #6 is the button
Seat 1: p1nglad3n ($2 in chips) 
Seat 2: VbugiraV ($4.67 in chips) 
Seat 3: WeslleyJDR ($2 in chips) 
Seat 4: Magdiel Appelt ($2.79 in chips) 
Seat 5: simensgh ($2.11 in chips) 
Seat 6: Lorpugo ($2.11 in chips) 
p1nglad3n: posts small blind $0.01
VbugiraV: posts big blind $0.02
*** HOLE CARDS ***
Dealt to Lorpugo [5h 2h]
WeslleyJDR: folds 
Magdiel Appelt: folds 
WeslleyJDR leaves the table
simensgh: raises $0.03 to $0.05
Lorpugo: folds 
p1nglad3n: folds 
VbugiraV: folds 
Uncalled bet ($0.03) returned to simensgh
Nickk681 joins the table at seat #3 
simensgh collected $0.05 from pot
simensgh: doesn't show hand 
*** SUMMARY ***
Total pot $0.05 | Rake $0 
Seat 1: p1nglad3n (small blind) folded before Flop
Seat 2: VbugiraV (big blind) folded before Flop
Seat 3: WeslleyJDR folded before Flop (didn't bet)
Seat 4: Magdiel Appelt folded before Flop (didn't bet)
Seat 5: simensgh collected ($0.05)
Seat 6: Lorpugo (button) folded before Flop (didn't bet)



PokerStars Hand #240910197120:  Hold'em No Limit ($0.01/$0.02 USD) - 2023/01/04 13:55:51 ET
Table 'Klotho III' 6-max Seat #1 is the button
Seat 1: p1nglad3n ($2 in chips) 
Seat 2: VbugiraV ($4.65 in chips) 
Seat 3: Nickk681 ($1.50 in chips) 
Seat 4: Magdiel Appelt ($2.79 in chips) 
Seat 5: simensgh ($2.14 in chips) 
Seat 6: Lorpugo ($2.11 in chips) 
VbugiraV: posts small blind $0.01
Nickk681: posts big blind $0.02
*** HOLE CARDS ***
Dealt to Lorpugo [6s 4d]
Magdiel Appelt: folds 
simensgh: raises $0.03 to $0.05
Lorpugo: folds 
p1nglad3n: folds 
VbugiraV: calls $0.04
Nickk681: folds 
*** FLOP *** [2c Qd 9h]
VbugiraV: checks 
simensgh: bets $0.08
VbugiraV: folds 
Uncalled bet ($0.08) returned to simensgh
simensgh collected $0.12 from pot
simensgh: doesn't show hand 
*** SUMMARY ***
Total pot $0.12 | Rake $0 
Board [2c Qd 9h]
Seat 1: p1nglad3n (button) folded before Flop (didn't bet)
Seat 2: VbugiraV (small blind) folded on the Flop
Seat 3: Nickk681 (big blind) folded before Flop
Seat 4: Magdiel Appelt folded before Flop (didn't bet)
Seat 5: simensgh collected ($0.12)
Seat 6: Lorpugo folded before Flop (didn't bet)



PokerStars Hand #240910210943:  Hold'em No Limit ($0.01/$0.02 USD) - 2023/01/04 13:56:40 ET
Table 'Klotho III' 6-max Seat #2 is the button
Seat 1: p1nglad3n ($2 in chips) 
Seat 2: VbugiraV ($4.60 in chips) 
Seat 3: Nickk681 ($1.48 in chips) 
Seat 4: Magdiel Appelt ($2.79 in chips) 
Seat 5: simensgh ($2.21 in chips) 
Seat 6: Lorpugo ($2.11 in chips) 
Nickk681: posts small blind $0.01
Magdiel Appelt: posts big blind $0.02
*** HOLE CARDS ***
Dealt to Lorpugo [Ah 7d]
simensgh: folds 
Lorpugo: folds 
p1nglad3n: folds 
VbugiraV: raises $0.04 to $0.06
Nickk681: folds 
Magdiel Appelt: calls $0.04
*** FLOP *** [7h 6s Js]
Magdiel Appelt: checks 
VbugiraV: bets $0.07
Magdiel Appelt: calls $0.07
*** TURN *** [7h 6s Js] [Ac]
Magdiel Appelt: checks 
VbugiraV: checks 
*** RIVER *** [7h 6s Js Ac] [6h]
Magdiel Appelt: bets $0.02
VbugiraV: folds 
Uncalled bet ($0.02) returned to Magdiel Appelt
Magdiel Appelt collected $0.26 from pot
*** SUMMARY ***
Total pot $0.27 | Rake $0.01 
Board [7h 6s Js Ac 6h]
Seat 1: p1nglad3n folded before Flop (didn't bet)
Seat 2: VbugiraV (button) folded on the River
Seat 3: Nickk681 (small blind) folded before Flop
Seat 4: Magdiel Appelt (big blind) collected ($0.26)
Seat 5: simensgh folded before Flop (didn't bet)
Seat 6: Lorpugo folded before Flop (didn't bet)



PokerStars Hand #240910227831:  Hold'em No Limit ($0.01/$0.02 USD) - 2023/01/04 13:57:39 ET
Table 'Klotho III' 6-max Seat #3 is the button
Seat 1: p1nglad3n ($2 in chips) 
Seat 2: VbugiraV ($4.47 in chips) 
Seat 3: Nickk681 ($1.47 in chips) 
Seat 4: Magdiel Appelt ($2.92 in chips) 
Seat 5: simensgh ($2.21 in chips) 
Seat 6: Lorpugo ($2.11 in chips) 
Magdiel Appelt: posts small blind $0.01
simensgh: posts big blind $0.02
*** HOLE CARDS ***
Dealt to Lorpugo [Qc Kc]
Lorpugo: raises $0.02 to $0.04
p1nglad3n: folds 
VbugiraV: folds 
Nickk681: folds 
Magdiel Appelt: calls $0.03
simensgh: calls $0.02
*** FLOP *** [7d 6d 8s]
Magdiel Appelt: checks 
simensgh: checks 
Lorpugo: checks 
*** TURN *** [7d 6d 8s] [8h]
Magdiel Appelt: checks 
simensgh: checks 
Lorpugo: checks 
*** RIVER *** [7d 6d 8s 8h] [7c]
Magdiel Appelt: bets $0.04
simensgh: folds 
Lorpugo: folds 
Uncalled bet ($0.04) returned to Magdiel Appelt
Magdiel Appelt collected $0.12 from pot
*** SUMMARY ***
Total pot $0.12 | Rake $0 
Board [7d 6d 8s 8h 7c]
Seat 1: p1nglad3n folded before Flop (didn't bet)
Seat 2: VbugiraV folded before Flop (didn't bet)
Seat 3: Nickk681 (button) folded before Flop (didn't bet)
Seat 4: Magdiel Appelt (small blind) collected ($0.12)
Seat 5: simensgh (big blind) folded on the River
Seat 6: Lorpugo folded on the River



PokerStars Hand #240910242500:  Hold'em No Limit ($0.01/$0.02 USD) - 2023/01/04 13:58:31 ET
Table 'Klotho III' 6-max Seat #4 is the button
Seat 1: p1nglad3n ($2 in chips) 
Seat 2: VbugiraV ($4.47 in chips) 
Seat 3: Nickk681 ($1.47 in chips) 
Seat 4: Magdiel Appelt ($3 in chips) 
Seat 5: simensgh ($2.17 in chips) 
Seat 6: Lorpugo ($2.07 in chips) 
simensgh: posts small blind $0.01
Lorpugo: posts big blind $0.02
*** HOLE CARDS ***
Dealt to Lorpugo [Js Qh]
p1nglad3n: folds 
VbugiraV: folds 
Nickk681: calls $0.02
Magdiel Appelt: calls $0.02
simensgh: calls $0.01
Lorpugo: raises $0.06 to $0.08
Nickk681: calls $0.06
Magdiel Appelt: calls $0.06
simensgh: folds 
*** FLOP *** [8h 6d 9h]
Lorpugo: bets $0.05
Nickk681: folds 
Magdiel Appelt: folds 
Uncalled bet ($0.05) returned to Lorpugo
Lorpugo collected $0.25 from pot
Lorpugo: doesn't show hand 
*** SUMMARY ***
Total pot $0.26 | Rake $0.01 
Board [8h 6d 9h]
Seat 1: p1nglad3n folded before Flop (didn't bet)
Seat 2: VbugiraV folded before Flop (didn't bet)
Seat 3: Nickk681 folded on the Flop
Seat 4: Magdiel Appelt (button) folded on the Flop
Seat 5: simensgh (small blind) folded before Flop
Seat 6: Lorpugo (big blind) collected ($0.25)



PokerStars Hand #240910256943:  Hold'em No Limit ($0.01/$0.02 USD) - 2023/01/04 13:59:21 ET
Table 'Klotho III' 6-max Seat #5 is the button
Seat 1: p1nglad3n ($2 in chips) 
Seat 2: VbugiraV ($4.47 in chips) 
Seat 3: Nickk681 ($1.39 in chips) 
Seat 4: Magdiel Appelt ($2.92 in chips) 
Seat 5: simensgh ($2.15 in chips) 
Seat 6: Lorpugo ($2.24 in chips) 
Lorpugo: posts small blind $0.01
p1nglad3n: posts big blind $0.02
*** HOLE CARDS ***
Dealt to Lorpugo [4c 7h]
VbugiraV: folds 
Nickk681: calls $0.02
Magdiel Appelt: folds 
simensgh: calls $0.02
Lorpugo: folds 
p1nglad3n: checks 
*** FLOP *** [Kh Kc 2c]
p1nglad3n: checks 
Nickk681: bets $0.06
simensgh: folds 
p1nglad3n: folds 
Uncalled bet ($0.06) returned to Nickk681
Nickk681 collected $0.07 from pot
*** SUMMARY ***
Total pot $0.07 | Rake $0 
Board [Kh Kc 2c]
Seat 1: p1nglad3n (big blind) folded on the Flop
Seat 2: VbugiraV folded before Flop (didn't bet)
Seat 3: Nickk681 collected ($0.07)
Seat 4: Magdiel Appelt folded before Flop (didn't bet)
Seat 5: simensgh (button) folded on the Flop
Seat 6: Lorpugo (small blind) folded before Flop



PokerStars Hand #240910270881:  Hold'em No Limit ($0.01/$0.02 USD) - 2023/01/04 14:00:09 ET
Table 'Klotho III' 6-max Seat #6 is the button
Seat 1: p1nglad3n ($2 in chips) 
Seat 3: Nickk681 ($1.44 in chips) 
Seat 4: Magdiel Appelt ($2.92 in chips) 
Seat 5: simensgh ($2.13 in chips) 
Seat 6: Lorpugo ($2.23 in chips) 
p1nglad3n: posts small blind $0.01
Nickk681: posts big blind $0.02
*** HOLE CARDS ***
Dealt to Lorpugo [4c Qh]
Magdiel Appelt: folds 
simensgh: raises $0.03 to $0.05
VbugiraV leaves the table
Lorpugo: folds 
p1nglad3n: folds 
Nickk681: calls $0.03
*** FLOP *** [8h 9c 9d]
fladodrag joins the table at seat #2 
Nickk681: bets $0.10
simensgh: folds 
Uncalled bet ($0.10) returned to Nickk681
Nickk681 collected $0.11 from pot
*** SUMMARY ***
Total pot $0.11 | Rake $0 
Board [8h 9c 9d]
Seat 1: p1nglad3n (small blind) folded before Flop
Seat 3: Nickk681 (big blind) collected ($0.11)
Seat 4: Magdiel Appelt folded before Flop (didn't bet)
Seat 5: simensgh folded on the Flop
Seat 6: Lorpugo (button) folded before Flop (didn't bet)



PokerStars Hand #240910280358:  Hold'em No Limit ($0.01/$0.02 USD) - 2023/01/04 14:00:41 ET
Table 'Klotho III' 6-max Seat #1 is the button
Seat 1: p1nglad3n ($2 in chips) 
Seat 3: Nickk681 ($1.50 in chips) 
Seat 4: Magdiel Appelt ($2.92 in chips) 
Seat 5: simensgh ($2.08 in chips) 
Seat 6: Lorpugo ($2.23 in chips) 
Nickk681: posts small blind $0.01
Magdiel Appelt: posts big blind $0.02
*** HOLE CARDS ***
Dealt to Lorpugo [Qs 8d]
simensgh: folds 
Lorpugo: folds 
p1nglad3n: raises $0.04 to $0.06
Nickk681: folds 
Magdiel Appelt: folds 
Uncalled bet ($0.04) returned to p1nglad3n
p1nglad3n collected $0.05 from pot
p1nglad3n: doesn't show hand 
*** SUMMARY ***
Total pot $0.05 | Rake $0 
Seat 1: p1nglad3n (button) collected ($0.05)
Seat 3: Nickk681 (small blind) folded before Flop
Seat 4: Magdiel Appelt (big blind) folded before Flop
Seat 5: simensgh folded before Flop (didn't bet)
Seat 6: Lorpugo folded before Flop (didn't bet)



PokerStars Hand #240910284003:  Hold'em No Limit ($0.01/$0.02 USD) - 2023/01/04 14:00:52 ET
Table 'Klotho III' 6-max Seat #3 is the button
Seat 1: p1nglad3n ($2.03 in chips) 
Seat 2: fladodrag ($2 in chips) 
Seat 3: Nickk681 ($1.49 in chips) 
Seat 4: Magdiel Appelt ($2.90 in chips) 
Seat 5: simensgh ($2.08 in chips) 
Seat 6: Lorpugo ($2.23 in chips) 
Magdiel Appelt: posts small blind $0.01
simensgh: posts big blind $0.02
fladodrag: posts big blind $0.02
*** HOLE CARDS ***
Dealt to Lorpugo [2c 8c]
Lorpugo: folds 
p1nglad3n: raises $0.04 to $0.06
fladodrag: folds 
Nickk681: folds 
Magdiel Appelt: folds 
simensgh: folds 
Uncalled bet ($0.04) returned to p1nglad3n
p1nglad3n collected $0.07 from pot
p1nglad3n: doesn't show hand 
*** SUMMARY ***
Total pot $0.07 | Rake $0 
Seat 1: p1nglad3n collected ($0.07)
Seat 2: fladodrag folded before Flop (didn't bet)
Seat 3: Nickk681 (button) folded before Flop (didn't bet)
Seat 4: Magdiel Appelt (small blind) folded before Flop
Seat 5: simensgh (big blind) folded before Flop
Seat 6: Lorpugo folded before Flop (didn't bet)



PokerStars Hand #240910290824:  Hold'em No Limit ($0.01/$0.02 USD) - 2023/01/04 14:01:12 ET
Table 'Klotho III' 6-max Seat #4 is the button
Seat 1: p1nglad3n ($2.08 in chips) 
Seat 2: fladodrag ($2 in chips) 
Seat 3: Nickk681 ($1.49 in chips) 
Seat 4: Magdiel Appelt ($2.89 in chips) 
Seat 5: simensgh ($2.06 in chips) 
Seat 6: Lorpugo ($2.23 in chips) 
simensgh: posts small blind $0.01
Lorpugo: posts big blind $0.02
*** HOLE CARDS ***
Dealt to Lorpugo [Ts 3h]
p1nglad3n: raises $0.04 to $0.06
fladodrag: calls $0.06
Nickk681: calls $0.06
Magdiel Appelt: calls $0.06
simensgh: folds 
Lorpugo: folds 
*** FLOP *** [9d 3d 6s]
p1nglad3n: checks 
fladodrag: bets $0.08
Nickk681: folds 
Magdiel Appelt: folds 
p1nglad3n: folds 
Uncalled bet ($0.08) returned to fladodrag
fladodrag collected $0.26 from pot
fladodrag: doesn't show hand 
*** SUMMARY ***
Total pot $0.27 | Rake $0.01 
Board [9d 3d 6s]
Seat 1: p1nglad3n folded on the Flop
Seat 2: fladodrag collected ($0.26)
Seat 3: Nickk681 folded on the Flop
Seat 4: Magdiel Appelt (button) folded on the Flop
Seat 5: simensgh (small blind) folded before Flop
Seat 6: Lorpugo (big blind) folded before Flop



PokerStars Hand #240910302645:  Hold'em No Limit ($0.01/$0.02 USD) - 2023/01/04 14:01:46 ET
Table 'Klotho III' 6-max Seat #5 is the button
Seat 1: p1nglad3n ($2.02 in chips) 
Seat 2: fladodrag ($2.20 in chips) 
Seat 3: Nickk681 ($1.43 in chips) 
Seat 4: Magdiel Appelt ($2.83 in chips) 
Seat 5: simensgh ($2.05 in chips) 
Seat 6: Lorpugo ($2.21 in chips) 
Lorpugo: posts small blind $0.01
p1nglad3n: posts big blind $0.02
*** HOLE CARDS ***
Dealt to Lorpugo [8c 6d]
fladodrag: folds 
Nickk681: raises $0.06 to $0.08
Magdiel Appelt: folds 
simensgh: folds 
Lorpugo: folds 
p1nglad3n: folds 
Uncalled bet ($0.06) returned to Nickk681
Nickk681 collected $0.05 from pot
*** SUMMARY ***
Total pot $0.05 | Rake $0 
Seat 1: p1nglad3n (big blind) folded before Flop
Seat 2: fladodrag folded before Flop (didn't bet)
Seat 3: Nickk681 collected ($0.05)
Seat 4: Magdiel Appelt folded before Flop (didn't bet)
Seat 5: simensgh (button) folded before Flop (didn't bet)
Seat 6: Lorpugo (small blind) folded before Flop



PokerStars Hand #240910309267:  Hold'em No Limit ($0.01/$0.02 USD) - 2023/01/04 14:02:01 ET
Table 'Klotho III' 6-max Seat #6 is the button
Seat 1: p1nglad3n ($2 in chips) 
Seat 2: fladodrag ($2.20 in chips) 
Seat 3: Nickk681 ($1.46 in chips) 
Seat 4: Magdiel Appelt ($2.83 in chips) 
Seat 5: simensgh ($2.05 in chips) 
Seat 6: Lorpugo ($2.20 in chips) 
p1nglad3n: posts small blind $0.01
fladodrag: posts big blind $0.02
*** HOLE CARDS ***
Dealt to Lorpugo [Th 9s]
Nickk681: raises $0.06 to $0.08
Magdiel Appelt: calls $0.08
simensgh: folds 
Lorpugo: folds 
p1nglad3n: folds 
fladodrag: folds 
*** FLOP *** [5s 3d Ah]
Nickk681: bets $0.08
Magdiel Appelt: folds 
Uncalled bet ($0.08) returned to Nickk681
Nickk681 collected $0.18 from pot
*** SUMMARY ***
Total pot $0.19 | Rake $0.01 
Board [5s 3d Ah]
Seat 1: p1nglad3n (small blind) folded before Flop
Seat 2: fladodrag (big blind) folded before Flop
Seat 3: Nickk681 collected ($0.18)
Seat 4: Magdiel Appelt folded on the Flop
Seat 5: simensgh folded before Flop (didn't bet)
Seat 6: Lorpugo (button) folded before Flop (didn't bet)



PokerStars Hand #240910320527:  Hold'em No Limit ($0.01/$0.02 USD) - 2023/01/04 14:02:30 ET
Table 'Klotho III' 6-max Seat #1 is the button
Seat 1: p1nglad3n ($2 in chips) 
Seat 2: fladodrag ($2.18 in chips) 
Seat 3: Nickk681 ($1.56 in chips) 
Seat 4: Magdiel Appelt ($2.75 in chips) 
Seat 5: simensgh ($2.05 in chips) 
Seat 6: Lorpugo ($2.20 in chips) 
fladodrag: posts small blind $0.01
Nickk681: posts big blind $0.02
*** HOLE CARDS ***
Dealt to Lorpugo [Jc Kd]
Magdiel Appelt: folds 
simensgh: folds 
Lorpugo: raises $0.02 to $0.04
p1nglad3n: folds 
fladodrag: folds 
Nickk681: calls $0.02
*** FLOP *** [8h Kc 7d]
Nickk681: checks 
Lorpugo: bets $0.02
Nickk681: calls $0.02
*** TURN *** [8h Kc 7d] [9d]
Nickk681: checks 
Lorpugo: bets $0.04
Nickk681: calls $0.04
*** RIVER *** [8h Kc 7d 9d] [9c]
Nickk681: checks 
Lorpugo: bets $0.18
Nickk681: raises $0.18 to $0.36
Lorpugo: calls $0.18
*** SHOW DOWN ***
Nickk681: shows [5c 9s] (three of a kind, Nines)
Lorpugo: mucks hand 
Nickk681 collected $0.89 from pot
*** SUMMARY ***
Total pot $0.93 | Rake $0.04 
Board [8h Kc 7d 9d 9c]
Seat 1: p1nglad3n (button) folded before Flop (didn't bet)
Seat 2: fladodrag (small blind) folded before Flop
Seat 3: Nickk681 (big blind) showed [5c 9s] and won ($0.89) with three of a kind, Nines
Seat 4: Magdiel Appelt folded before Flop (didn't bet)
Seat 5: simensgh folded before Flop (didn't bet)
Seat 6: Lorpugo mucked [Jc Kd]



PokerStars Hand #240910351059:  Hold'em No Limit ($0.01/$0.02 USD) - 2023/01/04 14:03:41 ET
Table 'Klotho III' 6-max Seat #2 is the button
Seat 1: p1nglad3n ($2 in chips) 
Seat 2: fladodrag ($2.17 in chips) 
Seat 3: Nickk681 ($1.99 in chips) 
Seat 4: Magdiel Appelt ($2.75 in chips) 
Seat 5: simensgh ($2.05 in chips) 
Seat 6: Lorpugo ($1.74 in chips) 
Nickk681: posts small blind $0.01
Magdiel Appelt: posts big blind $0.02
*** HOLE CARDS ***
Dealt to Lorpugo [6h 4s]
simensgh: folds 
Lorpugo: folds 
p1nglad3n: folds 
fladodrag: raises $0.04 to $0.06
Nickk681: folds 
Magdiel Appelt: calls $0.04
*** FLOP *** [As Ah 6d]
Magdiel Appelt: checks 
fladodrag: bets $0.08
Magdiel Appelt: folds 
Uncalled bet ($0.08) returned to fladodrag
fladodrag collected $0.13 from pot
fladodrag: doesn't show hand 
*** SUMMARY ***
Total pot $0.13 | Rake $0 
Board [As Ah 6d]
Seat 1: p1nglad3n folded before Flop (didn't bet)
Seat 2: fladodrag (button) collected ($0.13)
Seat 3: Nickk681 (small blind) folded before Flop
Seat 4: Magdiel Appelt (big blind) folded on the Flop
Seat 5: simensgh folded before Flop (didn't bet)
Seat 6: Lorpugo folded before Flop (didn't bet)



PokerStars Hand #240910362380:  Hold'em No Limit ($0.01/$0.02 USD) - 2023/01/04 14:04:07 ET
Table 'Klotho III' 6-max Seat #3 is the button
Seat 1: p1nglad3n ($2 in chips) 
Seat 2: fladodrag ($2.24 in chips) 
Seat 3: Nickk681 ($1.98 in chips) 
Seat 4: Magdiel Appelt ($2.69 in chips) 
Seat 5: simensgh ($2.05 in chips) 
Seat 6: Lorpugo ($1.74 in chips) 
Magdiel Appelt: posts small blind $0.01
simensgh: posts big blind $0.02
*** HOLE CARDS ***
Dealt to Lorpugo [2c 2h]
Lorpugo: raises $0.02 to $0.04
p1nglad3n: folds 
fladodrag: folds 
Nickk681: raises $0.06 to $0.10
Magdiel Appelt: folds 
simensgh: folds 
Lorpugo: calls $0.06
*** FLOP *** [6c As 8h]
Lorpugo: checks 
Nickk681: checks 
*** TURN *** [6c As 8h] [Ah]
Lorpugo: bets $0.10
Nickk681: raises $0.20 to $0.30
Lorpugo: folds 
Uncalled bet ($0.20) returned to Nickk681
Nickk681 collected $0.41 from pot
*** SUMMARY ***
Total pot $0.43 | Rake $0.02 
Board [6c As 8h Ah]
Seat 1: p1nglad3n folded before Flop (didn't bet)
Seat 2: fladodrag folded before Flop (didn't bet)
Seat 3: Nickk681 (button) collected ($0.41)
Seat 4: Magdiel Appelt (small blind) folded before Flop
Seat 5: simensgh (big blind) folded before Flop
Seat 6: Lorpugo folded on the Turn



