PokerStars Hand #240917776949:  Hold'em No Limit ($0.01/$0.02 USD) - 2023/01/04 18:53:14 ET
Table 'Bruchsalia II' 6-max Seat #1 is the button
Seat 1: Tadzi5 ($5.58 in chips) 
Seat 2: kariman504 ($2.25 in chips) 
Seat 4: Lorpugo ($1.60 in chips) 
Seat 5: BinBetrunken ($2.65 in chips) 
Seat 6: Rabbit0727 ($4.86 in chips) 
kariman504: posts small blind $0.01
Lorpugo: posts big blind $0.02
*** HOLE CARDS ***
Dealt to Lorpugo [Ts 9c]
barretap leaves the table
BinBetrunken: folds 
Rabbit0727: raises $0.03 to $0.05
Tadzi5: folds 
kariman504: folds 
Lorpugo: calls $0.03
*** FLOP *** [Jh Tc 5d]
Lorpugo: checks 
NikoBrinon02 joins the table at seat #3 
Rabbit0727: checks 
*** TURN *** [Jh Tc 5d] [6s]
Lorpugo: bets $0.18
Rabbit0727: calls $0.18
*** RIVER *** [Jh Tc 5d 6s] [2h]
Lorpugo: bets $1.37 and is all-in
Rabbit0727: folds 
Uncalled bet ($1.37) returned to Lorpugo
Lorpugo collected $0.45 from pot
Lorpugo: doesn't show hand 
*** SUMMARY ***
Total pot $0.47 | Rake $0.02 
Board [Jh Tc 5d 6s 2h]
Seat 1: Tadzi5 (button) folded before Flop (didn't bet)
Seat 2: kariman504 (small blind) folded before Flop
Seat 4: Lorpugo (big blind) collected ($0.45)
Seat 5: BinBetrunken folded before Flop (didn't bet)
Seat 6: Rabbit0727 folded on the River



PokerStars Hand #240917807982:  Hold'em No Limit ($0.01/$0.02 USD) - 2023/01/04 18:54:46 ET
Table 'Bruchsalia II' 6-max Seat #2 is the button
Seat 1: Tadzi5 ($5.58 in chips) 
Seat 2: kariman504 ($2.24 in chips) 
Seat 4: Lorpugo ($1.82 in chips) 
Seat 5: BinBetrunken ($2.65 in chips) 
Seat 6: Rabbit0727 ($4.63 in chips) 
Lorpugo: posts small blind $0.01
BinBetrunken: posts big blind $0.02
*** HOLE CARDS ***
Dealt to Lorpugo [Ks 4d]
Rabbit0727: calls $0.02
Tadzi5: folds 
kariman504: folds 
Lorpugo: calls $0.01
BinBetrunken: checks 
*** FLOP *** [Tc 4s 6h]
Lorpugo: checks 
BinBetrunken: bets $0.03
Rabbit0727: folds 
Lorpugo: calls $0.03
*** TURN *** [Tc 4s 6h] [2c]
Lorpugo: checks 
BinBetrunken: checks 
*** RIVER *** [Tc 4s 6h 2c] [As]
Lorpugo: checks 
BinBetrunken: checks 
*** SHOW DOWN ***
Lorpugo: shows [Ks 4d] (a pair of Fours)
BinBetrunken: shows [6c Js] (a pair of Sixes)
BinBetrunken collected $0.12 from pot
*** SUMMARY ***
Total pot $0.12 | Rake $0 
Board [Tc 4s 6h 2c As]
Seat 1: Tadzi5 folded before Flop (didn't bet)
Seat 2: kariman504 (button) folded before Flop (didn't bet)
Seat 4: Lorpugo (small blind) showed [Ks 4d] and lost with a pair of Fours
Seat 5: BinBetrunken (big blind) showed [6c Js] and won ($0.12) with a pair of Sixes
Seat 6: Rabbit0727 folded on the Flop



PokerStars Hand #240917822788:  Hold'em No Limit ($0.01/$0.02 USD) - 2023/01/04 18:55:37 ET
Table 'Bruchsalia II' 6-max Seat #4 is the button
Seat 1: Tadzi5 ($5.58 in chips) 
Seat 2: kariman504 ($2.24 in chips) 
Seat 4: Lorpugo ($1.77 in chips) 
Seat 5: BinBetrunken ($2.72 in chips) 
Seat 6: Rabbit0727 ($4.61 in chips) 
BinBetrunken: posts small blind $0.01
Rabbit0727: posts big blind $0.02
*** HOLE CARDS ***
Dealt to Lorpugo [Kd Jh]
Tadzi5: folds 
kariman504: raises $0.02 to $0.04
Lorpugo: raises $0.06 to $0.10
BinBetrunken: folds 
Rabbit0727: folds 
kariman504: calls $0.06
*** FLOP *** [Qd 4h 4s]
kariman504: checks 
Lorpugo: bets $0.14
kariman504: folds 
Uncalled bet ($0.14) returned to Lorpugo
Lorpugo collected $0.22 from pot
Lorpugo: doesn't show hand 
*** SUMMARY ***
Total pot $0.23 | Rake $0.01 
Board [Qd 4h 4s]
Seat 1: Tadzi5 folded before Flop (didn't bet)
Seat 2: kariman504 folded on the Flop
Seat 4: Lorpugo (button) collected ($0.22)
Seat 5: BinBetrunken (small blind) folded before Flop
Seat 6: Rabbit0727 (big blind) folded before Flop



PokerStars Hand #240917831677:  Hold'em No Limit ($0.01/$0.02 USD) - 2023/01/04 18:56:10 ET
Table 'Bruchsalia II' 6-max Seat #5 is the button
Seat 1: Tadzi5 ($5.58 in chips) 
Seat 2: kariman504 ($2.14 in chips) 
Seat 4: Lorpugo ($1.89 in chips) 
Seat 5: BinBetrunken ($2.71 in chips) 
Seat 6: Rabbit0727 ($4.59 in chips) 
Rabbit0727: posts small blind $0.01
Tadzi5: posts big blind $0.02
*** HOLE CARDS ***
Dealt to Lorpugo [Jd Ac]
kariman504: raises $0.02 to $0.04
Lorpugo: raises $0.08 to $0.12
BinBetrunken: folds 
Rabbit0727: folds 
Tadzi5: folds 
kariman504: calls $0.08
*** FLOP *** [6s 9d 7c]
kariman504: checks 
Lorpugo: bets $0.10
kariman504: calls $0.10
*** TURN *** [6s 9d 7c] [4s]
kariman504: checks 
Lorpugo: bets $0.34
kariman504: folds 
Uncalled bet ($0.34) returned to Lorpugo
Lorpugo collected $0.45 from pot
Lorpugo: doesn't show hand 
*** SUMMARY ***
Total pot $0.47 | Rake $0.02 
Board [6s 9d 7c 4s]
Seat 1: Tadzi5 (big blind) folded before Flop
Seat 2: kariman504 folded on the Turn
Seat 4: Lorpugo collected ($0.45)
Seat 5: BinBetrunken (button) folded before Flop (didn't bet)
Seat 6: Rabbit0727 (small blind) folded before Flop



PokerStars Hand #240917847037:  Hold'em No Limit ($0.01/$0.02 USD) - 2023/01/04 18:57:08 ET
Table 'Bruchsalia II' 6-max Seat #6 is the button
Seat 1: Tadzi5 ($5.56 in chips) 
Seat 2: kariman504 ($1.92 in chips) 
Seat 4: Lorpugo ($2.12 in chips) 
Seat 5: BinBetrunken ($2.71 in chips) 
Seat 6: Rabbit0727 ($4.58 in chips) 
Tadzi5: posts small blind $0.01
kariman504: posts big blind $0.02
*** HOLE CARDS ***
Dealt to Lorpugo [Ad Qs]
Lorpugo: raises $0.05 to $0.07
BinBetrunken: folds 
Rabbit0727: folds 
Tadzi5: folds 
kariman504: folds 
Uncalled bet ($0.05) returned to Lorpugo
Lorpugo collected $0.05 from pot
Lorpugo: doesn't show hand 
*** SUMMARY ***
Total pot $0.05 | Rake $0 
Seat 1: Tadzi5 (small blind) folded before Flop
Seat 2: kariman504 (big blind) folded before Flop
Seat 4: Lorpugo collected ($0.05)
Seat 5: BinBetrunken folded before Flop (didn't bet)
Seat 6: Rabbit0727 (button) folded before Flop (didn't bet)



PokerStars Hand #240917849560:  Hold'em No Limit ($0.01/$0.02 USD) - 2023/01/04 18:57:18 ET
Table 'Bruchsalia II' 6-max Seat #1 is the button
Seat 1: Tadzi5 ($5.55 in chips) 
Seat 2: kariman504 ($1.90 in chips) 
Seat 3: NikoBrinon02 ($2 in chips) 
Seat 4: Lorpugo ($2.15 in chips) 
Seat 5: BinBetrunken ($2.71 in chips) 
Seat 6: Rabbit0727 ($4.58 in chips) 
kariman504: posts small blind $0.01
NikoBrinon02: posts big blind $0.02
*** HOLE CARDS ***
Dealt to Lorpugo [Ac 3d]
Lorpugo: raises $0.02 to $0.04
BinBetrunken: folds 
Rabbit0727: folds 
Tadzi5: folds 
kariman504: folds 
NikoBrinon02: calls $0.02
*** FLOP *** [Jd 6h Ts]
NikoBrinon02: checks 
Lorpugo: checks 
*** TURN *** [Jd 6h Ts] [9h]
NikoBrinon02: checks 
Lorpugo: checks 
*** RIVER *** [Jd 6h Ts 9h] [4d]
NikoBrinon02: checks 
Lorpugo: checks 
*** SHOW DOWN ***
NikoBrinon02: shows [Ah 8s] (high card Ace)
Lorpugo: mucks hand 
NikoBrinon02 collected $0.09 from pot
*** SUMMARY ***
Total pot $0.09 | Rake $0 
Board [Jd 6h Ts 9h 4d]
Seat 1: Tadzi5 (button) folded before Flop (didn't bet)
Seat 2: kariman504 (small blind) folded before Flop
Seat 3: NikoBrinon02 (big blind) showed [Ah 8s] and won ($0.09) with high card Ace
Seat 4: Lorpugo mucked [Ac 3d]
Seat 5: BinBetrunken folded before Flop (didn't bet)
Seat 6: Rabbit0727 folded before Flop (didn't bet)



PokerStars Hand #240917864293:  Hold'em No Limit ($0.01/$0.02 USD) - 2023/01/04 18:58:13 ET
Table 'Bruchsalia II' 6-max Seat #2 is the button
Seat 1: Tadzi5 ($5.55 in chips) 
Seat 2: kariman504 ($1.89 in chips) 
Seat 3: NikoBrinon02 ($2.05 in chips) 
Seat 4: Lorpugo ($2.11 in chips) 
Seat 5: BinBetrunken ($2.71 in chips) 
Seat 6: Rabbit0727 ($4.58 in chips) 
NikoBrinon02: posts small blind $0.01
Lorpugo: posts big blind $0.02
*** HOLE CARDS ***
Dealt to Lorpugo [8d 4c]
BinBetrunken: raises $0.04 to $0.06
Rabbit0727: folds 
Tadzi5: folds 
kariman504: calls $0.06
NikoBrinon02: folds 
Lorpugo: folds 
*** FLOP *** [Qc Qh 9h]
BinBetrunken: bets $0.07
kariman504: folds 
Uncalled bet ($0.07) returned to BinBetrunken
BinBetrunken collected $0.14 from pot
BinBetrunken: doesn't show hand 
*** SUMMARY ***
Total pot $0.15 | Rake $0.01 
Board [Qc Qh 9h]
Seat 1: Tadzi5 folded before Flop (didn't bet)
Seat 2: kariman504 (button) folded on the Flop
Seat 3: NikoBrinon02 (small blind) folded before Flop
Seat 4: Lorpugo (big blind) folded before Flop
Seat 5: BinBetrunken collected ($0.14)
Seat 6: Rabbit0727 folded before Flop (didn't bet)



PokerStars Hand #240917872830:  Hold'em No Limit ($0.01/$0.02 USD) - 2023/01/04 18:58:45 ET
Table 'Bruchsalia II' 6-max Seat #3 is the button
Seat 1: Tadzi5 ($5.55 in chips) 
Seat 2: kariman504 ($1.83 in chips) 
Seat 3: NikoBrinon02 ($2.04 in chips) 
Seat 4: Lorpugo ($2.09 in chips) 
Seat 5: BinBetrunken ($2.79 in chips) 
Seat 6: Rabbit0727 ($4.58 in chips) 
Lorpugo: posts small blind $0.01
BinBetrunken: posts big blind $0.02
*** HOLE CARDS ***
Dealt to Lorpugo [Ac 8s]
Rabbit0727: folds 
Tadzi5: raises $0.03 to $0.05
kariman504: folds 
NikoBrinon02: folds 
Lorpugo: calls $0.04
BinBetrunken: calls $0.03
*** FLOP *** [3c Jc 6d]
Lorpugo: checks 
BinBetrunken: checks 
Tadzi5: bets $0.09
Lorpugo: folds 
BinBetrunken: folds 
Uncalled bet ($0.09) returned to Tadzi5
Tadzi5 collected $0.14 from pot
Tadzi5: doesn't show hand 
*** SUMMARY ***
Total pot $0.15 | Rake $0.01 
Board [3c Jc 6d]
Seat 1: Tadzi5 collected ($0.14)
Seat 2: kariman504 folded before Flop (didn't bet)
Seat 3: NikoBrinon02 (button) folded before Flop (didn't bet)
Seat 4: Lorpugo (small blind) folded on the Flop
Seat 5: BinBetrunken (big blind) folded on the Flop
Seat 6: Rabbit0727 folded before Flop (didn't bet)



PokerStars Hand #240917883955:  Hold'em No Limit ($0.01/$0.02 USD) - 2023/01/04 18:59:27 ET
Table 'Bruchsalia II' 6-max Seat #4 is the button
Seat 1: Tadzi5 ($5.64 in chips) 
Seat 2: kariman504 ($1.83 in chips) 
Seat 3: NikoBrinon02 ($2.04 in chips) 
Seat 4: Lorpugo ($2.04 in chips) 
Seat 5: BinBetrunken ($2.74 in chips) 
Seat 6: Rabbit0727 ($4.58 in chips) 
BinBetrunken: posts small blind $0.01
NikoBrinon02 is disconnected 
Rabbit0727: posts big blind $0.02
*** HOLE CARDS ***
Dealt to Lorpugo [3d Kc]
Tadzi5: folds 
kariman504: folds 
NikoBrinon02 has timed out while disconnected
NikoBrinon02: folds 
Lorpugo: raises $0.03 to $0.05
BinBetrunken: folds 
Rabbit0727: folds 
Uncalled bet ($0.03) returned to Lorpugo
Lorpugo collected $0.05 from pot
Lorpugo: doesn't show hand 
*** SUMMARY ***
Total pot $0.05 | Rake $0 
Seat 1: Tadzi5 folded before Flop (didn't bet)
Seat 2: kariman504 folded before Flop (didn't bet)
Seat 3: NikoBrinon02 folded before Flop (didn't bet)
Seat 4: Lorpugo (button) collected ($0.05)
Seat 5: BinBetrunken (small blind) folded before Flop
Seat 6: Rabbit0727 (big blind) folded before Flop



PokerStars Hand #240917891454:  Hold'em No Limit ($0.01/$0.02 USD) - 2023/01/04 18:59:56 ET
Table 'Bruchsalia II' 6-max Seat #5 is the button
Seat 1: Tadzi5 ($5.64 in chips) 
Seat 2: kariman504 ($1.83 in chips) 
Seat 3: NikoBrinon02 ($2.04 in chips) 
Seat 4: Lorpugo ($2.07 in chips) 
Seat 5: BinBetrunken ($2.73 in chips) 
Seat 6: Rabbit0727 ($4.56 in chips) 
Rabbit0727: posts small blind $0.01
Tadzi5: posts big blind $0.02
*** HOLE CARDS ***
Dealt to Lorpugo [4c Ts]
kariman504: folds 
NikoBrinon02: folds 
Lorpugo: folds 
BinBetrunken: raises $0.04 to $0.06
Rabbit0727: folds 
Tadzi5: folds 
Uncalled bet ($0.04) returned to BinBetrunken
BinBetrunken collected $0.05 from pot
BinBetrunken: doesn't show hand 
*** SUMMARY ***
Total pot $0.05 | Rake $0 
Seat 1: Tadzi5 (big blind) folded before Flop
Seat 2: kariman504 folded before Flop (didn't bet)
Seat 3: NikoBrinon02 folded before Flop (didn't bet)
Seat 4: Lorpugo folded before Flop (didn't bet)
Seat 5: BinBetrunken (button) collected ($0.05)
Seat 6: Rabbit0727 (small blind) folded before Flop



PokerStars Hand #240917898664:  Hold'em No Limit ($0.01/$0.02 USD) - 2023/01/04 19:00:22 ET
Table 'Bruchsalia II' 6-max Seat #6 is the button
Seat 1: Tadzi5 ($5.62 in chips) 
Seat 2: kariman504 ($1.83 in chips) 
Seat 3: NikoBrinon02 ($2.04 in chips) 
Seat 4: Lorpugo ($2.07 in chips) 
Seat 5: BinBetrunken ($2.76 in chips) 
Seat 6: Rabbit0727 ($4.55 in chips) 
Tadzi5: posts small blind $0.01
kariman504: posts big blind $0.02
*** HOLE CARDS ***
Dealt to Lorpugo [7s 5c]
NikoBrinon02: folds 
Lorpugo: folds 
BinBetrunken: folds 
Rabbit0727: folds 
Tadzi5: raises $0.03 to $0.05
kariman504: folds 
Uncalled bet ($0.03) returned to Tadzi5
Tadzi5 collected $0.04 from pot
Tadzi5: doesn't show hand 
*** SUMMARY ***
Total pot $0.04 | Rake $0 
Seat 1: Tadzi5 (small blind) collected ($0.04)
Seat 2: kariman504 (big blind) folded before Flop
Seat 3: NikoBrinon02 folded before Flop (didn't bet)
Seat 4: Lorpugo folded before Flop (didn't bet)
Seat 5: BinBetrunken folded before Flop (didn't bet)
Seat 6: Rabbit0727 (button) folded before Flop (didn't bet)



PokerStars Hand #240917904024:  Hold'em No Limit ($0.01/$0.02 USD) - 2023/01/04 19:00:41 ET
Table 'Bruchsalia II' 6-max Seat #1 is the button
Seat 1: Tadzi5 ($5.64 in chips) 
Seat 2: kariman504 ($1.81 in chips) 
Seat 3: NikoBrinon02 ($2.04 in chips) 
Seat 4: Lorpugo ($2.07 in chips) 
Seat 5: BinBetrunken ($2.76 in chips) 
Seat 6: Rabbit0727 ($4.55 in chips) 
kariman504: posts small blind $0.01
NikoBrinon02: posts big blind $0.02
*** HOLE CARDS ***
Dealt to Lorpugo [6d 3d]
Lorpugo: raises $0.03 to $0.05
BinBetrunken: folds 
Rabbit0727: folds 
Tadzi5: folds 
kariman504: folds 
NikoBrinon02: folds 
Uncalled bet ($0.03) returned to Lorpugo
Lorpugo collected $0.05 from pot
Lorpugo: doesn't show hand 
*** SUMMARY ***
Total pot $0.05 | Rake $0 
Seat 1: Tadzi5 (button) folded before Flop (didn't bet)
Seat 2: kariman504 (small blind) folded before Flop
Seat 3: NikoBrinon02 (big blind) folded before Flop
Seat 4: Lorpugo collected ($0.05)
Seat 5: BinBetrunken folded before Flop (didn't bet)
Seat 6: Rabbit0727 folded before Flop (didn't bet)



PokerStars Hand #240917909033:  Hold'em No Limit ($0.01/$0.02 USD) - 2023/01/04 19:00:57 ET
Table 'Bruchsalia II' 6-max Seat #2 is the button
Seat 1: Tadzi5 ($5.64 in chips) 
Seat 2: kariman504 ($1.80 in chips) 
Seat 3: NikoBrinon02 ($2.02 in chips) 
Seat 4: Lorpugo ($2.10 in chips) 
Seat 5: BinBetrunken ($2.76 in chips) 
Seat 6: Rabbit0727 ($4.55 in chips) 
NikoBrinon02: posts small blind $0.01
Lorpugo: posts big blind $0.02
*** HOLE CARDS ***
Dealt to Lorpugo [Qs Ah]
BinBetrunken: folds 
Rabbit0727: raises $0.03 to $0.05
Tadzi5: folds 
kariman504: calls $0.05
NikoBrinon02: folds 
Lorpugo: raises $1.93 to $1.98
Rabbit0727: folds 
kariman504: folds 
Uncalled bet ($1.93) returned to Lorpugo
Lorpugo collected $0.16 from pot
Lorpugo: doesn't show hand 
*** SUMMARY ***
Total pot $0.16 | Rake $0 
Seat 1: Tadzi5 folded before Flop (didn't bet)
Seat 2: kariman504 (button) folded before Flop
Seat 3: NikoBrinon02 (small blind) folded before Flop
Seat 4: Lorpugo (big blind) collected ($0.16)
Seat 5: BinBetrunken folded before Flop (didn't bet)
Seat 6: Rabbit0727 folded before Flop



PokerStars Hand #240917915785:  Hold'em No Limit ($0.01/$0.02 USD) - 2023/01/04 19:01:18 ET
Table 'Bruchsalia II' 6-max Seat #3 is the button
Seat 1: Tadzi5 ($5.64 in chips) 
Seat 2: kariman504 ($1.75 in chips) 
Seat 3: NikoBrinon02 ($2.01 in chips) 
Seat 4: Lorpugo ($2.21 in chips) 
Seat 5: BinBetrunken ($2.76 in chips) 
Seat 6: Rabbit0727 ($4.50 in chips) 
Lorpugo: posts small blind $0.01
BinBetrunken: posts big blind $0.02
*** HOLE CARDS ***
Dealt to Lorpugo [Ah 8s]
Rabbit0727: raises $0.03 to $0.05
Tadzi5: calls $0.05
kariman504: folds 
NikoBrinon02: folds 
Lorpugo: raises $0.27 to $0.32
BinBetrunken: folds 
Rabbit0727: raises $0.44 to $0.76
Tadzi5: folds 
Lorpugo: folds 
Uncalled bet ($0.44) returned to Rabbit0727
Rabbit0727 collected $0.71 from pot
Rabbit0727: doesn't show hand 
*** SUMMARY ***
Total pot $0.71 | Rake $0 
Seat 1: Tadzi5 folded before Flop
Seat 2: kariman504 folded before Flop (didn't bet)
Seat 3: NikoBrinon02 (button) folded before Flop (didn't bet)
Seat 4: Lorpugo (small blind) folded before Flop
Seat 5: BinBetrunken (big blind) folded before Flop
Seat 6: Rabbit0727 collected ($0.71)



PokerStars Hand #240917933074:  Hold'em No Limit ($0.01/$0.02 USD) - 2023/01/04 19:02:12 ET
Table 'Bruchsalia II' 6-max Seat #4 is the button
Seat 1: Tadzi5 ($5.59 in chips) 
Seat 2: kariman504 ($1.75 in chips) 
Seat 3: NikoBrinon02 ($2.01 in chips) 
Seat 4: Lorpugo ($1.89 in chips) 
Seat 5: BinBetrunken ($2.74 in chips) 
Seat 6: Rabbit0727 ($4.89 in chips) 
BinBetrunken: posts small blind $0.01
Rabbit0727: posts big blind $0.02
*** HOLE CARDS ***
Dealt to Lorpugo [3d 3s]
Tadzi5: folds 
kariman504: raises $0.02 to $0.04
NikoBrinon02: folds 
Lorpugo: raises $0.02 to $0.06
BinBetrunken: folds 
Rabbit0727: raises $0.26 to $0.32
kariman504: folds 
Lorpugo: folds 
Uncalled bet ($0.26) returned to Rabbit0727
Rabbit0727 collected $0.17 from pot
Rabbit0727: doesn't show hand 
*** SUMMARY ***
Total pot $0.17 | Rake $0 
Seat 1: Tadzi5 folded before Flop (didn't bet)
Seat 2: kariman504 folded before Flop
Seat 3: NikoBrinon02 folded before Flop (didn't bet)
Seat 4: Lorpugo (button) folded before Flop
Seat 5: BinBetrunken (small blind) folded before Flop
Seat 6: Rabbit0727 (big blind) collected ($0.17)



PokerStars Hand #240917945913:  Hold'em No Limit ($0.01/$0.02 USD) - 2023/01/04 19:02:51 ET
Table 'Bruchsalia II' 6-max Seat #5 is the button
Seat 1: Tadzi5 ($5.59 in chips) 
Seat 2: kariman504 ($1.71 in chips) 
Seat 3: NikoBrinon02 ($2.01 in chips) 
Seat 4: Lorpugo ($1.83 in chips) 
Seat 5: BinBetrunken ($2.73 in chips) 
Seat 6: Rabbit0727 ($5 in chips) 
Rabbit0727: posts small blind $0.01
Tadzi5: posts big blind $0.02
*** HOLE CARDS ***
Dealt to Lorpugo [5d 6s]
kariman504: raises $0.02 to $0.04
NikoBrinon02: folds 
Lorpugo: folds 
BinBetrunken: raises $0.12 to $0.16
Rabbit0727: folds 
Tadzi5: calls $0.14
kariman504: calls $0.12
*** FLOP *** [7h 9c 8d]
Tadzi5: checks 
kariman504: checks 
BinBetrunken: checks 
*** TURN *** [7h 9c 8d] [Ad]
Tadzi5: bets $0.24
kariman504: folds 
BinBetrunken: calls $0.24
*** RIVER *** [7h 9c 8d Ad] [As]
Tadzi5: bets $0.63
BinBetrunken: folds 
Uncalled bet ($0.63) returned to Tadzi5
Tadzi5 collected $0.94 from pot
Tadzi5: doesn't show hand 
*** SUMMARY ***
Total pot $0.97 | Rake $0.03 
Board [7h 9c 8d Ad As]
Seat 1: Tadzi5 (big blind) collected ($0.94)
Seat 2: kariman504 folded on the Turn
Seat 3: NikoBrinon02 folded before Flop (didn't bet)
Seat 4: Lorpugo folded before Flop (didn't bet)
Seat 5: BinBetrunken (button) folded on the River
Seat 6: Rabbit0727 (small blind) folded before Flop



PokerStars Hand #240917964895:  Hold'em No Limit ($0.01/$0.02 USD) - 2023/01/04 19:03:49 ET
Table 'Bruchsalia II' 6-max Seat #6 is the button
Seat 1: Tadzi5 ($6.13 in chips) 
Seat 2: kariman504 ($1.55 in chips) 
Seat 3: NikoBrinon02 ($2.01 in chips) 
Seat 4: Lorpugo ($1.83 in chips) 
Seat 5: BinBetrunken ($2.33 in chips) 
Seat 6: Rabbit0727 ($4.99 in chips) 
Tadzi5: posts small blind $0.01
kariman504: posts big blind $0.02
*** HOLE CARDS ***
Dealt to Lorpugo [Kc 8s]
NikoBrinon02: folds 
Lorpugo: folds 
BinBetrunken: raises $0.04 to $0.06
Rabbit0727: raises $0.12 to $0.18
Tadzi5: folds 
kariman504: folds 
BinBetrunken: folds 
Uncalled bet ($0.12) returned to Rabbit0727
Rabbit0727 collected $0.15 from pot
Rabbit0727: doesn't show hand 
*** SUMMARY ***
Total pot $0.15 | Rake $0 
Seat 1: Tadzi5 (small blind) folded before Flop
Seat 2: kariman504 (big blind) folded before Flop
Seat 3: NikoBrinon02 folded before Flop (didn't bet)
Seat 4: Lorpugo folded before Flop (didn't bet)
Seat 5: BinBetrunken folded before Flop
Seat 6: Rabbit0727 (button) collected ($0.15)



PokerStars Hand #240917973682:  Hold'em No Limit ($0.01/$0.02 USD) - 2023/01/04 19:04:16 ET
Table 'Bruchsalia II' 6-max Seat #1 is the button
Seat 1: Tadzi5 ($6.12 in chips) 
Seat 2: kariman504 ($1.98 in chips) 
Seat 3: NikoBrinon02 ($2.01 in chips) 
Seat 4: Lorpugo ($1.83 in chips) 
Seat 5: BinBetrunken ($2.27 in chips) 
Seat 6: Rabbit0727 ($5.08 in chips) 
kariman504: posts small blind $0.01
NikoBrinon02: posts big blind $0.02
*** HOLE CARDS ***
Dealt to Lorpugo [Qd 5h]
Lorpugo: folds 
BinBetrunken: raises $0.04 to $0.06
Rabbit0727: folds 
Tadzi5: folds 
kariman504: folds 
NikoBrinon02: folds 
Uncalled bet ($0.04) returned to BinBetrunken
BinBetrunken collected $0.05 from pot
BinBetrunken: doesn't show hand 
*** SUMMARY ***
Total pot $0.05 | Rake $0 
Seat 1: Tadzi5 (button) folded before Flop (didn't bet)
Seat 2: kariman504 (small blind) folded before Flop
Seat 3: NikoBrinon02 (big blind) folded before Flop
Seat 4: Lorpugo folded before Flop (didn't bet)
Seat 5: BinBetrunken collected ($0.05)
Seat 6: Rabbit0727 folded before Flop (didn't bet)



PokerStars Hand #240917984093:  Hold'em No Limit ($0.01/$0.02 USD) - 2023/01/04 19:04:48 ET
Table 'Bruchsalia II' 6-max Seat #2 is the button
Seat 1: Tadzi5 ($6.12 in chips) 
Seat 2: kariman504 ($1.97 in chips) 
Seat 3: NikoBrinon02 ($1.99 in chips) 
Seat 4: Lorpugo ($1.83 in chips) 
Seat 5: BinBetrunken ($2.30 in chips) 
Seat 6: Rabbit0727 ($5.08 in chips) 
NikoBrinon02: posts small blind $0.01
Lorpugo: posts big blind $0.02
*** HOLE CARDS ***
Dealt to Lorpugo [4d 8s]
BinBetrunken: folds 
Rabbit0727: folds 
Tadzi5: folds 
kariman504: raises $0.02 to $0.04
NikoBrinon02: folds 
Lorpugo: folds 
Uncalled bet ($0.02) returned to kariman504
kariman504 collected $0.05 from pot
*** SUMMARY ***
Total pot $0.05 | Rake $0 
Seat 1: Tadzi5 folded before Flop (didn't bet)
Seat 2: kariman504 (button) collected ($0.05)
Seat 3: NikoBrinon02 (small blind) folded before Flop
Seat 4: Lorpugo (big blind) folded before Flop
Seat 5: BinBetrunken folded before Flop (didn't bet)
Seat 6: Rabbit0727 folded before Flop (didn't bet)



PokerStars Hand #240917992229:  Hold'em No Limit ($0.01/$0.02 USD) - 2023/01/04 19:05:13 ET
Table 'Bruchsalia II' 6-max Seat #3 is the button
Seat 1: Tadzi5 ($6.12 in chips) 
Seat 2: kariman504 ($2 in chips) 
Seat 3: NikoBrinon02 ($1.98 in chips) 
Seat 4: Lorpugo ($1.81 in chips) 
Seat 5: BinBetrunken ($2.30 in chips) 
Seat 6: Rabbit0727 ($5.08 in chips) 
Lorpugo: posts small blind $0.01
BinBetrunken: posts big blind $0.02
*** HOLE CARDS ***
Dealt to Lorpugo [9s 3d]
Rabbit0727: raises $0.03 to $0.05
Tadzi5: folds 
kariman504: folds 
NikoBrinon02: folds 
Lorpugo: folds 
BinBetrunken: folds 
Uncalled bet ($0.03) returned to Rabbit0727
Rabbit0727 collected $0.05 from pot
Rabbit0727: doesn't show hand 
*** SUMMARY ***
Total pot $0.05 | Rake $0 
Seat 1: Tadzi5 folded before Flop (didn't bet)
Seat 2: kariman504 folded before Flop (didn't bet)
Seat 3: NikoBrinon02 (button) folded before Flop (didn't bet)
Seat 4: Lorpugo (small blind) folded before Flop
Seat 5: BinBetrunken (big blind) folded before Flop
Seat 6: Rabbit0727 collected ($0.05)



PokerStars Hand #240917996303:  Hold'em No Limit ($0.01/$0.02 USD) - 2023/01/04 19:05:25 ET
Table 'Bruchsalia II' 6-max Seat #4 is the button
Seat 1: Tadzi5 ($6.12 in chips) 
Seat 2: kariman504 ($2 in chips) 
Seat 3: NikoBrinon02 ($1.98 in chips) 
Seat 4: Lorpugo ($1.80 in chips) 
Seat 5: BinBetrunken ($2.28 in chips) 
Seat 6: Rabbit0727 ($5.11 in chips) 
BinBetrunken: posts small blind $0.01
Rabbit0727: posts big blind $0.02
*** HOLE CARDS ***
Dealt to Lorpugo [7c Jh]
Tadzi5: folds 
kariman504: folds 
NikoBrinon02: folds 
Lorpugo: raises $0.05 to $0.07
BinBetrunken: folds 
Rabbit0727: calls $0.05
*** FLOP *** [3s Kd 5d]
Rabbit0727: checks 
Lorpugo: bets $0.09
Rabbit0727: folds 
Uncalled bet ($0.09) returned to Lorpugo
Lorpugo collected $0.14 from pot
Lorpugo: doesn't show hand 
*** SUMMARY ***
Total pot $0.15 | Rake $0.01 
Board [3s Kd 5d]
Seat 1: Tadzi5 folded before Flop (didn't bet)
Seat 2: kariman504 folded before Flop (didn't bet)
Seat 3: NikoBrinon02 folded before Flop (didn't bet)
Seat 4: Lorpugo (button) collected ($0.14)
Seat 5: BinBetrunken (small blind) folded before Flop
Seat 6: Rabbit0727 (big blind) folded on the Flop



PokerStars Hand #240918011954:  Hold'em No Limit ($0.01/$0.02 USD) - 2023/01/04 19:06:14 ET
Table 'Bruchsalia II' 6-max Seat #5 is the button
Seat 1: Tadzi5 ($6.12 in chips) 
Seat 2: kariman504 ($2 in chips) 
Seat 3: NikoBrinon02 ($1.98 in chips) 
Seat 4: Lorpugo ($1.87 in chips) 
Seat 5: BinBetrunken ($2.27 in chips) 
Seat 6: Rabbit0727 ($5.04 in chips) 
Rabbit0727: posts small blind $0.01
Tadzi5: posts big blind $0.02
*** HOLE CARDS ***
Dealt to Lorpugo [2s 9d]
kariman504: folds 
NikoBrinon02: folds 
Lorpugo: folds 
BinBetrunken: folds 
Rabbit0727: folds 
Uncalled bet ($0.01) returned to Tadzi5
Tadzi5 collected $0.02 from pot
Tadzi5: doesn't show hand 
*** SUMMARY ***
Total pot $0.02 | Rake $0 
Seat 1: Tadzi5 (big blind) collected ($0.02)
Seat 2: kariman504 folded before Flop (didn't bet)
Seat 3: NikoBrinon02 folded before Flop (didn't bet)
Seat 4: Lorpugo folded before Flop (didn't bet)
Seat 5: BinBetrunken (button) folded before Flop (didn't bet)
Seat 6: Rabbit0727 (small blind) folded before Flop



PokerStars Hand #240918016204:  Hold'em No Limit ($0.01/$0.02 USD) - 2023/01/04 19:06:27 ET
Table 'Bruchsalia II' 6-max Seat #6 is the button
Seat 1: Tadzi5 ($6.13 in chips) 
Seat 2: kariman504 ($2 in chips) 
Seat 3: NikoBrinon02 ($1.98 in chips) 
Seat 4: Lorpugo ($1.87 in chips) 
Seat 5: BinBetrunken ($2.27 in chips) 
Seat 6: Rabbit0727 ($5.03 in chips) 
Tadzi5: posts small blind $0.01
kariman504: posts big blind $0.02
*** HOLE CARDS ***
Dealt to Lorpugo [4c Ks]
NikoBrinon02: folds 
Lorpugo: folds 
BinBetrunken: raises $0.04 to $0.06
Rabbit0727: folds 
Tadzi5: folds 
kariman504: folds 
Uncalled bet ($0.04) returned to BinBetrunken
BinBetrunken collected $0.05 from pot
BinBetrunken: doesn't show hand 
*** SUMMARY ***
Total pot $0.05 | Rake $0 
Seat 1: Tadzi5 (small blind) folded before Flop
Seat 2: kariman504 (big blind) folded before Flop
Seat 3: NikoBrinon02 folded before Flop (didn't bet)
Seat 4: Lorpugo folded before Flop (didn't bet)
Seat 5: BinBetrunken collected ($0.05)
Seat 6: Rabbit0727 (button) folded before Flop (didn't bet)



PokerStars Hand #240918028088:  Hold'em No Limit ($0.01/$0.02 USD) - 2023/01/04 19:07:04 ET
Table 'Bruchsalia II' 6-max Seat #1 is the button
Seat 1: Tadzi5 ($6.12 in chips) 
Seat 2: kariman504 ($1.98 in chips) 
Seat 3: NikoBrinon02 ($1.98 in chips) 
Seat 4: Lorpugo ($1.87 in chips) 
Seat 5: BinBetrunken ($2.30 in chips) 
Seat 6: Rabbit0727 ($5.03 in chips) 
kariman504: posts small blind $0.01
NikoBrinon02: posts big blind $0.02
*** HOLE CARDS ***
Dealt to Lorpugo [9h 8c]
Lorpugo: raises $0.02 to $0.04
BinBetrunken: folds 
Rabbit0727: folds 
Tadzi5: folds 
kariman504: calls $0.03
NikoBrinon02: folds 
*** FLOP *** [Ts Qh 2s]
kariman504: checks 
Lorpugo: checks 
*** TURN *** [Ts Qh 2s] [6s]
kariman504: checks 
Lorpugo: bets $0.07
kariman504: folds 
Uncalled bet ($0.07) returned to Lorpugo
Lorpugo collected $0.10 from pot
Lorpugo: doesn't show hand 
*** SUMMARY ***
Total pot $0.10 | Rake $0 
Board [Ts Qh 2s 6s]
Seat 1: Tadzi5 (button) folded before Flop (didn't bet)
Seat 2: kariman504 (small blind) folded on the Turn
Seat 3: NikoBrinon02 (big blind) folded before Flop
Seat 4: Lorpugo collected ($0.10)
Seat 5: BinBetrunken folded before Flop (didn't bet)
Seat 6: Rabbit0727 folded before Flop (didn't bet)



PokerStars Hand #240918041026:  Hold'em No Limit ($0.01/$0.02 USD) - 2023/01/04 19:07:43 ET
Table 'Bruchsalia II' 6-max Seat #2 is the button
Seat 1: Tadzi5 ($6.12 in chips) 
Seat 2: kariman504 ($1.94 in chips) 
Seat 3: NikoBrinon02 ($1.96 in chips) 
Seat 4: Lorpugo ($1.93 in chips) 
Seat 5: BinBetrunken ($2.30 in chips) 
Seat 6: Rabbit0727 ($5.03 in chips) 
NikoBrinon02: posts small blind $0.01
Lorpugo: posts big blind $0.02
*** HOLE CARDS ***
Dealt to Lorpugo [As Ks]
BinBetrunken: folds 
Rabbit0727: folds 
Tadzi5: folds 
kariman504: folds 
NikoBrinon02: raises $0.03 to $0.05
Lorpugo: raises $0.23 to $0.28
NikoBrinon02: folds 
Uncalled bet ($0.23) returned to Lorpugo
Lorpugo collected $0.10 from pot
Lorpugo: doesn't show hand 
*** SUMMARY ***
Total pot $0.10 | Rake $0 
Seat 1: Tadzi5 folded before Flop (didn't bet)
Seat 2: kariman504 (button) folded before Flop (didn't bet)
Seat 3: NikoBrinon02 (small blind) folded before Flop
Seat 4: Lorpugo (big blind) collected ($0.10)
Seat 5: BinBetrunken folded before Flop (didn't bet)
Seat 6: Rabbit0727 folded before Flop (didn't bet)



PokerStars Hand #240918047480:  Hold'em No Limit ($0.01/$0.02 USD) - 2023/01/04 19:08:03 ET
Table 'Bruchsalia II' 6-max Seat #3 is the button
Seat 1: Tadzi5 ($6.12 in chips) 
Seat 2: kariman504 ($1.94 in chips) 
Seat 3: NikoBrinon02 ($1.91 in chips) 
Seat 4: Lorpugo ($1.98 in chips) 
Seat 5: BinBetrunken ($2.30 in chips) 
Seat 6: Rabbit0727 ($5.03 in chips) 
Lorpugo: posts small blind $0.01
BinBetrunken: posts big blind $0.02
*** HOLE CARDS ***
Dealt to Lorpugo [2h As]
Rabbit0727: folds 
Tadzi5: raises $0.03 to $0.05
kariman504: folds 
NikoBrinon02: calls $0.05
Lorpugo: folds 
BinBetrunken: calls $0.03
*** FLOP *** [5h Ad 7s]
BinBetrunken: checks 
Tadzi5: checks 
NikoBrinon02: bets $0.05
BinBetrunken: folds 
Tadzi5: folds 
Uncalled bet ($0.05) returned to NikoBrinon02
NikoBrinon02 collected $0.15 from pot
NikoBrinon02: doesn't show hand 
*** SUMMARY ***
Total pot $0.16 | Rake $0.01 
Board [5h Ad 7s]
Seat 1: Tadzi5 folded on the Flop
Seat 2: kariman504 folded before Flop (didn't bet)
Seat 3: NikoBrinon02 (button) collected ($0.15)
Seat 4: Lorpugo (small blind) folded before Flop
Seat 5: BinBetrunken (big blind) folded on the Flop
Seat 6: Rabbit0727 folded before Flop (didn't bet)



PokerStars Hand #240918058350:  Hold'em No Limit ($0.01/$0.02 USD) - 2023/01/04 19:08:37 ET
Table 'Bruchsalia II' 6-max Seat #4 is the button
Seat 1: Tadzi5 ($6.07 in chips) 
Seat 2: kariman504 ($1.94 in chips) 
Seat 3: NikoBrinon02 ($2.01 in chips) 
Seat 4: Lorpugo ($1.97 in chips) 
Seat 5: BinBetrunken ($2.25 in chips) 
Seat 6: Rabbit0727 ($5.03 in chips) 
BinBetrunken: posts small blind $0.01
Rabbit0727: posts big blind $0.02
*** HOLE CARDS ***
Dealt to Lorpugo [Jh 6d]
Tadzi5: calls $0.02
kariman504: folds 
NikoBrinon02: raises $0.03 to $0.05
Lorpugo: folds 
BinBetrunken: folds 
Rabbit0727: folds 
Tadzi5: calls $0.03
*** FLOP *** [9h 5d Qd]
Tadzi5: checks 
NikoBrinon02: bets $0.04
Tadzi5: calls $0.04
*** TURN *** [9h 5d Qd] [Qh]
Tadzi5: bets $0.13
NikoBrinon02: folds 
Uncalled bet ($0.13) returned to Tadzi5
Tadzi5 collected $0.20 from pot
Tadzi5: doesn't show hand 
*** SUMMARY ***
Total pot $0.21 | Rake $0.01 
Board [9h 5d Qd Qh]
Seat 1: Tadzi5 collected ($0.20)
Seat 2: kariman504 folded before Flop (didn't bet)
Seat 3: NikoBrinon02 folded on the Turn
Seat 4: Lorpugo (button) folded before Flop (didn't bet)
Seat 5: BinBetrunken (small blind) folded before Flop
Seat 6: Rabbit0727 (big blind) folded before Flop



PokerStars Hand #240918075251:  Hold'em No Limit ($0.01/$0.02 USD) - 2023/01/04 19:09:29 ET
Table 'Bruchsalia II' 6-max Seat #5 is the button
Seat 1: Tadzi5 ($6.18 in chips) 
Seat 2: kariman504 ($1.94 in chips) 
Seat 3: NikoBrinon02 ($1.92 in chips) 
Seat 4: Lorpugo ($1.97 in chips) 
Seat 5: BinBetrunken ($2.24 in chips) 
Seat 6: Rabbit0727 ($5.01 in chips) 
Rabbit0727: posts small blind $0.01
Tadzi5: posts big blind $0.02
*** HOLE CARDS ***
Dealt to Lorpugo [6h Ah]
kariman504: folds 
NikoBrinon02: folds 
Lorpugo: raises $0.03 to $0.05
BinBetrunken: folds 
Rabbit0727: raises $0.15 to $0.20
Tadzi5: folds 
Lorpugo: folds 
Uncalled bet ($0.15) returned to Rabbit0727
Rabbit0727 collected $0.12 from pot
Rabbit0727: doesn't show hand 
*** SUMMARY ***
Total pot $0.12 | Rake $0 
Seat 1: Tadzi5 (big blind) folded before Flop
Seat 2: kariman504 folded before Flop (didn't bet)
Seat 3: NikoBrinon02 folded before Flop (didn't bet)
Seat 4: Lorpugo folded before Flop
Seat 5: BinBetrunken (button) folded before Flop (didn't bet)
Seat 6: Rabbit0727 (small blind) collected ($0.12)



PokerStars Hand #240918082846:  Hold'em No Limit ($0.01/$0.02 USD) - 2023/01/04 19:09:53 ET
Table 'Bruchsalia II' 6-max Seat #6 is the button
Seat 1: Tadzi5 ($6.16 in chips) 
Seat 2: kariman504 ($1.94 in chips) 
Seat 3: NikoBrinon02 ($1.92 in chips) 
Seat 4: Lorpugo ($1.92 in chips) 
Seat 5: BinBetrunken ($2.24 in chips) 
Seat 6: Rabbit0727 ($5.08 in chips) 
Tadzi5: posts small blind $0.01
kariman504: posts big blind $0.02
*** HOLE CARDS ***
Dealt to Lorpugo [8h 5h]
NikoBrinon02: folds 
Lorpugo: raises $0.02 to $0.04
BinBetrunken: folds 
Rabbit0727: raises $0.08 to $0.12
Tadzi5: folds 
kariman504: folds 
Lorpugo: calls $0.08
*** FLOP *** [9c 7h 2h]
Lorpugo: bets $1.80 and is all-in
Rabbit0727: folds 
Uncalled bet ($1.80) returned to Lorpugo
Lorpugo collected $0.26 from pot
Lorpugo: doesn't show hand 
*** SUMMARY ***
Total pot $0.27 | Rake $0.01 
Board [9c 7h 2h]
Seat 1: Tadzi5 (small blind) folded before Flop
Seat 2: kariman504 (big blind) folded before Flop
Seat 3: NikoBrinon02 folded before Flop (didn't bet)
Seat 4: Lorpugo collected ($0.26)
Seat 5: BinBetrunken folded before Flop (didn't bet)
Seat 6: Rabbit0727 (button) folded on the Flop



PokerStars Hand #240918098733:  Hold'em No Limit ($0.01/$0.02 USD) - 2023/01/04 19:10:42 ET
Table 'Bruchsalia II' 6-max Seat #1 is the button
Seat 1: Tadzi5 ($6.15 in chips) 
Seat 2: kariman504 ($1.92 in chips) 
Seat 3: NikoBrinon02 ($1.92 in chips) 
Seat 4: Lorpugo ($2.06 in chips) 
Seat 5: BinBetrunken ($2.24 in chips) 
Seat 6: Rabbit0727 ($4.96 in chips) 
kariman504: posts small blind $0.01
NikoBrinon02: posts big blind $0.02
*** HOLE CARDS ***
Dealt to Lorpugo [Ac 5s]
Lorpugo: raises $0.02 to $0.04
BinBetrunken: raises $0.10 to $0.14
Rabbit0727: folds 
Tadzi5: folds 
kariman504: folds 
NikoBrinon02: folds 
Lorpugo: folds 
Uncalled bet ($0.10) returned to BinBetrunken
BinBetrunken collected $0.11 from pot
BinBetrunken: doesn't show hand 
*** SUMMARY ***
Total pot $0.11 | Rake $0 
Seat 1: Tadzi5 (button) folded before Flop (didn't bet)
Seat 2: kariman504 (small blind) folded before Flop
Seat 3: NikoBrinon02 (big blind) folded before Flop
Seat 4: Lorpugo folded before Flop
Seat 5: BinBetrunken collected ($0.11)
Seat 6: Rabbit0727 folded before Flop (didn't bet)



PokerStars Hand #240918105626:  Hold'em No Limit ($0.01/$0.02 USD) - 2023/01/04 19:11:04 ET
Table 'Bruchsalia II' 6-max Seat #2 is the button
Seat 1: Tadzi5 ($6.15 in chips) 
Seat 2: kariman504 ($1.91 in chips) 
Seat 3: NikoBrinon02 ($1.90 in chips) 
Seat 4: Lorpugo ($2.02 in chips) 
Seat 5: BinBetrunken ($2.31 in chips) 
Seat 6: Rabbit0727 ($4.96 in chips) 
NikoBrinon02: posts small blind $0.01
Lorpugo: posts big blind $0.02
*** HOLE CARDS ***
Dealt to Lorpugo [5c 8h]
BinBetrunken: folds 
Rabbit0727: raises $0.03 to $0.05
Tadzi5: folds 
kariman504: folds 
NikoBrinon02: raises $0.17 to $0.22
Lorpugo: folds 
Rabbit0727: folds 
Uncalled bet ($0.17) returned to NikoBrinon02
NikoBrinon02 collected $0.12 from pot
NikoBrinon02: doesn't show hand 
*** SUMMARY ***
Total pot $0.12 | Rake $0 
Seat 1: Tadzi5 folded before Flop (didn't bet)
Seat 2: kariman504 (button) folded before Flop (didn't bet)
Seat 3: NikoBrinon02 (small blind) collected ($0.12)
Seat 4: Lorpugo (big blind) folded before Flop
Seat 5: BinBetrunken folded before Flop (didn't bet)
Seat 6: Rabbit0727 folded before Flop



PokerStars Hand #240918116912:  Hold'em No Limit ($0.01/$0.02 USD) - 2023/01/04 19:11:39 ET
Table 'Bruchsalia II' 6-max Seat #3 is the button
Seat 1: Tadzi5 ($6.15 in chips) 
Seat 2: kariman504 ($1.91 in chips) 
Seat 3: NikoBrinon02 ($1.97 in chips) 
Seat 4: Lorpugo ($2 in chips) 
Seat 5: BinBetrunken ($2.31 in chips) 
Seat 6: Rabbit0727 ($4.91 in chips) 
Lorpugo: posts small blind $0.01
BinBetrunken: posts big blind $0.02
*** HOLE CARDS ***
Dealt to Lorpugo [Ac 3d]
Rabbit0727: folds 
Tadzi5: raises $0.03 to $0.05
kariman504: folds 
NikoBrinon02: folds 
Lorpugo: calls $0.04
BinBetrunken: calls $0.03
*** FLOP *** [Jc 5c 7s]
Lorpugo: checks 
BinBetrunken: checks 
Tadzi5: bets $0.07
Lorpugo: calls $0.07
BinBetrunken: folds 
*** TURN *** [Jc 5c 7s] [4c]
Lorpugo: bets $0.28
Tadzi5: folds 
Uncalled bet ($0.28) returned to Lorpugo
Lorpugo collected $0.28 from pot
Lorpugo: doesn't show hand 
*** SUMMARY ***
Total pot $0.29 | Rake $0.01 
Board [Jc 5c 7s 4c]
Seat 1: Tadzi5 folded on the Turn
Seat 2: kariman504 folded before Flop (didn't bet)
Seat 3: NikoBrinon02 (button) folded before Flop (didn't bet)
Seat 4: Lorpugo (small blind) collected ($0.28)
Seat 5: BinBetrunken (big blind) folded on the Flop
Seat 6: Rabbit0727 folded before Flop (didn't bet)



PokerStars Hand #240918138444:  Hold'em No Limit ($0.01/$0.02 USD) - 2023/01/04 19:12:47 ET
Table 'Bruchsalia II' 6-max Seat #4 is the button
Seat 1: Tadzi5 ($6.03 in chips) 
Seat 2: kariman504 ($1.91 in chips) 
Seat 3: NikoBrinon02 ($1.97 in chips) 
Seat 4: Lorpugo ($2.16 in chips) 
Seat 5: BinBetrunken ($2.26 in chips) 
Seat 6: Rabbit0727 ($4.91 in chips) 
BinBetrunken: posts small blind $0.01
Rabbit0727: posts big blind $0.02
*** HOLE CARDS ***
Dealt to Lorpugo [9c 2h]
Tadzi5: folds 
kariman504: folds 
NikoBrinon02: folds 
Lorpugo: raises $0.12 to $0.14
BinBetrunken: folds 
Rabbit0727: folds 
Uncalled bet ($0.12) returned to Lorpugo
Lorpugo collected $0.05 from pot
Lorpugo: doesn't show hand 
*** SUMMARY ***
Total pot $0.05 | Rake $0 
Seat 1: Tadzi5 folded before Flop (didn't bet)
Seat 2: kariman504 folded before Flop (didn't bet)
Seat 3: NikoBrinon02 folded before Flop (didn't bet)
Seat 4: Lorpugo (button) collected ($0.05)
Seat 5: BinBetrunken (small blind) folded before Flop
Seat 6: Rabbit0727 (big blind) folded before Flop



PokerStars Hand #240918146218:  Hold'em No Limit ($0.01/$0.02 USD) - 2023/01/04 19:13:11 ET
Table 'Bruchsalia II' 6-max Seat #5 is the button
Seat 1: Tadzi5 ($6.03 in chips) 
Seat 2: kariman504 ($1.91 in chips) 
Seat 3: NikoBrinon02 ($1.97 in chips) 
Seat 4: Lorpugo ($2.19 in chips) 
Seat 5: BinBetrunken ($2.25 in chips) 
Seat 6: Rabbit0727 ($4.89 in chips) 
Rabbit0727: posts small blind $0.01
Tadzi5: posts big blind $0.02
*** HOLE CARDS ***
Dealt to Lorpugo [5h 7h]
kariman504: folds 
NikoBrinon02: folds 
Lorpugo has timed out
Lorpugo: folds 
BinBetrunken: folds 
Rabbit0727: raises $0.04 to $0.06
Tadzi5: calls $0.04
*** FLOP *** [2c 3d 4h]
Rabbit0727: bets $0.04
Tadzi5: calls $0.04
*** TURN *** [2c 3d 4h] [6h]
Rabbit0727: checks 
Tadzi5: bets $0.13
Rabbit0727: folds 
Uncalled bet ($0.13) returned to Tadzi5
Tadzi5 collected $0.19 from pot
Tadzi5: doesn't show hand 
*** SUMMARY ***
Total pot $0.20 | Rake $0.01 
Board [2c 3d 4h 6h]
Seat 1: Tadzi5 (big blind) collected ($0.19)
Seat 2: kariman504 folded before Flop (didn't bet)
Seat 3: NikoBrinon02 folded before Flop (didn't bet)
Seat 4: Lorpugo folded before Flop (didn't bet)
Seat 5: BinBetrunken (button) folded before Flop (didn't bet)
Seat 6: Rabbit0727 (small blind) folded on the Turn



PokerStars Hand #240918171422:  Hold'em No Limit ($0.01/$0.02 USD) - 2023/01/04 19:14:31 ET
Table 'Bruchsalia II' 6-max Seat #6 is the button
Seat 1: Tadzi5 ($6.12 in chips) 
Seat 2: kariman504 ($1.91 in chips) 
Seat 3: NikoBrinon02 ($1.97 in chips) 
Seat 4: Lorpugo ($2.19 in chips) 
Seat 5: BinBetrunken ($2.25 in chips) 
Seat 6: Rabbit0727 ($4.79 in chips) 
Tadzi5: posts small blind $0.01
kariman504: posts big blind $0.02
*** HOLE CARDS ***
Dealt to Lorpugo [3c 9c]
NikoBrinon02: raises $0.02 to $0.04
Lorpugo: folds 
BinBetrunken: folds 
Rabbit0727: folds 
Tadzi5: folds 
kariman504: folds 
Uncalled bet ($0.02) returned to NikoBrinon02
NikoBrinon02 collected $0.05 from pot
NikoBrinon02: doesn't show hand 
*** SUMMARY ***
Total pot $0.05 | Rake $0 
Seat 1: Tadzi5 (small blind) folded before Flop
Seat 2: kariman504 (big blind) folded before Flop
Seat 3: NikoBrinon02 collected ($0.05)
Seat 4: Lorpugo folded before Flop (didn't bet)
Seat 5: BinBetrunken folded before Flop (didn't bet)
Seat 6: Rabbit0727 (button) folded before Flop (didn't bet)



PokerStars Hand #240918176361:  Hold'em No Limit ($0.01/$0.02 USD) - 2023/01/04 19:14:47 ET
Table 'Bruchsalia II' 6-max Seat #1 is the button
Seat 1: Tadzi5 ($6.11 in chips) 
Seat 2: kariman504 ($1.89 in chips) 
Seat 3: NikoBrinon02 ($2 in chips) 
Seat 4: Lorpugo ($2.19 in chips) 
Seat 5: BinBetrunken ($2.25 in chips) 
Seat 6: Rabbit0727 ($4.79 in chips) 
kariman504: posts small blind $0.01
NikoBrinon02: posts big blind $0.02
*** HOLE CARDS ***
Dealt to Lorpugo [5s Ks]
Lorpugo: raises $0.02 to $0.04
BinBetrunken: folds 
Rabbit0727: folds 
Tadzi5: folds 
kariman504: calls $0.03
NikoBrinon02: calls $0.02
*** FLOP *** [Ad 8c Jd]
kariman504: checks 
NikoBrinon02: checks 
Lorpugo: checks 
*** TURN *** [Ad 8c Jd] [2s]
kariman504: checks 
NikoBrinon02: checks 
Lorpugo: checks 
*** RIVER *** [Ad 8c Jd 2s] [3c]
kariman504: checks 
NikoBrinon02: checks 
Lorpugo: checks 
*** SHOW DOWN ***
kariman504: shows [Qc Td] (high card Ace)
NikoBrinon02: mucks hand 
Lorpugo: shows [5s Ks] (high card Ace - King kicker)
Lorpugo collected $0.12 from pot
*** SUMMARY ***
Total pot $0.12 | Rake $0 
Board [Ad 8c Jd 2s 3c]
Seat 1: Tadzi5 (button) folded before Flop (didn't bet)
Seat 2: kariman504 (small blind) showed [Qc Td] and lost with high card Ace
Seat 3: NikoBrinon02 (big blind) mucked [Qs 9s]
Seat 4: Lorpugo showed [5s Ks] and won ($0.12) with high card Ace
Seat 5: BinBetrunken folded before Flop (didn't bet)
Seat 6: Rabbit0727 folded before Flop (didn't bet)



PokerStars Hand #240918196815:  Hold'em No Limit ($0.01/$0.02 USD) - 2023/01/04 19:15:52 ET
Table 'Bruchsalia II' 6-max Seat #2 is the button
Seat 1: Tadzi5 ($6.11 in chips) 
Seat 2: kariman504 ($1.85 in chips) 
Seat 3: NikoBrinon02 ($1.96 in chips) 
Seat 4: Lorpugo ($2.27 in chips) 
Seat 5: BinBetrunken ($2.25 in chips) 
Seat 6: Rabbit0727 ($4.79 in chips) 
NikoBrinon02: posts small blind $0.01
Lorpugo: posts big blind $0.02
*** HOLE CARDS ***
Dealt to Lorpugo [6s 9h]
BinBetrunken: folds 
Rabbit0727: raises $0.03 to $0.05
Tadzi5: folds 
kariman504: folds 
NikoBrinon02: raises $0.15 to $0.20
Lorpugo: folds 
Rabbit0727: folds 
Uncalled bet ($0.15) returned to NikoBrinon02
NikoBrinon02 collected $0.12 from pot
NikoBrinon02: doesn't show hand 
*** SUMMARY ***
Total pot $0.12 | Rake $0 
Seat 1: Tadzi5 folded before Flop (didn't bet)
Seat 2: kariman504 (button) folded before Flop (didn't bet)
Seat 3: NikoBrinon02 (small blind) collected ($0.12)
Seat 4: Lorpugo (big blind) folded before Flop
Seat 5: BinBetrunken folded before Flop (didn't bet)
Seat 6: Rabbit0727 folded before Flop



PokerStars Hand #240918204664:  Hold'em No Limit ($0.01/$0.02 USD) - 2023/01/04 19:16:17 ET
Table 'Bruchsalia II' 6-max Seat #3 is the button
Seat 1: Tadzi5 ($6.11 in chips) 
Seat 2: kariman504 ($1.85 in chips) 
Seat 3: NikoBrinon02 ($2.03 in chips) 
Seat 4: Lorpugo ($2.25 in chips) 
Seat 5: BinBetrunken ($2.25 in chips) 
Seat 6: Rabbit0727 ($4.74 in chips) 
Lorpugo: posts small blind $0.01
BinBetrunken: posts big blind $0.02
*** HOLE CARDS ***
Dealt to Lorpugo [9c Td]
Rabbit0727: folds 
Tadzi5: folds 
kariman504: folds 
NikoBrinon02: folds 
Lorpugo: raises $0.04 to $0.06
BinBetrunken: folds 
Uncalled bet ($0.04) returned to Lorpugo
Lorpugo collected $0.04 from pot
Lorpugo: doesn't show hand 
*** SUMMARY ***
Total pot $0.04 | Rake $0 
Seat 1: Tadzi5 folded before Flop (didn't bet)
Seat 2: kariman504 folded before Flop (didn't bet)
Seat 3: NikoBrinon02 (button) folded before Flop (didn't bet)
Seat 4: Lorpugo (small blind) collected ($0.04)
Seat 5: BinBetrunken (big blind) folded before Flop
Seat 6: Rabbit0727 folded before Flop (didn't bet)



PokerStars Hand #240918208501:  Hold'em No Limit ($0.01/$0.02 USD) - 2023/01/04 19:16:30 ET
Table 'Bruchsalia II' 6-max Seat #4 is the button
Seat 1: Tadzi5 ($6.11 in chips) 
Seat 2: kariman504 ($1.85 in chips) 
Seat 3: NikoBrinon02 ($2.03 in chips) 
Seat 4: Lorpugo ($2.27 in chips) 
Seat 5: BinBetrunken ($2.23 in chips) 
Seat 6: Rabbit0727 ($4.74 in chips) 
BinBetrunken: posts small blind $0.01
Rabbit0727: posts big blind $0.02
*** HOLE CARDS ***
Dealt to Lorpugo [6c 9h]
Tadzi5: folds 
kariman504: raises $0.02 to $0.04
NikoBrinon02: folds 
Lorpugo: folds 
BinBetrunken: folds 
Rabbit0727: folds 
Uncalled bet ($0.02) returned to kariman504
kariman504 collected $0.05 from pot
*** SUMMARY ***
Total pot $0.05 | Rake $0 
Seat 1: Tadzi5 folded before Flop (didn't bet)
Seat 2: kariman504 collected ($0.05)
Seat 3: NikoBrinon02 folded before Flop (didn't bet)
Seat 4: Lorpugo (button) folded before Flop (didn't bet)
Seat 5: BinBetrunken (small blind) folded before Flop
Seat 6: Rabbit0727 (big blind) folded before Flop



PokerStars Hand #240918214004:  Hold'em No Limit ($0.01/$0.02 USD) - 2023/01/04 19:16:48 ET
Table 'Bruchsalia II' 6-max Seat #5 is the button
Seat 1: Tadzi5 ($6.11 in chips) 
Seat 2: kariman504 ($1.88 in chips) 
Seat 3: NikoBrinon02 ($2.03 in chips) 
Seat 4: Lorpugo ($2.27 in chips) 
Seat 5: BinBetrunken ($2.22 in chips) 
Seat 6: Rabbit0727 ($4.72 in chips) 
Rabbit0727: posts small blind $0.01
Tadzi5: posts big blind $0.02
*** HOLE CARDS ***
Dealt to Lorpugo [Ks 7d]
kariman504: folds 
NikoBrinon02: folds 
Lorpugo: raises $0.05 to $0.07
BinBetrunken: folds 
Rabbit0727: folds 
Tadzi5: folds 
Uncalled bet ($0.05) returned to Lorpugo
Lorpugo collected $0.05 from pot
Lorpugo: doesn't show hand 
*** SUMMARY ***
Total pot $0.05 | Rake $0 
Seat 1: Tadzi5 (big blind) folded before Flop
Seat 2: kariman504 folded before Flop (didn't bet)
Seat 3: NikoBrinon02 folded before Flop (didn't bet)
Seat 4: Lorpugo collected ($0.05)
Seat 5: BinBetrunken (button) folded before Flop (didn't bet)
Seat 6: Rabbit0727 (small blind) folded before Flop



PokerStars Hand #240918222131:  Hold'em No Limit ($0.01/$0.02 USD) - 2023/01/04 19:17:14 ET
Table 'Bruchsalia II' 6-max Seat #6 is the button
Seat 1: Tadzi5 ($6.09 in chips) 
Seat 2: kariman504 ($1.88 in chips) 
Seat 3: NikoBrinon02 ($2.03 in chips) 
Seat 4: Lorpugo ($2.30 in chips) 
Seat 5: BinBetrunken ($2.22 in chips) 
Seat 6: Rabbit0727 ($4.71 in chips) 
Tadzi5: posts small blind $0.01
kariman504: posts big blind $0.02
*** HOLE CARDS ***
Dealt to Lorpugo [Tc Js]
NikoBrinon02: raises $0.02 to $0.04
Lorpugo: folds 
BinBetrunken: folds 
Rabbit0727: folds 
Tadzi5: folds 
kariman504: folds 
Uncalled bet ($0.02) returned to NikoBrinon02
NikoBrinon02 collected $0.05 from pot
NikoBrinon02: doesn't show hand 
*** SUMMARY ***
Total pot $0.05 | Rake $0 
Seat 1: Tadzi5 (small blind) folded before Flop
Seat 2: kariman504 (big blind) folded before Flop
Seat 3: NikoBrinon02 collected ($0.05)
Seat 4: Lorpugo folded before Flop (didn't bet)
Seat 5: BinBetrunken folded before Flop (didn't bet)
Seat 6: Rabbit0727 (button) folded before Flop (didn't bet)



PokerStars Hand #240918226919:  Hold'em No Limit ($0.01/$0.02 USD) - 2023/01/04 19:17:29 ET
Table 'Bruchsalia II' 6-max Seat #1 is the button
Seat 1: Tadzi5 ($6.08 in chips) 
Seat 2: kariman504 ($1.86 in chips) 
Seat 3: NikoBrinon02 ($2.06 in chips) 
Seat 4: Lorpugo ($2.30 in chips) 
Seat 5: BinBetrunken ($2.22 in chips) 
Seat 6: Rabbit0727 ($4.71 in chips) 
kariman504: posts small blind $0.01
NikoBrinon02: posts big blind $0.02
*** HOLE CARDS ***
Dealt to Lorpugo [Td Qc]
Lorpugo: folds 
BinBetrunken: folds 
Rabbit0727: folds 
Tadzi5: raises $0.03 to $0.05
kariman504: calls $0.04
NikoBrinon02: folds 
*** FLOP *** [7d 2h 6c]
kariman504: checks 
Tadzi5: checks 
*** TURN *** [7d 2h 6c] [Th]
kariman504: checks 
Tadzi5: checks 
*** RIVER *** [7d 2h 6c Th] [9c]
kariman504: checks 
Tadzi5: checks 
*** SHOW DOWN ***
kariman504: shows [2s As] (a pair of Deuces)
Tadzi5: mucks hand 
kariman504 collected $0.12 from pot
*** SUMMARY ***
Total pot $0.12 | Rake $0 
Board [7d 2h 6c Th 9c]
Seat 1: Tadzi5 (button) mucked [5h Ad]
Seat 2: kariman504 (small blind) showed [2s As] and won ($0.12) with a pair of Deuces
Seat 3: NikoBrinon02 (big blind) folded before Flop
Seat 4: Lorpugo folded before Flop (didn't bet)
Seat 5: BinBetrunken folded before Flop (didn't bet)
Seat 6: Rabbit0727 folded before Flop (didn't bet)



