PokerStars Hand #240640912289:  Hold'em No Limit ($0.01/$0.02 USD) - 2022/12/23 10:31:40 ET
Table 'Dejopeja II' 6-max Seat #5 is the button
Seat 1: Lorpugo ($1.60 in chips) 
Seat 3: ELPADRlNO ($2.38 in chips) 
Seat 4: Freddykrueg3r1 ($0.42 in chips) 
Seat 5: yarra30 ($2.11 in chips) 
Seat 6: _xrolex_90 ($2.27 in chips) 
_xrolex_90: posts small blind $0.01
Lorpugo: posts big blind $0.02
*** HOLE CARDS ***
Dealt to Lorpugo [8s Jd]
ELPADRlNO: folds 
Freddykrueg3r1: raises $0.02 to $0.04
yarra30: folds 
_xrolex_90: calls $0.03
Lorpugo: folds 
*** FLOP *** [5s As 7c]
_xrolex_90: checks 
Freddykrueg3r1: bets $0.04
_xrolex_90: folds 
Uncalled bet ($0.04) returned to Freddykrueg3r1
Freddykrueg3r1 collected $0.10 from pot
*** SUMMARY ***
Total pot $0.10 | Rake $0 
Board [5s As 7c]
Seat 1: Lorpugo (big blind) folded before Flop
Seat 3: ELPADRlNO folded before Flop (didn't bet)
Seat 4: Freddykrueg3r1 collected ($0.10)
Seat 5: yarra30 (button) folded before Flop (didn't bet)
Seat 6: _xrolex_90 (small blind) folded on the Flop



PokerStars Hand #240640920213:  Hold'em No Limit ($0.01/$0.02 USD) - 2022/12/23 10:32:08 ET
Table 'Dejopeja II' 6-max Seat #6 is the button
Seat 1: Lorpugo ($1.58 in chips) 
Seat 2: jvart ($2 in chips) 
Seat 3: ELPADRlNO ($2.38 in chips) 
Seat 4: Freddykrueg3r1 ($0.48 in chips) 
Seat 5: yarra30 ($2.11 in chips) 
Seat 6: _xrolex_90 ($2.23 in chips) 
Lorpugo: posts small blind $0.01
jvart: posts big blind $0.02
*** HOLE CARDS ***
Dealt to Lorpugo [Jc Th]
ELPADRlNO: folds 
Freddykrueg3r1: calls $0.02
yarra30: folds 
_xrolex_90: folds 
Lorpugo: raises $0.10 to $0.12
jvart: folds 
Freddykrueg3r1: folds 
Uncalled bet ($0.10) returned to Lorpugo
Lorpugo collected $0.06 from pot
Lorpugo: doesn't show hand 
*** SUMMARY ***
Total pot $0.06 | Rake $0 
Seat 1: Lorpugo (small blind) collected ($0.06)
Seat 2: jvart (big blind) folded before Flop
Seat 3: ELPADRlNO folded before Flop (didn't bet)
Seat 4: Freddykrueg3r1 folded before Flop
Seat 5: yarra30 folded before Flop (didn't bet)
Seat 6: _xrolex_90 (button) folded before Flop (didn't bet)



PokerStars Hand #240640929941:  Hold'em No Limit ($0.01/$0.02 USD) - 2022/12/23 10:32:44 ET
Table 'Dejopeja II' 6-max Seat #1 is the button
Seat 1: Lorpugo ($1.62 in chips) 
Seat 2: jvart ($1.98 in chips) 
Seat 3: ELPADRlNO ($2.38 in chips) 
Seat 4: Freddykrueg3r1 ($0.46 in chips) 
Seat 5: yarra30 ($2.11 in chips) 
Seat 6: _xrolex_90 ($2.23 in chips) 
jvart: posts small blind $0.01
ELPADRlNO: posts big blind $0.02
*** HOLE CARDS ***
Dealt to Lorpugo [2c 2h]
Freddykrueg3r1: folds 
yarra30: folds 
_xrolex_90 has timed out
_xrolex_90: folds 
Lorpugo: raises $0.04 to $0.06
jvart: raises $0.14 to $0.20
ELPADRlNO: folds 
Lorpugo: folds 
Uncalled bet ($0.14) returned to jvart
jvart collected $0.14 from pot
jvart: doesn't show hand 
*** SUMMARY ***
Total pot $0.14 | Rake $0 
Seat 1: Lorpugo (button) folded before Flop
Seat 2: jvart (small blind) collected ($0.14)
Seat 3: ELPADRlNO (big blind) folded before Flop
Seat 4: Freddykrueg3r1 folded before Flop (didn't bet)
Seat 5: yarra30 folded before Flop (didn't bet)
Seat 6: _xrolex_90 folded before Flop (didn't bet)



PokerStars Hand #240640943631:  Hold'em No Limit ($0.01/$0.02 USD) - 2022/12/23 10:33:34 ET
Table 'Dejopeja II' 6-max Seat #2 is the button
Seat 1: Lorpugo ($1.56 in chips) 
Seat 2: jvart ($2.06 in chips) 
Seat 3: ELPADRlNO ($2.36 in chips) 
Seat 4: Freddykrueg3r1 ($0.46 in chips) 
Seat 5: yarra30 ($2.11 in chips) 
ELPADRlNO: posts small blind $0.01
Freddykrueg3r1: posts big blind $0.02
*** HOLE CARDS ***
Dealt to Lorpugo [4d 2d]
yarra30: folds 
_xrolex_90 is disconnected 
Lorpugo: folds 
jvart: raises $0.04 to $0.06
ELPADRlNO: folds 
Freddykrueg3r1: raises $0.04 to $0.10
jvart: calls $0.04
*** FLOP *** [Js Qd 3h]
Freddykrueg3r1: checks 
jvart: checks 
*** TURN *** [Js Qd 3h] [7s]
Freddykrueg3r1: checks 
jvart: bets $0.04
Freddykrueg3r1: calls $0.04
*** RIVER *** [Js Qd 3h 7s] [Qc]
Freddykrueg3r1: bets $0.32 and is all-in
jvart: calls $0.32
*** SHOW DOWN ***
Freddykrueg3r1: shows [8s 8c] (two pair, Queens and Eights)
jvart: shows [Ts Jd] (two pair, Queens and Jacks)
jvart collected $0.90 from pot
*** SUMMARY ***
Total pot $0.93 | Rake $0.03 
Board [Js Qd 3h 7s Qc]
Seat 1: Lorpugo folded before Flop (didn't bet)
Seat 2: jvart (button) showed [Ts Jd] and won ($0.90) with two pair, Queens and Jacks
Seat 3: ELPADRlNO (small blind) folded before Flop
Seat 4: Freddykrueg3r1 (big blind) showed [8s 8c] and lost with two pair, Queens and Eights
Seat 5: yarra30 folded before Flop (didn't bet)



PokerStars Hand #240640963688:  Hold'em No Limit ($0.01/$0.02 USD) - 2022/12/23 10:34:47 ET
Table 'Dejopeja II' 6-max Seat #3 is the button
Seat 1: Lorpugo ($1.56 in chips) 
Seat 2: jvart ($2.50 in chips) 
Seat 3: ELPADRlNO ($2.35 in chips) 
Seat 6: _xrolex_90 ($2.23 in chips) 
_xrolex_90: posts small blind $0.01
Lorpugo: posts big blind $0.02
*** HOLE CARDS ***
Dealt to Lorpugo [3c Ts]
jvart: raises $0.04 to $0.06
ELPADRlNO: folds 
_xrolex_90: folds 
Lorpugo: folds 
Uncalled bet ($0.04) returned to jvart
jvart collected $0.05 from pot
jvart: doesn't show hand 
*** SUMMARY ***
Total pot $0.05 | Rake $0 
Seat 1: Lorpugo (big blind) folded before Flop
Seat 2: jvart collected ($0.05)
Seat 3: ELPADRlNO (button) folded before Flop (didn't bet)
Seat 6: _xrolex_90 (small blind) folded before Flop



PokerStars Hand #240640968088:  Hold'em No Limit ($0.01/$0.02 USD) - 2022/12/23 10:35:03 ET
Table 'Dejopeja II' 6-max Seat #6 is the button
Seat 1: Lorpugo ($1.54 in chips) 
Seat 2: jvart ($2.53 in chips) 
Seat 3: ELPADRlNO ($2.35 in chips) 
Seat 6: _xrolex_90 ($2.22 in chips) 
Lorpugo: posts small blind $0.01
jvart: posts big blind $0.02
*** HOLE CARDS ***
Dealt to Lorpugo [Ah 6h]
Freddykrueg3r1 leaves the table
ELPADRlNO: folds 
_xrolex_90: raises $0.03 to $0.05
Skagenui Lenni joins the table at seat #4 
Lorpugo: raises $0.12 to $0.17
jvart: folds 
_xrolex_90: folds 
Uncalled bet ($0.12) returned to Lorpugo
Lorpugo collected $0.12 from pot
Lorpugo: doesn't show hand 
*** SUMMARY ***
Total pot $0.12 | Rake $0 
Seat 1: Lorpugo (small blind) collected ($0.12)
Seat 2: jvart (big blind) folded before Flop
Seat 3: ELPADRlNO folded before Flop (didn't bet)
Seat 6: _xrolex_90 (button) folded before Flop



PokerStars Hand #240640975756:  Hold'em No Limit ($0.01/$0.02 USD) - 2022/12/23 10:35:31 ET
Table 'Dejopeja II' 6-max Seat #1 is the button
Seat 1: Lorpugo ($1.61 in chips) 
Seat 2: jvart ($2.51 in chips) 
Seat 3: ELPADRlNO ($2.35 in chips) 
Seat 4: Skagenui Lenni ($2 in chips) 
Seat 6: _xrolex_90 ($2.17 in chips) 
jvart: posts small blind $0.01
ELPADRlNO: posts big blind $0.02
Skagenui Lenni: posts big blind $0.02
*** HOLE CARDS ***
Dealt to Lorpugo [5c As]
Skagenui Lenni: raises $0.02 to $0.04
_xrolex_90: folds 
Lorpugo: folds 
jvart: folds 
ELPADRlNO: folds 
Uncalled bet ($0.02) returned to Skagenui Lenni
Skagenui Lenni collected $0.05 from pot
*** SUMMARY ***
Total pot $0.05 | Rake $0 
Seat 1: Lorpugo (button) folded before Flop (didn't bet)
Seat 2: jvart (small blind) folded before Flop
Seat 3: ELPADRlNO (big blind) folded before Flop
Seat 4: Skagenui Lenni collected ($0.05)
Seat 6: _xrolex_90 folded before Flop (didn't bet)



PokerStars Hand #240640979964:  Hold'em No Limit ($0.01/$0.02 USD) - 2022/12/23 10:35:46 ET
Table 'Dejopeja II' 6-max Seat #2 is the button
Seat 1: Lorpugo ($1.61 in chips) 
Seat 2: jvart ($2.50 in chips) 
Seat 3: ELPADRlNO ($2.33 in chips) 
Seat 4: Skagenui Lenni ($2.03 in chips) 
Seat 6: _xrolex_90 ($2.17 in chips) 
ELPADRlNO: posts small blind $0.01
Skagenui Lenni: posts big blind $0.02
*** HOLE CARDS ***
Dealt to Lorpugo [2h 9s]
_xrolex_90: folds 
Lorpugo: folds 
jvart: folds 
ELPADRlNO: folds 
Uncalled bet ($0.01) returned to Skagenui Lenni
Skagenui Lenni collected $0.02 from pot
*** SUMMARY ***
Total pot $0.02 | Rake $0 
Seat 1: Lorpugo folded before Flop (didn't bet)
Seat 2: jvart (button) folded before Flop (didn't bet)
Seat 3: ELPADRlNO (small blind) folded before Flop
Seat 4: Skagenui Lenni (big blind) collected ($0.02)
Seat 6: _xrolex_90 folded before Flop (didn't bet)



PokerStars Hand #240640983723:  Hold'em No Limit ($0.01/$0.02 USD) - 2022/12/23 10:36:00 ET
Table 'Dejopeja II' 6-max Seat #3 is the button
Seat 1: Lorpugo ($1.61 in chips) 
Seat 2: jvart ($2.50 in chips) 
Seat 3: ELPADRlNO ($2.32 in chips) 
Seat 4: Skagenui Lenni ($2.04 in chips) 
Seat 6: _xrolex_90 ($2.17 in chips) 
Skagenui Lenni: posts small blind $0.01
_xrolex_90: posts big blind $0.02
*** HOLE CARDS ***
Dealt to Lorpugo [Qh 4d]
Lorpugo: folds 
jvart: raises $0.04 to $0.06
ELPADRlNO: folds 
Skagenui Lenni: folds 
_xrolex_90: calls $0.04
*** FLOP *** [3c 5s 7s]
_xrolex_90: checks 
jvart: checks 
*** TURN *** [3c 5s 7s] [5d]
_xrolex_90: bets $0.07
jvart: calls $0.07
*** RIVER *** [3c 5s 7s 5d] [Kc]
_xrolex_90: bets $0.15
jvart: folds 
Uncalled bet ($0.15) returned to _xrolex_90
_xrolex_90 collected $0.26 from pot
_xrolex_90: doesn't show hand 
*** SUMMARY ***
Total pot $0.27 | Rake $0.01 
Board [3c 5s 7s 5d Kc]
Seat 1: Lorpugo folded before Flop (didn't bet)
Seat 2: jvart folded on the River
Seat 3: ELPADRlNO (button) folded before Flop (didn't bet)
Seat 4: Skagenui Lenni (small blind) folded before Flop
Seat 6: _xrolex_90 (big blind) collected ($0.26)



PokerStars Hand #240640999092:  Hold'em No Limit ($0.01/$0.02 USD) - 2022/12/23 10:36:56 ET
Table 'Dejopeja II' 6-max Seat #4 is the button
Seat 1: Lorpugo ($1.61 in chips) 
Seat 2: jvart ($2.37 in chips) 
Seat 3: ELPADRlNO ($2.32 in chips) 
Seat 4: Skagenui Lenni ($2.03 in chips) 
Seat 6: _xrolex_90 ($2.30 in chips) 
_xrolex_90: posts small blind $0.01
Lorpugo: posts big blind $0.02
*** HOLE CARDS ***
Dealt to Lorpugo [2h 3c]
jvart: folds 
ELPADRlNO: folds 
Skagenui Lenni: folds 
_xrolex_90: raises $0.04 to $0.06
Lorpugo: folds 
Uncalled bet ($0.04) returned to _xrolex_90
_xrolex_90 collected $0.04 from pot
_xrolex_90: doesn't show hand 
*** SUMMARY ***
Total pot $0.04 | Rake $0 
Seat 1: Lorpugo (big blind) folded before Flop
Seat 2: jvart folded before Flop (didn't bet)
Seat 3: ELPADRlNO folded before Flop (didn't bet)
Seat 4: Skagenui Lenni (button) folded before Flop (didn't bet)
Seat 6: _xrolex_90 (small blind) collected ($0.04)



PokerStars Hand #240641003977:  Hold'em No Limit ($0.01/$0.02 USD) - 2022/12/23 10:37:13 ET
Table 'Dejopeja II' 6-max Seat #6 is the button
Seat 1: Lorpugo ($1.59 in chips) 
Seat 2: jvart ($2.37 in chips) 
Seat 3: ELPADRlNO ($2.32 in chips) 
Seat 4: Skagenui Lenni ($2.03 in chips) 
Seat 6: _xrolex_90 ($2.32 in chips) 
Lorpugo: posts small blind $0.01
jvart: posts big blind $0.02
*** HOLE CARDS ***
Dealt to Lorpugo [Kh 2c]
ELPADRlNO: folds 
Skagenui Lenni: raises $0.04 to $0.06
_xrolex_90: raises $0.15 to $0.21
Lorpugo: folds 
jvart: folds 
Skagenui Lenni: calls $0.15
*** FLOP *** [5h Td 3s]
Skagenui Lenni: bets $0.22
_xrolex_90: calls $0.22
*** TURN *** [5h Td 3s] [4s]
Skagenui Lenni: bets $0.43
_xrolex_90: raises $1.46 to $1.89 and is all-in
Skagenui Lenni: calls $1.17 and is all-in
Uncalled bet ($0.29) returned to _xrolex_90
*** RIVER *** [5h Td 3s 4s] [8d]
*** SHOW DOWN ***
Skagenui Lenni: shows [Ks Ad] (high card Ace)
_xrolex_90: shows [Jc Jd] (a pair of Jacks)
_xrolex_90 collected $3.95 from pot
Skagenui Lenni cashed out the hand for $0.89 | Cash Out Fee $0.01
*** SUMMARY ***
Total pot $4.09 | Rake $0.14 
Board [5h Td 3s 4s 8d]
Seat 1: Lorpugo (small blind) folded before Flop
Seat 2: jvart (big blind) folded before Flop
Seat 3: ELPADRlNO folded before Flop (didn't bet)
Seat 4: Skagenui Lenni showed [Ks Ad] and lost with high card Ace (cashed out).
Seat 6: _xrolex_90 (button) showed [Jc Jd] and won ($3.95) with a pair of Jacks



PokerStars Hand #240641029687:  Hold'em No Limit ($0.01/$0.02 USD) - 2022/12/23 10:38:47 ET
Table 'Dejopeja II' 6-max Seat #1 is the button
Seat 1: Lorpugo ($1.58 in chips) 
Seat 2: jvart ($2.35 in chips) 
Seat 3: ELPADRlNO ($2.32 in chips) 
Seat 4: Skagenui Lenni ($0.89 in chips) 
Seat 6: _xrolex_90 ($4.24 in chips) 
jvart: posts small blind $0.01
ELPADRlNO: posts big blind $0.02
*** HOLE CARDS ***
Dealt to Lorpugo [2s Qh]
Skagenui Lenni: folds 
_xrolex_90: folds 
Lorpugo: folds 
jvart: raises $0.04 to $0.06
ELPADRlNO: folds 
Uncalled bet ($0.04) returned to jvart
jvart collected $0.04 from pot
jvart: doesn't show hand 
*** SUMMARY ***
Total pot $0.04 | Rake $0 
Seat 1: Lorpugo (button) folded before Flop (didn't bet)
Seat 2: jvart (small blind) collected ($0.04)
Seat 3: ELPADRlNO (big blind) folded before Flop
Seat 4: Skagenui Lenni folded before Flop (didn't bet)
Seat 6: _xrolex_90 folded before Flop (didn't bet)



PokerStars Hand #240641034752:  Hold'em No Limit ($0.01/$0.02 USD) - 2022/12/23 10:39:05 ET
Table 'Dejopeja II' 6-max Seat #2 is the button
Seat 1: Lorpugo ($1.58 in chips) 
Seat 2: jvart ($2.37 in chips) 
Seat 3: ELPADRlNO ($2.30 in chips) 
Seat 4: Skagenui Lenni ($0.89 in chips) 
Seat 6: _xrolex_90 ($4.24 in chips) 
ELPADRlNO: posts small blind $0.01
Skagenui Lenni: posts big blind $0.02
*** HOLE CARDS ***
Dealt to Lorpugo [Qd 2s]
_xrolex_90: folds 
Lorpugo: folds 
jvart: raises $0.04 to $0.06
ELPADRlNO: folds 
Skagenui Lenni: calls $0.04
*** FLOP *** [6s Th 9d]
Skagenui Lenni: checks 
jvart: checks 
*** TURN *** [6s Th 9d] [3c]
Skagenui Lenni: bets $0.04
jvart: calls $0.04
*** RIVER *** [6s Th 9d 3c] [Ks]
Skagenui Lenni: bets $0.10
jvart: folds 
Uncalled bet ($0.10) returned to Skagenui Lenni
Skagenui Lenni collected $0.20 from pot
*** SUMMARY ***
Total pot $0.21 | Rake $0.01 
Board [6s Th 9d 3c Ks]
Seat 1: Lorpugo folded before Flop (didn't bet)
Seat 2: jvart (button) folded on the River
Seat 3: ELPADRlNO (small blind) folded before Flop
Seat 4: Skagenui Lenni (big blind) collected ($0.20)
Seat 6: _xrolex_90 folded before Flop (didn't bet)



PokerStars Hand #240641051541:  Hold'em No Limit ($0.01/$0.02 USD) - 2022/12/23 10:40:07 ET
Table 'Dejopeja II' 6-max Seat #3 is the button
Seat 1: Lorpugo ($1.58 in chips) 
Seat 2: jvart ($2.27 in chips) 
Seat 3: ELPADRlNO ($2.29 in chips) 
Seat 4: Skagenui Lenni ($0.99 in chips) 
Seat 6: _xrolex_90 ($4.24 in chips) 
Skagenui Lenni: posts small blind $0.01
_xrolex_90: posts big blind $0.02
*** HOLE CARDS ***
Dealt to Lorpugo [6s 9c]
Lorpugo: folds 
jvart: raises $0.04 to $0.06
ELPADRlNO: folds 
Skagenui Lenni: folds 
_xrolex_90: folds 
Uncalled bet ($0.04) returned to jvart
jvart collected $0.05 from pot
jvart: doesn't show hand 
*** SUMMARY ***
Total pot $0.05 | Rake $0 
Seat 1: Lorpugo folded before Flop (didn't bet)
Seat 2: jvart collected ($0.05)
Seat 3: ELPADRlNO (button) folded before Flop (didn't bet)
Seat 4: Skagenui Lenni (small blind) folded before Flop
Seat 6: _xrolex_90 (big blind) folded before Flop



PokerStars Hand #240641054933:  Hold'em No Limit ($0.01/$0.02 USD) - 2022/12/23 10:40:19 ET
Table 'Dejopeja II' 6-max Seat #4 is the button
Seat 1: Lorpugo ($1.58 in chips) 
Seat 2: jvart ($2.30 in chips) 
Seat 3: ELPADRlNO ($2.29 in chips) 
Seat 4: Skagenui Lenni ($0.98 in chips) 
Seat 6: _xrolex_90 ($4.22 in chips) 
_xrolex_90: posts small blind $0.01
Lorpugo: posts big blind $0.02
*** HOLE CARDS ***
Dealt to Lorpugo [4c Ks]
jvart: folds 
ELPADRlNO: raises $0.02 to $0.04
Skagenui Lenni: folds 
_xrolex_90: folds 
Lorpugo: calls $0.02
*** FLOP *** [Kc Tc Td]
Lorpugo: checks 
ELPADRlNO: bets $0.06
Lorpugo: calls $0.06
*** TURN *** [Kc Tc Td] [3h]
Lorpugo: checks 
ELPADRlNO: bets $0.06
Lorpugo: calls $0.06
*** RIVER *** [Kc Tc Td 3h] [3d]
Lorpugo: checks 
ELPADRlNO: checks 
*** SHOW DOWN ***
Lorpugo: shows [4c Ks] (two pair, Kings and Tens)
ELPADRlNO: mucks hand 
Lorpugo collected $0.32 from pot
*** SUMMARY ***
Total pot $0.33 | Rake $0.01 
Board [Kc Tc Td 3h 3d]
Seat 1: Lorpugo (big blind) showed [4c Ks] and won ($0.32) with two pair, Kings and Tens
Seat 2: jvart folded before Flop (didn't bet)
Seat 3: ELPADRlNO mucked [Qs Qh]
Seat 4: Skagenui Lenni (button) folded before Flop (didn't bet)
Seat 6: _xrolex_90 (small blind) folded before Flop



PokerStars Hand #240641072771:  Hold'em No Limit ($0.01/$0.02 USD) - 2022/12/23 10:41:24 ET
Table 'Dejopeja II' 6-max Seat #6 is the button
Seat 1: Lorpugo ($1.74 in chips) 
Seat 3: ELPADRlNO ($2.13 in chips) 
Seat 4: Skagenui Lenni ($0.98 in chips) 
Seat 6: _xrolex_90 ($4.21 in chips) 
Lorpugo: posts small blind $0.01
ELPADRlNO: posts big blind $0.02
*** HOLE CARDS ***
Dealt to Lorpugo [Ah 5s]
Skagenui Lenni: calls $0.02
_xrolex_90: folds 
Lorpugo: folds 
ELPADRlNO: checks 
*** FLOP *** [7h 3h 6s]
ELPADRlNO: checks 
Skagenui Lenni: bets $0.02
ELPADRlNO: folds 
Uncalled bet ($0.02) returned to Skagenui Lenni
Skagenui Lenni collected $0.05 from pot
*** SUMMARY ***
Total pot $0.05 | Rake $0 
Board [7h 3h 6s]
Seat 1: Lorpugo (small blind) folded before Flop
Seat 3: ELPADRlNO (big blind) folded on the Flop
Seat 4: Skagenui Lenni collected ($0.05)
Seat 6: _xrolex_90 (button) folded before Flop (didn't bet)



PokerStars Hand #240641084578:  Hold'em No Limit ($0.01/$0.02 USD) - 2022/12/23 10:42:07 ET
Table 'Dejopeja II' 6-max Seat #1 is the button
Seat 1: Lorpugo ($1.73 in chips) 
Seat 3: ELPADRlNO ($2.11 in chips) 
Seat 4: Skagenui Lenni ($1.01 in chips) 
Seat 6: _xrolex_90 ($4.21 in chips) 
ELPADRlNO: posts small blind $0.01
Skagenui Lenni: posts big blind $0.02
*** HOLE CARDS ***
Dealt to Lorpugo [3h 8h]
jvart leaves the table
_xrolex_90: folds 
Lorpugo: folds 
ELPADRlNO: folds 
Uncalled bet ($0.01) returned to Skagenui Lenni
Skagenui Lenni collected $0.02 from pot
*** SUMMARY ***
Total pot $0.02 | Rake $0 
Seat 1: Lorpugo (button) folded before Flop (didn't bet)
Seat 3: ELPADRlNO (small blind) folded before Flop
Seat 4: Skagenui Lenni (big blind) collected ($0.02)
Seat 6: _xrolex_90 folded before Flop (didn't bet)



PokerStars Hand #240641087676:  Hold'em No Limit ($0.01/$0.02 USD) - 2022/12/23 10:42:18 ET
Table 'Dejopeja II' 6-max Seat #3 is the button
Seat 1: Lorpugo ($1.73 in chips) 
Seat 3: ELPADRlNO ($2.10 in chips) 
Seat 4: Skagenui Lenni ($1.02 in chips) 
Seat 6: _xrolex_90 ($4.21 in chips) 
Skagenui Lenni: posts small blind $0.01
_xrolex_90: posts big blind $0.02
*** HOLE CARDS ***
Dealt to Lorpugo [9s 7s]
Lorpugo: raises $0.04 to $0.06
ELPADRlNO: calls $0.06
Skagenui Lenni: folds 
_xrolex_90: folds 
*** FLOP *** [5s Js 4d]
Lorpugo: bets $0.09
ELPADRlNO: calls $0.09
*** TURN *** [5s Js 4d] [5c]
Lorpugo: bets $0.21
ELPADRlNO: calls $0.21
*** RIVER *** [5s Js 4d 5c] [8c]
EddiChu01 joins the table at seat #2 
Lorpugo: bets $0.48
ELPADRlNO: folds 
Uncalled bet ($0.48) returned to Lorpugo
Lorpugo collected $0.72 from pot
yarra30 leaves the table
Lorpugo: doesn't show hand 
*** SUMMARY ***
Total pot $0.75 | Rake $0.03 
Board [5s Js 4d 5c 8c]
Seat 1: Lorpugo collected ($0.72)
Seat 3: ELPADRlNO (button) folded on the River
Seat 4: Skagenui Lenni (small blind) folded before Flop
Seat 6: _xrolex_90 (big blind) folded before Flop



PokerStars Hand #240641101550:  Hold'em No Limit ($0.01/$0.02 USD) - 2022/12/23 10:43:09 ET
Table 'Dejopeja II' 6-max Seat #4 is the button
Seat 1: Lorpugo ($2.09 in chips) 
Seat 3: ELPADRlNO ($1.74 in chips) 
Seat 4: Skagenui Lenni ($1.01 in chips) 
Seat 6: _xrolex_90 ($4.19 in chips) 
_xrolex_90: posts small blind $0.01
Lorpugo: posts big blind $0.02
*** HOLE CARDS ***
Dealt to Lorpugo [3c 3d]
ELPADRlNO: folds 
Skagenui Lenni: folds 
spiderman714 joins the table at seat #5 
_xrolex_90: raises $0.04 to $0.06
Lorpugo: calls $0.04
*** FLOP *** [Jd Kh 2d]
_xrolex_90: bets $0.04
Lorpugo: calls $0.04
*** TURN *** [Jd Kh 2d] [4s]
_xrolex_90: bets $0.08
Lorpugo: folds 
Uncalled bet ($0.08) returned to _xrolex_90
_xrolex_90 collected $0.19 from pot
_xrolex_90: doesn't show hand 
*** SUMMARY ***
Total pot $0.20 | Rake $0.01 
Board [Jd Kh 2d 4s]
Seat 1: Lorpugo (big blind) folded on the Turn
Seat 3: ELPADRlNO folded before Flop (didn't bet)
Seat 4: Skagenui Lenni (button) folded before Flop (didn't bet)
Seat 6: _xrolex_90 (small blind) collected ($0.19)



PokerStars Hand #240641109386:  Hold'em No Limit ($0.01/$0.02 USD) - 2022/12/23 10:43:37 ET
Table 'Dejopeja II' 6-max Seat #6 is the button
Seat 1: Lorpugo ($1.99 in chips) 
Seat 2: EddiChu01 ($2 in chips) 
Seat 3: ELPADRlNO ($1.74 in chips) 
Seat 4: Skagenui Lenni ($1.01 in chips) 
Seat 6: _xrolex_90 ($4.28 in chips) 
Lorpugo: posts small blind $0.01
EddiChu01: posts big blind $0.02
*** HOLE CARDS ***
Dealt to Lorpugo [7h 9c]
ELPADRlNO: folds 
Skagenui Lenni: raises $0.04 to $0.06
_xrolex_90: calls $0.06
Lorpugo: folds 
EddiChu01: folds 
*** FLOP *** [Jc Td 2s]
Skagenui Lenni: bets $0.07
_xrolex_90: calls $0.07
*** TURN *** [Jc Td 2s] [Ah]
Skagenui Lenni: bets $0.14
_xrolex_90: folds 
Uncalled bet ($0.14) returned to Skagenui Lenni
Skagenui Lenni collected $0.28 from pot
*** SUMMARY ***
Total pot $0.29 | Rake $0.01 
Board [Jc Td 2s Ah]
Seat 1: Lorpugo (small blind) folded before Flop
Seat 2: EddiChu01 (big blind) folded before Flop
Seat 3: ELPADRlNO folded before Flop (didn't bet)
Seat 4: Skagenui Lenni collected ($0.28)
Seat 6: _xrolex_90 (button) folded on the Turn



PokerStars Hand #240641125435:  Hold'em No Limit ($0.01/$0.02 USD) - 2022/12/23 10:44:35 ET
Table 'Dejopeja II' 6-max Seat #1 is the button
Seat 1: Lorpugo ($1.98 in chips) 
Seat 2: EddiChu01 ($2 in chips) 
Seat 3: ELPADRlNO ($1.74 in chips) 
Seat 4: Skagenui Lenni ($1.16 in chips) 
Seat 6: _xrolex_90 ($4.15 in chips) 
EddiChu01: posts small blind $0.01
ELPADRlNO: posts big blind $0.02
*** HOLE CARDS ***
Dealt to Lorpugo [9c 7s]
Skagenui Lenni: calls $0.02
_xrolex_90: folds 
Lorpugo: calls $0.02
EddiChu01: folds 
ELPADRlNO: checks 
*** FLOP *** [Kc Td Th]
ELPADRlNO: checks 
Skagenui Lenni: checks 
Lorpugo: checks 
*** TURN *** [Kc Td Th] [Ks]
ELPADRlNO: checks 
Skagenui Lenni: bets $0.02
Lorpugo: folds 
ELPADRlNO: folds 
Uncalled bet ($0.02) returned to Skagenui Lenni
Skagenui Lenni collected $0.07 from pot
*** SUMMARY ***
Total pot $0.07 | Rake $0 
Board [Kc Td Th Ks]
Seat 1: Lorpugo (button) folded on the Turn
Seat 2: EddiChu01 (small blind) folded before Flop
Seat 3: ELPADRlNO (big blind) folded on the Turn
Seat 4: Skagenui Lenni collected ($0.07)
Seat 6: _xrolex_90 folded before Flop (didn't bet)



PokerStars Hand #240641138627:  Hold'em No Limit ($0.01/$0.02 USD) - 2022/12/23 10:45:23 ET
Table 'Dejopeja II' 6-max Seat #2 is the button
Seat 1: Lorpugo ($1.96 in chips) 
Seat 2: EddiChu01 ($2 in chips) 
Seat 3: ELPADRlNO ($1.72 in chips) 
Seat 4: Skagenui Lenni ($1.21 in chips) 
Seat 6: _xrolex_90 ($4.15 in chips) 
ELPADRlNO: posts small blind $0.01
Skagenui Lenni: posts big blind $0.02
*** HOLE CARDS ***
Dealt to Lorpugo [6c Ah]
_xrolex_90: folds 
Lorpugo: raises $0.04 to $0.06
EddiChu01: raises $0.10 to $0.16
ELPADRlNO: folds 
Skagenui Lenni: folds 
Lorpugo: folds 
Uncalled bet ($0.10) returned to EddiChu01
EddiChu01 collected $0.15 from pot
EddiChu01: doesn't show hand 
*** SUMMARY ***
Total pot $0.15 | Rake $0 
Seat 1: Lorpugo folded before Flop
Seat 2: EddiChu01 (button) collected ($0.15)
Seat 3: ELPADRlNO (small blind) folded before Flop
Seat 4: Skagenui Lenni (big blind) folded before Flop
Seat 6: _xrolex_90 folded before Flop (didn't bet)



PokerStars Hand #240641143391:  Hold'em No Limit ($0.01/$0.02 USD) - 2022/12/23 10:45:40 ET
Table 'Dejopeja II' 6-max Seat #3 is the button
Seat 1: Lorpugo ($1.90 in chips) 
Seat 2: EddiChu01 ($2.09 in chips) 
Seat 3: ELPADRlNO ($1.71 in chips) 
Seat 4: Skagenui Lenni ($1.19 in chips) 
Seat 5: spiderman714 ($2 in chips) 
Seat 6: _xrolex_90 ($4.15 in chips) 
Skagenui Lenni: posts small blind $0.01
spiderman714: posts big blind $0.02
*** HOLE CARDS ***
Dealt to Lorpugo [5h Ac]
_xrolex_90: folds 
Lorpugo: folds 
EddiChu01: folds 
ELPADRlNO: folds 
Skagenui Lenni: raises $0.04 to $0.06
spiderman714: folds 
Uncalled bet ($0.04) returned to Skagenui Lenni
Skagenui Lenni collected $0.04 from pot
*** SUMMARY ***
Total pot $0.04 | Rake $0 
Seat 1: Lorpugo folded before Flop (didn't bet)
Seat 2: EddiChu01 folded before Flop (didn't bet)
Seat 3: ELPADRlNO (button) folded before Flop (didn't bet)
Seat 4: Skagenui Lenni (small blind) collected ($0.04)
Seat 5: spiderman714 (big blind) folded before Flop
Seat 6: _xrolex_90 folded before Flop (didn't bet)



PokerStars Hand #240641146649:  Hold'em No Limit ($0.01/$0.02 USD) - 2022/12/23 10:45:52 ET
Table 'Dejopeja II' 6-max Seat #4 is the button
Seat 1: Lorpugo ($1.90 in chips) 
Seat 2: EddiChu01 ($2.09 in chips) 
Seat 3: ELPADRlNO ($1.71 in chips) 
Seat 4: Skagenui Lenni ($1.21 in chips) 
Seat 5: spiderman714 ($2 in chips) 
Seat 6: _xrolex_90 ($4.15 in chips) 
spiderman714: posts small blind $0.01
_xrolex_90: posts big blind $0.02
*** HOLE CARDS ***
Dealt to Lorpugo [3d 3c]
Lorpugo: raises $0.04 to $0.06
EddiChu01: folds 
ELPADRlNO: calls $0.06
Skagenui Lenni: folds 
spiderman714: folds 
_xrolex_90: folds 
*** FLOP *** [Qh Ac Kh]
Lorpugo: checks 
ELPADRlNO: bets $0.02
Lorpugo: calls $0.02
*** TURN *** [Qh Ac Kh] [7c]
Lorpugo: checks 
ELPADRlNO: bets $0.06
Lorpugo: folds 
Uncalled bet ($0.06) returned to ELPADRlNO
ELPADRlNO collected $0.18 from pot
ELPADRlNO: doesn't show hand 
*** SUMMARY ***
Total pot $0.19 | Rake $0.01 
Board [Qh Ac Kh 7c]
Seat 1: Lorpugo folded on the Turn
Seat 2: EddiChu01 folded before Flop (didn't bet)
Seat 3: ELPADRlNO collected ($0.18)
Seat 4: Skagenui Lenni (button) folded before Flop (didn't bet)
Seat 5: spiderman714 (small blind) folded before Flop
Seat 6: _xrolex_90 (big blind) folded before Flop



PokerStars Hand #240641157542:  Hold'em No Limit ($0.01/$0.02 USD) - 2022/12/23 10:46:32 ET
Table 'Dejopeja II' 6-max Seat #5 is the button
Seat 1: Lorpugo ($1.82 in chips) 
Seat 2: EddiChu01 ($2.09 in chips) 
Seat 3: ELPADRlNO ($1.81 in chips) 
Seat 4: Skagenui Lenni ($1.21 in chips) 
Seat 5: spiderman714 ($2 in chips) 
Seat 6: _xrolex_90 ($4.13 in chips) 
_xrolex_90: posts small blind $0.01
Lorpugo: posts big blind $0.02
*** HOLE CARDS ***
Dealt to Lorpugo [As 8h]
EddiChu01: folds 
ELPADRlNO: folds 
Skagenui Lenni: raises $0.04 to $0.06
spiderman714: folds 
_xrolex_90: folds 
Lorpugo: calls $0.04
*** FLOP *** [Qc 3d Jd]
Lorpugo: checks 
Skagenui Lenni: bets $0.07
Lorpugo: folds 
Uncalled bet ($0.07) returned to Skagenui Lenni
Skagenui Lenni collected $0.13 from pot
*** SUMMARY ***
Total pot $0.13 | Rake $0 
Board [Qc 3d Jd]
Seat 1: Lorpugo (big blind) folded on the Flop
Seat 2: EddiChu01 folded before Flop (didn't bet)
Seat 3: ELPADRlNO folded before Flop (didn't bet)
Seat 4: Skagenui Lenni collected ($0.13)
Seat 5: spiderman714 (button) folded before Flop (didn't bet)
Seat 6: _xrolex_90 (small blind) folded before Flop



PokerStars Hand #240641164552:  Hold'em No Limit ($0.01/$0.02 USD) - 2022/12/23 10:46:57 ET
Table 'Dejopeja II' 6-max Seat #6 is the button
Seat 1: Lorpugo ($1.76 in chips) 
Seat 2: EddiChu01 ($2.09 in chips) 
Seat 3: ELPADRlNO ($1.81 in chips) 
Seat 4: Skagenui Lenni ($1.28 in chips) 
Seat 5: spiderman714 ($2 in chips) 
Seat 6: _xrolex_90 ($4.12 in chips) 
Lorpugo: posts small blind $0.01
EddiChu01: posts big blind $0.02
*** HOLE CARDS ***
Dealt to Lorpugo [Qh Kh]
ELPADRlNO: folds 
Skagenui Lenni: folds 
spiderman714: folds 
_xrolex_90: raises $0.03 to $0.05
Lorpugo: raises $0.12 to $0.17
EddiChu01: folds 
_xrolex_90: calls $0.12
*** FLOP *** [Kd 8d Ad]
Lorpugo: checks 
_xrolex_90: checks 
*** TURN *** [Kd 8d Ad] [2c]
Lorpugo: bets $0.18
_xrolex_90: calls $0.18
*** RIVER *** [Kd 8d Ad 2c] [7h]
Lorpugo: checks 
_xrolex_90: checks 
*** SHOW DOWN ***
Lorpugo: shows [Qh Kh] (a pair of Kings)
_xrolex_90: mucks hand 
Lorpugo collected $0.69 from pot
*** SUMMARY ***
Total pot $0.72 | Rake $0.03 
Board [Kd 8d Ad 2c 7h]
Seat 1: Lorpugo (small blind) showed [Qh Kh] and won ($0.69) with a pair of Kings
Seat 2: EddiChu01 (big blind) folded before Flop
Seat 3: ELPADRlNO folded before Flop (didn't bet)
Seat 4: Skagenui Lenni folded before Flop (didn't bet)
Seat 5: spiderman714 folded before Flop (didn't bet)
Seat 6: _xrolex_90 (button) mucked [Ts Ks]



PokerStars Hand #240641180227:  Hold'em No Limit ($0.01/$0.02 USD) - 2022/12/23 10:47:53 ET
Table 'Dejopeja II' 6-max Seat #1 is the button
Seat 1: Lorpugo ($2.10 in chips) 
Seat 2: EddiChu01 ($2.07 in chips) 
Seat 3: ELPADRlNO ($1.81 in chips) 
Seat 4: Skagenui Lenni ($1.28 in chips) 
Seat 5: spiderman714 ($2 in chips) 
Seat 6: _xrolex_90 ($3.77 in chips) 
EddiChu01: posts small blind $0.01
ELPADRlNO: posts big blind $0.02
*** HOLE CARDS ***
Dealt to Lorpugo [Jc Qs]
Skagenui Lenni: folds 
spiderman714: raises $0.04 to $0.06
_xrolex_90: folds 
Lorpugo: calls $0.06
EddiChu01: folds 
ELPADRlNO: folds 
*** FLOP *** [8c 9s 7d]
spiderman714: checks 
Lorpugo: bets $0.09
spiderman714: folds 
Uncalled bet ($0.09) returned to Lorpugo
Lorpugo collected $0.14 from pot
Lorpugo: doesn't show hand 
*** SUMMARY ***
Total pot $0.15 | Rake $0.01 
Board [8c 9s 7d]
Seat 1: Lorpugo (button) collected ($0.14)
Seat 2: EddiChu01 (small blind) folded before Flop
Seat 3: ELPADRlNO (big blind) folded before Flop
Seat 4: Skagenui Lenni folded before Flop (didn't bet)
Seat 5: spiderman714 folded on the Flop
Seat 6: _xrolex_90 folded before Flop (didn't bet)



PokerStars Hand #240641187078:  Hold'em No Limit ($0.01/$0.02 USD) - 2022/12/23 10:48:19 ET
Table 'Dejopeja II' 6-max Seat #2 is the button
Seat 1: Lorpugo ($2.18 in chips) 
Seat 2: EddiChu01 ($2.06 in chips) 
Seat 3: ELPADRlNO ($1.79 in chips) 
Seat 4: Skagenui Lenni ($1.28 in chips) 
Seat 5: spiderman714 ($2 in chips) 
Seat 6: _xrolex_90 ($3.77 in chips) 
ELPADRlNO: posts small blind $0.01
Skagenui Lenni: posts big blind $0.02
*** HOLE CARDS ***
Dealt to Lorpugo [As 2c]
spiderman714: raises $0.02 to $0.04
_xrolex_90: raises $0.09 to $0.13
Lorpugo: folds 
EddiChu01: folds 
ELPADRlNO: folds 
Skagenui Lenni: folds 
spiderman714: folds 
Uncalled bet ($0.09) returned to _xrolex_90
_xrolex_90 collected $0.11 from pot
_xrolex_90: doesn't show hand 
*** SUMMARY ***
Total pot $0.11 | Rake $0 
Seat 1: Lorpugo folded before Flop (didn't bet)
Seat 2: EddiChu01 (button) folded before Flop (didn't bet)
Seat 3: ELPADRlNO (small blind) folded before Flop
Seat 4: Skagenui Lenni (big blind) folded before Flop
Seat 5: spiderman714 folded before Flop
Seat 6: _xrolex_90 collected ($0.11)



PokerStars Hand #240641193794:  Hold'em No Limit ($0.01/$0.02 USD) - 2022/12/23 10:48:43 ET
Table 'Dejopeja II' 6-max Seat #3 is the button
Seat 1: Lorpugo ($2.18 in chips) 
Seat 2: EddiChu01 ($2.06 in chips) 
Seat 3: ELPADRlNO ($1.78 in chips) 
Seat 4: Skagenui Lenni ($1.26 in chips) 
Seat 5: spiderman714 ($2 in chips) 
Seat 6: _xrolex_90 ($3.84 in chips) 
Skagenui Lenni: posts small blind $0.01
spiderman714: posts big blind $0.02
*** HOLE CARDS ***
Dealt to Lorpugo [4c Kh]
_xrolex_90: folds 
Lorpugo: folds 
EddiChu01: folds 
ELPADRlNO: folds 
Skagenui Lenni: raises $0.04 to $0.06
spiderman714: calls $0.04
*** FLOP *** [2c Th Js]
Skagenui Lenni: checks 
spiderman714: checks 
*** TURN *** [2c Th Js] [9s]
Skagenui Lenni: checks 
spiderman714: checks 
*** RIVER *** [2c Th Js 9s] [Td]
Skagenui Lenni: bets $0.06
spiderman714: folds 
Uncalled bet ($0.06) returned to Skagenui Lenni
Skagenui Lenni collected $0.12 from pot
*** SUMMARY ***
Total pot $0.12 | Rake $0 
Board [2c Th Js 9s Td]
Seat 1: Lorpugo folded before Flop (didn't bet)
Seat 2: EddiChu01 folded before Flop (didn't bet)
Seat 3: ELPADRlNO (button) folded before Flop (didn't bet)
Seat 4: Skagenui Lenni (small blind) collected ($0.12)
Seat 5: spiderman714 (big blind) folded on the River
Seat 6: _xrolex_90 folded before Flop (didn't bet)



PokerStars Hand #240641207470:  Hold'em No Limit ($0.01/$0.02 USD) - 2022/12/23 10:49:33 ET
Table 'Dejopeja II' 6-max Seat #4 is the button
Seat 1: Lorpugo ($2.18 in chips) 
Seat 2: EddiChu01 ($2.06 in chips) 
Seat 3: ELPADRlNO ($1.78 in chips) 
Seat 4: Skagenui Lenni ($1.32 in chips) 
Seat 5: spiderman714 ($2 in chips) 
Seat 6: _xrolex_90 ($3.84 in chips) 
spiderman714: posts small blind $0.01
_xrolex_90: posts big blind $0.02
*** HOLE CARDS ***
Dealt to Lorpugo [9d 8h]
Lorpugo: folds 
EddiChu01: folds 
ELPADRlNO: folds 
Skagenui Lenni: folds 
spiderman714: calls $0.01
_xrolex_90: checks 
*** FLOP *** [6h 7c Qs]
spiderman714: bets $0.04
_xrolex_90: calls $0.04
*** TURN *** [6h 7c Qs] [7d]
spiderman714: checks 
_xrolex_90: checks 
*** RIVER *** [6h 7c Qs 7d] [8c]
spiderman714: checks 
_xrolex_90: bets $0.04
spiderman714: folds 
Uncalled bet ($0.04) returned to _xrolex_90
_xrolex_90 collected $0.12 from pot
_xrolex_90: doesn't show hand 
*** SUMMARY ***
Total pot $0.12 | Rake $0 
Board [6h 7c Qs 7d 8c]
Seat 1: Lorpugo folded before Flop (didn't bet)
Seat 2: EddiChu01 folded before Flop (didn't bet)
Seat 3: ELPADRlNO folded before Flop (didn't bet)
Seat 4: Skagenui Lenni (button) folded before Flop (didn't bet)
Seat 5: spiderman714 (small blind) folded on the River
Seat 6: _xrolex_90 (big blind) collected ($0.12)



PokerStars Hand #240641220479:  Hold'em No Limit ($0.01/$0.02 USD) - 2022/12/23 10:50:20 ET
Table 'Dejopeja II' 6-max Seat #5 is the button
Seat 1: Lorpugo ($2.18 in chips) 
Seat 2: EddiChu01 ($2.06 in chips) 
Seat 3: ELPADRlNO ($1.78 in chips) 
Seat 5: spiderman714 ($2 in chips) 
Seat 6: _xrolex_90 ($3.90 in chips) 
_xrolex_90: posts small blind $0.01
Lorpugo: posts big blind $0.02
*** HOLE CARDS ***
Dealt to Lorpugo [Ad 8c]
EddiChu01: folds 
ELPADRlNO: raises $0.02 to $0.04
spiderman714: raises $0.02 to $0.06
_xrolex_90: folds 
Lorpugo: calls $0.04
ELPADRlNO: calls $0.02
*** FLOP *** [2s 2c Tc]
Lorpugo: checks 
ELPADRlNO: checks 
spiderman714: bets $0.18
Lorpugo: folds 
ELPADRlNO: calls $0.18
*** TURN *** [2s 2c Tc] [Ah]
ELPADRlNO: checks 
spiderman714: checks 
*** RIVER *** [2s 2c Tc Ah] [8s]
ELPADRlNO: checks 
spiderman714: checks 
*** SHOW DOWN ***
ELPADRlNO: shows [Qc Ac] (two pair, Aces and Deuces)
spiderman714: mucks hand 
ELPADRlNO collected $0.53 from pot
*** SUMMARY ***
Total pot $0.55 | Rake $0.02 
Board [2s 2c Tc Ah 8s]
Seat 1: Lorpugo (big blind) folded on the Flop
Seat 2: EddiChu01 folded before Flop (didn't bet)
Seat 3: ELPADRlNO showed [Qc Ac] and won ($0.53) with two pair, Aces and Deuces
Seat 5: spiderman714 (button) mucked [4c 6c]
Seat 6: _xrolex_90 (small blind) folded before Flop



PokerStars Hand #240641235308:  Hold'em No Limit ($0.01/$0.02 USD) - 2022/12/23 10:51:14 ET
Table 'Dejopeja II' 6-max Seat #6 is the button
Seat 1: Lorpugo ($2.12 in chips) 
Seat 2: EddiChu01 ($2.06 in chips) 
Seat 3: ELPADRlNO ($2.07 in chips) 
Seat 5: spiderman714 ($2 in chips) 
Seat 6: _xrolex_90 ($3.89 in chips) 
Lorpugo: posts small blind $0.01
EddiChu01: posts big blind $0.02
*** HOLE CARDS ***
Dealt to Lorpugo [7s 7c]
ELPADRlNO: folds 
spiderman714: raises $0.02 to $0.04
_xrolex_90: folds 
Lorpugo: raises $0.10 to $0.14
EddiChu01: folds 
spiderman714: folds 
Uncalled bet ($0.10) returned to Lorpugo
Lorpugo collected $0.10 from pot
Lorpugo: doesn't show hand 
*** SUMMARY ***
Total pot $0.10 | Rake $0 
Seat 1: Lorpugo (small blind) collected ($0.10)
Seat 2: EddiChu01 (big blind) folded before Flop
Seat 3: ELPADRlNO folded before Flop (didn't bet)
Seat 5: spiderman714 folded before Flop
Seat 6: _xrolex_90 (button) folded before Flop (didn't bet)



PokerStars Hand #240641243132:  Hold'em No Limit ($0.01/$0.02 USD) - 2022/12/23 10:51:42 ET
Table 'Dejopeja II' 6-max Seat #1 is the button
Seat 1: Lorpugo ($2.18 in chips) 
Seat 2: EddiChu01 ($2.04 in chips) 
Seat 3: ELPADRlNO ($2.07 in chips) 
Seat 5: spiderman714 ($2 in chips) 
Seat 6: _xrolex_90 ($3.89 in chips) 
EddiChu01: posts small blind $0.01
ELPADRlNO: posts big blind $0.02
*** HOLE CARDS ***
Dealt to Lorpugo [2h Kc]
spiderman714: folds 
_xrolex_90: folds 
Lorpugo: folds 
EddiChu01: folds 
Uncalled bet ($0.01) returned to ELPADRlNO
ELPADRlNO collected $0.02 from pot
*** SUMMARY ***
Total pot $0.02 | Rake $0 
Seat 1: Lorpugo (button) folded before Flop (didn't bet)
Seat 2: EddiChu01 (small blind) folded before Flop
Seat 3: ELPADRlNO (big blind) collected ($0.02)
Seat 5: spiderman714 folded before Flop (didn't bet)
Seat 6: _xrolex_90 folded before Flop (didn't bet)



PokerStars Hand #240641246077:  Hold'em No Limit ($0.01/$0.02 USD) - 2022/12/23 10:51:53 ET
Table 'Dejopeja II' 6-max Seat #2 is the button
Seat 1: Lorpugo ($2.18 in chips) 
Seat 2: EddiChu01 ($2.03 in chips) 
Seat 3: ELPADRlNO ($2.08 in chips) 
Seat 5: spiderman714 ($2 in chips) 
Seat 6: _xrolex_90 ($3.89 in chips) 
ELPADRlNO: posts small blind $0.01
spiderman714: posts big blind $0.02
*** HOLE CARDS ***
Dealt to Lorpugo [2c 8c]
_xrolex_90: raises $0.04 to $0.06
Lorpugo: folds 
EddiChu01: folds 
ELPADRlNO: folds 
spiderman714: folds 
Uncalled bet ($0.04) returned to _xrolex_90
_xrolex_90 collected $0.05 from pot
_xrolex_90: doesn't show hand 
*** SUMMARY ***
Total pot $0.05 | Rake $0 
Seat 1: Lorpugo folded before Flop (didn't bet)
Seat 2: EddiChu01 (button) folded before Flop (didn't bet)
Seat 3: ELPADRlNO (small blind) folded before Flop
Seat 5: spiderman714 (big blind) folded before Flop
Seat 6: _xrolex_90 collected ($0.05)



PokerStars Hand #240641249410:  Hold'em No Limit ($0.01/$0.02 USD) - 2022/12/23 10:52:05 ET
Table 'Dejopeja II' 6-max Seat #3 is the button
Seat 1: Lorpugo ($2.18 in chips) 
Seat 2: EddiChu01 ($2.03 in chips) 
Seat 3: ELPADRlNO ($2.07 in chips) 
Seat 5: spiderman714 ($2 in chips) 
Seat 6: _xrolex_90 ($3.92 in chips) 
spiderman714: posts small blind $0.01
_xrolex_90: posts big blind $0.02
*** HOLE CARDS ***
Dealt to Lorpugo [Jh 5c]
Lorpugo has timed out
Lorpugo: folds 
EddiChu01: folds 
ELPADRlNO: folds 
spiderman714: calls $0.01
_xrolex_90: checks 
*** FLOP *** [Ks Qh 9s]
spiderman714: bets $0.02
_xrolex_90: folds 
Uncalled bet ($0.02) returned to spiderman714
spiderman714 collected $0.04 from pot
spiderman714: doesn't show hand 
*** SUMMARY ***
Total pot $0.04 | Rake $0 
Board [Ks Qh 9s]
Seat 1: Lorpugo folded before Flop (didn't bet)
Seat 2: EddiChu01 folded before Flop (didn't bet)
Seat 3: ELPADRlNO (button) folded before Flop (didn't bet)
Seat 5: spiderman714 (small blind) collected ($0.04)
Seat 6: _xrolex_90 (big blind) folded on the Flop



PokerStars Hand #240641472460:  Hold'em No Limit ($0.01/$0.02 USD) - 2022/12/23 11:06:25 ET
Table 'Dejopeja II' 6-max Seat #3 is the button
Seat 1: Kalmanoid ($0.74 in chips) 
Seat 2: EddiChu01 ($2 in chips) 
Seat 3: ELPADRlNO ($2.10 in chips) 
Seat 5: spiderman714 ($2.38 in chips) 
Seat 6: Lorpugo ($2.18 in chips) 
spiderman714: posts small blind $0.01
Lorpugo: posts big blind $0.02
*** HOLE CARDS ***
Dealt to Lorpugo [6s 7c]
Kalmanoid: folds 
EddiChu01: folds 
ELPADRlNO: folds 
spiderman714: calls $0.01
Lorpugo: checks 
*** FLOP *** [9s Ah 8c]
spiderman714: checks 
Lorpugo: bets $0.08
spiderman714: folds 
Uncalled bet ($0.08) returned to Lorpugo
Lorpugo collected $0.04 from pot
Lorpugo: doesn't show hand 
*** SUMMARY ***
Total pot $0.04 | Rake $0 
Board [9s Ah 8c]
Seat 1: Kalmanoid folded before Flop (didn't bet)
Seat 2: EddiChu01 folded before Flop (didn't bet)
Seat 3: ELPADRlNO (button) folded before Flop (didn't bet)
Seat 5: spiderman714 (small blind) folded on the Flop
Seat 6: Lorpugo (big blind) collected ($0.04)



PokerStars Hand #240641481138:  Hold'em No Limit ($0.01/$0.02 USD) - 2022/12/23 11:06:54 ET
Table 'Dejopeja II' 6-max Seat #5 is the button
Seat 1: Kalmanoid ($0.74 in chips) 
Seat 2: EddiChu01 ($2 in chips) 
Seat 3: ELPADRlNO ($2.10 in chips) 
Seat 5: spiderman714 ($2.36 in chips) 
Seat 6: Lorpugo ($2.20 in chips) 
Lorpugo: posts small blind $0.01
Kalmanoid: posts big blind $0.02
*** HOLE CARDS ***
Dealt to Lorpugo [6s 6h]
EddiChu01: folds 
ELPADRlNO: folds 
spiderman714: calls $0.02
Lorpugo: raises $0.06 to $0.08
Kalmanoid: folds 
spiderman714: calls $0.06
*** FLOP *** [Kc Jc Kd]
Lorpugo: bets $0.06
spiderman714: folds 
Uncalled bet ($0.06) returned to Lorpugo
Lorpugo collected $0.17 from pot
Lorpugo: doesn't show hand 
*** SUMMARY ***
Total pot $0.18 | Rake $0.01 
Board [Kc Jc Kd]
Seat 1: Kalmanoid (big blind) folded before Flop
Seat 2: EddiChu01 folded before Flop (didn't bet)
Seat 3: ELPADRlNO folded before Flop (didn't bet)
Seat 5: spiderman714 (button) folded on the Flop
Seat 6: Lorpugo (small blind) collected ($0.17)



PokerStars Hand #240641487790:  Hold'em No Limit ($0.01/$0.02 USD) - 2022/12/23 11:07:17 ET
Table 'Dejopeja II' 6-max Seat #6 is the button
Seat 1: Kalmanoid ($0.72 in chips) 
Seat 2: EddiChu01 ($2 in chips) 
Seat 3: ELPADRlNO ($2.10 in chips) 
Seat 5: spiderman714 ($2.28 in chips) 
Seat 6: Lorpugo ($2.29 in chips) 
Kalmanoid: posts small blind $0.01
EddiChu01: posts big blind $0.02
*** HOLE CARDS ***
Dealt to Lorpugo [Jc 5h]
ELPADRlNO: folds 
spiderman714: raises $0.04 to $0.06
Lorpugo: folds 
Kalmanoid: calls $0.05
EddiChu01: folds 
*** FLOP *** [Td Th 5c]
Kalmanoid: bets $0.06
spiderman714: calls $0.06
*** TURN *** [Td Th 5c] [8s]
Kalmanoid: bets $0.12
spiderman714: calls $0.12
*** RIVER *** [Td Th 5c 8s] [2c]
Kalmanoid: bets $0.48 and is all-in
spiderman714: folds 
Uncalled bet ($0.48) returned to Kalmanoid
Kalmanoid collected $0.48 from pot
*** SUMMARY ***
Total pot $0.50 | Rake $0.02 
Board [Td Th 5c 8s 2c]
Seat 1: Kalmanoid (small blind) collected ($0.48)
Seat 2: EddiChu01 (big blind) folded before Flop
Seat 3: ELPADRlNO folded before Flop (didn't bet)
Seat 5: spiderman714 folded on the River
Seat 6: Lorpugo (button) folded before Flop (didn't bet)



PokerStars Hand #240641498283:  Hold'em No Limit ($0.01/$0.02 USD) - 2022/12/23 11:07:54 ET
Table 'Dejopeja II' 6-max Seat #1 is the button
Seat 1: Kalmanoid ($0.96 in chips) 
Seat 2: EddiChu01 ($2 in chips) 
Seat 3: ELPADRlNO ($2.10 in chips) 
Seat 5: spiderman714 ($2.04 in chips) 
Seat 6: Lorpugo ($2.29 in chips) 
EddiChu01: posts small blind $0.01
ELPADRlNO: posts big blind $0.02
*** HOLE CARDS ***
Dealt to Lorpugo [Kd 7h]
spiderman714: folds 
Lorpugo: folds 
Kalmanoid: folds 
EddiChu01: folds 
Uncalled bet ($0.01) returned to ELPADRlNO
ELPADRlNO collected $0.02 from pot
ELPADRlNO: doesn't show hand 
*** SUMMARY ***
Total pot $0.02 | Rake $0 
Seat 1: Kalmanoid (button) folded before Flop (didn't bet)
Seat 2: EddiChu01 (small blind) folded before Flop
Seat 3: ELPADRlNO (big blind) collected ($0.02)
Seat 5: spiderman714 folded before Flop (didn't bet)
Seat 6: Lorpugo folded before Flop (didn't bet)



PokerStars Hand #240641500971:  Hold'em No Limit ($0.01/$0.02 USD) - 2022/12/23 11:08:03 ET
Table 'Dejopeja II' 6-max Seat #2 is the button
Seat 1: Kalmanoid ($0.96 in chips) 
Seat 2: EddiChu01 ($2 in chips) 
Seat 3: ELPADRlNO ($2.11 in chips) 
Seat 5: spiderman714 ($2.04 in chips) 
Seat 6: Lorpugo ($2.29 in chips) 
ELPADRlNO: posts small blind $0.01
spiderman714: posts big blind $0.02
*** HOLE CARDS ***
Dealt to Lorpugo [Ad 6c]
Lorpugo: raises $0.04 to $0.06
Kalmanoid: folds 
EddiChu01: raises $0.10 to $0.16
ELPADRlNO: folds 
spiderman714: folds 
Lorpugo: folds 
Uncalled bet ($0.10) returned to EddiChu01
EddiChu01 collected $0.15 from pot
EddiChu01: doesn't show hand 
*** SUMMARY ***
Total pot $0.15 | Rake $0 
Seat 1: Kalmanoid folded before Flop (didn't bet)
Seat 2: EddiChu01 (button) collected ($0.15)
Seat 3: ELPADRlNO (small blind) folded before Flop
Seat 5: spiderman714 (big blind) folded before Flop
Seat 6: Lorpugo folded before Flop



