PokerStars Hand #240724866415:  Hold'em No Limit ($0.01/$0.02 USD) - 2022/12/27 8:24:24 ET
Table 'Geranium II' 6-max Seat #4 is the button
Seat 1: berge05c ($1.44 in chips) 
Seat 2: saber828 ($3.34 in chips) 
Seat 4: iMP4•Denis ($5.55 in chips) 
Seat 5: vilshadov ($1.04 in chips) 
Seat 6: Lorpugo ($1.60 in chips) 
vilshadov: posts small blind $0.01
Lorpugo: posts big blind $0.02
*** HOLE CARDS ***
Dealt to Lorpugo [Kd 4h]
berge05c: calls $0.02
saber828: folds 
iMP4•Denis: raises $0.02 to $0.04
vilshadov: folds 
Lorpugo: folds 
berge05c: raises $0.06 to $0.10
iMP4•Denis: calls $0.06
*** FLOP *** [8c Jh Jc]
berge05c: checks 
iMP4•Denis: bets $0.11
berge05c: calls $0.11
*** TURN *** [8c Jh Jc] [Kh]
berge05c: checks 
iMP4•Denis: checks 
*** RIVER *** [8c Jh Jc Kh] [5s]
berge05c: bets $0.10
iMP4•Denis: raises $0.20 to $0.30
berge05c: folds 
Uncalled bet ($0.20) returned to iMP4•Denis
iMP4•Denis collected $0.63 from pot
iMP4•Denis: doesn't show hand 
*** SUMMARY ***
Total pot $0.65 | Rake $0.02 
Board [8c Jh Jc Kh 5s]
Seat 1: berge05c folded on the River
Seat 2: saber828 folded before Flop (didn't bet)
Seat 4: iMP4•Denis (button) collected ($0.63)
Seat 5: vilshadov (small blind) folded before Flop
Seat 6: Lorpugo (big blind) folded before Flop



PokerStars Hand #240724886798:  Hold'em No Limit ($0.01/$0.02 USD) - 2022/12/27 8:25:46 ET
Table 'Geranium II' 6-max Seat #5 is the button
Seat 1: berge05c ($1.13 in chips) 
Seat 2: saber828 ($3.34 in chips) 
Seat 4: iMP4•Denis ($5.87 in chips) 
Seat 5: vilshadov ($1.03 in chips) 
Seat 6: Lorpugo ($1.58 in chips) 
Lorpugo: posts small blind $0.01
berge05c: posts big blind $0.02
*** HOLE CARDS ***
Dealt to Lorpugo [4h As]
saber828: folds 
iMP4•Denis: folds 
vilshadov: raises $0.04 to $0.06
Lorpugo: calls $0.05
berge05c: calls $0.04
*** FLOP *** [8s Ts Js]
Lorpugo: checks 
berge05c: bets $0.09
vilshadov: calls $0.09
Lorpugo: calls $0.09
*** TURN *** [8s Ts Js] [3d]
Lorpugo: checks 
berge05c: bets $0.06
vilshadov: calls $0.06
Lorpugo: calls $0.06
*** RIVER *** [8s Ts Js 3d] [2h]
Lorpugo: checks 
berge05c: bets $0.06
vilshadov: folds 
Lorpugo: raises $0.28 to $0.34
berge05c: calls $0.28
*** SHOW DOWN ***
Lorpugo: shows [4h As] (high card Ace)
berge05c: shows [Jd Tc] (two pair, Jacks and Tens)
berge05c collected $1.26 from pot
*** SUMMARY ***
Total pot $1.31 | Rake $0.05 
Board [8s Ts Js 3d 2h]
Seat 1: berge05c (big blind) showed [Jd Tc] and won ($1.26) with two pair, Jacks and Tens
Seat 2: saber828 folded before Flop (didn't bet)
Seat 4: iMP4•Denis folded before Flop (didn't bet)
Seat 5: vilshadov (button) folded on the River
Seat 6: Lorpugo (small blind) showed [4h As] and lost with high card Ace



PokerStars Hand #240724916884:  Hold'em No Limit ($0.01/$0.02 USD) - 2022/12/27 8:27:44 ET
Table 'Geranium II' 6-max Seat #6 is the button
Seat 1: berge05c ($1.84 in chips) 
Seat 2: saber828 ($3.34 in chips) 
Seat 4: iMP4•Denis ($5.87 in chips) 
Seat 5: vilshadov ($0.82 in chips) 
Seat 6: Lorpugo ($1.03 in chips) 
berge05c: posts small blind $0.01
saber828: posts big blind $0.02
*** HOLE CARDS ***
Dealt to Lorpugo [Th Jh]
iMP4•Denis: folds 
vilshadov: folds 
Lorpugo: raises $0.04 to $0.06
berge05c: folds 
saber828: folds 
Uncalled bet ($0.04) returned to Lorpugo
Lorpugo collected $0.05 from pot
Lorpugo: doesn't show hand 
*** SUMMARY ***
Total pot $0.05 | Rake $0 
Seat 1: berge05c (small blind) folded before Flop
Seat 2: saber828 (big blind) folded before Flop
Seat 4: iMP4•Denis folded before Flop (didn't bet)
Seat 5: vilshadov folded before Flop (didn't bet)
Seat 6: Lorpugo (button) collected ($0.05)



PokerStars Hand #240724924517:  Hold'em No Limit ($0.01/$0.02 USD) - 2022/12/27 8:28:14 ET
Table 'Geranium II' 6-max Seat #1 is the button
Seat 1: berge05c ($1.83 in chips) 
Seat 2: saber828 ($3.32 in chips) 
Seat 4: iMP4•Denis ($5.87 in chips) 
Seat 5: vilshadov ($0.82 in chips) 
Seat 6: Lorpugo ($1.06 in chips) 
saber828: posts small blind $0.01
iMP4•Denis: posts big blind $0.02
*** HOLE CARDS ***
Dealt to Lorpugo [5h 6s]
vilshadov: folds 
Lorpugo: folds 
berge05c: calls $0.02
saber828: raises $0.06 to $0.08
iMP4•Denis: folds 
berge05c: calls $0.06
*** FLOP *** [5c Jd 9c]
saber828: bets $0.10
berge05c: folds 
Uncalled bet ($0.10) returned to saber828
saber828 collected $0.17 from pot
*** SUMMARY ***
Total pot $0.18 | Rake $0.01 
Board [5c Jd 9c]
Seat 1: berge05c (button) folded on the Flop
Seat 2: saber828 (small blind) collected ($0.17)
Seat 4: iMP4•Denis (big blind) folded before Flop
Seat 5: vilshadov folded before Flop (didn't bet)
Seat 6: Lorpugo folded before Flop (didn't bet)



PokerStars Hand #240724934352:  Hold'em No Limit ($0.01/$0.02 USD) - 2022/12/27 8:28:52 ET
Table 'Geranium II' 6-max Seat #2 is the button
Seat 1: berge05c ($1.75 in chips) 
Seat 2: saber828 ($3.41 in chips) 
Seat 4: iMP4•Denis ($5.85 in chips) 
Seat 5: vilshadov ($0.82 in chips) 
Seat 6: Lorpugo ($1.06 in chips) 
iMP4•Denis: posts small blind $0.01
vilshadov: posts big blind $0.02
*** HOLE CARDS ***
Dealt to Lorpugo [5s 8h]
Lorpugo: folds 
berge05c: folds 
saber828: calls $0.02
iMP4•Denis: calls $0.01
vilshadov: checks 
*** FLOP *** [8c 2h Tc]
iMP4•Denis: checks 
vilshadov: checks 
saber828: bets $0.06
iMP4•Denis: folds 
vilshadov: folds 
Uncalled bet ($0.06) returned to saber828
saber828 collected $0.06 from pot
*** SUMMARY ***
Total pot $0.06 | Rake $0 
Board [8c 2h Tc]
Seat 1: berge05c folded before Flop (didn't bet)
Seat 2: saber828 (button) collected ($0.06)
Seat 4: iMP4•Denis (small blind) folded on the Flop
Seat 5: vilshadov (big blind) folded on the Flop
Seat 6: Lorpugo folded before Flop (didn't bet)



PokerStars Hand #240724945234:  Hold'em No Limit ($0.01/$0.02 USD) - 2022/12/27 8:29:35 ET
Table 'Geranium II' 6-max Seat #4 is the button
Seat 1: berge05c ($1.75 in chips) 
Seat 2: saber828 ($3.45 in chips) 
Seat 4: iMP4•Denis ($5.83 in chips) 
Seat 5: vilshadov ($0.80 in chips) 
Seat 6: Lorpugo ($1.06 in chips) 
vilshadov: posts small blind $0.01
Lorpugo: posts big blind $0.02
*** HOLE CARDS ***
Dealt to Lorpugo [Kc 3h]
berge05c: calls $0.02
saber828: calls $0.02
iMP4•Denis: raises $0.04 to $0.06
vilshadov: folds 
Lorpugo: folds 
berge05c: calls $0.04
saber828: calls $0.04
*** FLOP *** [Qd 9c 6d]
berge05c: bets $0.02
saber828: calls $0.02
iMP4•Denis: calls $0.02
*** TURN *** [Qd 9c 6d] [Ts]
berge05c: checks 
saber828: checks 
iMP4•Denis: bets $0.16
berge05c: folds 
saber828: calls $0.16
*** RIVER *** [Qd 9c 6d Ts] [5c]
saber828: checks 
iMP4•Denis: checks 
*** SHOW DOWN ***
saber828: shows [9s 8c] (a pair of Nines)
iMP4•Denis: mucks hand 
saber828 collected $0.57 from pot
*** SUMMARY ***
Total pot $0.59 | Rake $0.02 
Board [Qd 9c 6d Ts 5c]
Seat 1: berge05c folded on the Turn
Seat 2: saber828 showed [9s 8c] and won ($0.57) with a pair of Nines
Seat 4: iMP4•Denis (button) mucked [Kd Ac]
Seat 5: vilshadov (small blind) folded before Flop
Seat 6: Lorpugo (big blind) folded before Flop



PokerStars Hand #240724963774:  Hold'em No Limit ($0.01/$0.02 USD) - 2022/12/27 8:30:47 ET
Table 'Geranium II' 6-max Seat #5 is the button
Seat 1: berge05c ($1.67 in chips) 
Seat 2: saber828 ($3.78 in chips) 
Seat 4: iMP4•Denis ($5.59 in chips) 
Seat 5: vilshadov ($0.79 in chips) 
Seat 6: Lorpugo ($1.04 in chips) 
Lorpugo: posts small blind $0.01
berge05c: posts big blind $0.02
*** HOLE CARDS ***
Dealt to Lorpugo [Jc 6c]
saber828: calls $0.02
iMP4•Denis has timed out
iMP4•Denis: folds 
vilshadov: calls $0.02
Lorpugo: calls $0.01
berge05c: checks 
*** FLOP *** [5h 8s 5c]
Lorpugo: checks 
berge05c: checks 
saber828: checks 
vilshadov: bets $0.04
Lorpugo: calls $0.04
berge05c: folds 
saber828: folds 
*** TURN *** [5h 8s 5c] [Th]
Lorpugo: checks 
vilshadov: bets $0.06
Lorpugo: folds 
Uncalled bet ($0.06) returned to vilshadov
vilshadov collected $0.15 from pot
vilshadov: doesn't show hand 
*** SUMMARY ***
Total pot $0.16 | Rake $0.01 
Board [5h 8s 5c Th]
Seat 1: berge05c (big blind) folded on the Flop
Seat 2: saber828 folded on the Flop
Seat 4: iMP4•Denis folded before Flop (didn't bet)
Seat 5: vilshadov (button) collected ($0.15)
Seat 6: Lorpugo (small blind) folded on the Turn



PokerStars Hand #240724979317:  Hold'em No Limit ($0.01/$0.02 USD) - 2022/12/27 8:31:47 ET
Table 'Geranium II' 6-max Seat #6 is the button
Seat 1: berge05c ($1.65 in chips) 
Seat 2: saber828 ($3.76 in chips) 
Seat 4: iMP4•Denis ($5.59 in chips) 
Seat 5: vilshadov ($0.88 in chips) 
Seat 6: Lorpugo ($0.98 in chips) 
berge05c: posts small blind $0.01
saber828: posts big blind $0.02
*** HOLE CARDS ***
Dealt to Lorpugo [3h 6c]
iMP4•Denis: folds 
vilshadov: folds 
Lorpugo: folds 
berge05c: calls $0.01
saber828: checks 
*** FLOP *** [9h 3d Qd]
berge05c: checks 
saber828: checks 
*** TURN *** [9h 3d Qd] [Tc]
berge05c: bets $0.02
saber828: folds 
Uncalled bet ($0.02) returned to berge05c
berge05c collected $0.04 from pot
berge05c: doesn't show hand 
*** SUMMARY ***
Total pot $0.04 | Rake $0 
Board [9h 3d Qd Tc]
Seat 1: berge05c (small blind) collected ($0.04)
Seat 2: saber828 (big blind) folded on the Turn
Seat 4: iMP4•Denis folded before Flop (didn't bet)
Seat 5: vilshadov folded before Flop (didn't bet)
Seat 6: Lorpugo (button) folded before Flop (didn't bet)



PokerStars Hand #240724987637:  Hold'em No Limit ($0.01/$0.02 USD) - 2022/12/27 8:32:20 ET
Table 'Geranium II' 6-max Seat #1 is the button
Seat 1: berge05c ($1.67 in chips) 
Seat 2: saber828 ($3.74 in chips) 
Seat 4: iMP4•Denis ($5.59 in chips) 
Seat 5: vilshadov ($0.88 in chips) 
Seat 6: Lorpugo ($0.98 in chips) 
saber828: posts small blind $0.01
iMP4•Denis: posts big blind $0.02
*** HOLE CARDS ***
Dealt to Lorpugo [7h Ah]
vilshadov: folds 
Lorpugo: raises $0.04 to $0.06
berge05c: calls $0.06
saber828: calls $0.05
iMP4•Denis: folds 
*** FLOP *** [Qh Qc Qd]
saber828: checks 
Lorpugo: bets $0.06
berge05c: calls $0.06
saber828: folds 
*** TURN *** [Qh Qc Qd] [Ad]
Lorpugo: checks 
berge05c: checks 
*** RIVER *** [Qh Qc Qd Ad] [2c]
Lorpugo: bets $0.20
berge05c: folds 
Uncalled bet ($0.20) returned to Lorpugo
Lorpugo collected $0.31 from pot
Lorpugo: doesn't show hand 
*** SUMMARY ***
Total pot $0.32 | Rake $0.01 
Board [Qh Qc Qd Ad 2c]
Seat 1: berge05c (button) folded on the River
Seat 2: saber828 (small blind) folded on the Flop
Seat 4: iMP4•Denis (big blind) folded before Flop
Seat 5: vilshadov folded before Flop (didn't bet)
Seat 6: Lorpugo collected ($0.31)



PokerStars Hand #240725000458:  Hold'em No Limit ($0.01/$0.02 USD) - 2022/12/27 8:33:10 ET
Table 'Geranium II' 6-max Seat #2 is the button
Seat 1: berge05c ($1.55 in chips) 
Seat 2: saber828 ($3.68 in chips) 
Seat 4: iMP4•Denis ($5.57 in chips) 
Seat 5: vilshadov ($0.88 in chips) 
Seat 6: Lorpugo ($1.17 in chips) 
iMP4•Denis: posts small blind $0.01
vilshadov: posts big blind $0.02
*** HOLE CARDS ***
Dealt to Lorpugo [8s Kd]
Lorpugo: folds 
berge05c: folds 
saber828: raises $0.05 to $0.07
iMP4•Denis: folds 
vilshadov: folds 
Uncalled bet ($0.05) returned to saber828
saber828 collected $0.05 from pot
*** SUMMARY ***
Total pot $0.05 | Rake $0 
Seat 1: berge05c folded before Flop (didn't bet)
Seat 2: saber828 (button) collected ($0.05)
Seat 4: iMP4•Denis (small blind) folded before Flop
Seat 5: vilshadov (big blind) folded before Flop
Seat 6: Lorpugo folded before Flop (didn't bet)



PokerStars Hand #240725004804:  Hold'em No Limit ($0.01/$0.02 USD) - 2022/12/27 8:33:27 ET
Table 'Geranium II' 6-max Seat #4 is the button
Seat 1: berge05c ($1.55 in chips) 
Seat 2: saber828 ($3.71 in chips) 
Seat 4: iMP4•Denis ($5.56 in chips) 
Seat 5: vilshadov ($0.86 in chips) 
Seat 6: Lorpugo ($1.17 in chips) 
vilshadov: posts small blind $0.01
Lorpugo: posts big blind $0.02
*** HOLE CARDS ***
Dealt to Lorpugo [8h 5c]
berge05c: calls $0.02
saber828: folds 
iMP4•Denis: raises $0.02 to $0.04
vilshadov: calls $0.03
Lorpugo: folds 
berge05c: calls $0.02
*** FLOP *** [Ah 9d 4d]
vilshadov: checks 
berge05c: checks 
iMP4•Denis: bets $0.07
vilshadov: calls $0.07
berge05c: folds 
*** TURN *** [Ah 9d 4d] [6c]
vilshadov: checks 
iMP4•Denis: bets $0.18
vilshadov: folds 
Uncalled bet ($0.18) returned to iMP4•Denis
iMP4•Denis collected $0.27 from pot
iMP4•Denis: doesn't show hand 
*** SUMMARY ***
Total pot $0.28 | Rake $0.01 
Board [Ah 9d 4d 6c]
Seat 1: berge05c folded on the Flop
Seat 2: saber828 folded before Flop (didn't bet)
Seat 4: iMP4•Denis (button) collected ($0.27)
Seat 5: vilshadov (small blind) folded on the Turn
Seat 6: Lorpugo (big blind) folded before Flop



PokerStars Hand #240725021830:  Hold'em No Limit ($0.01/$0.02 USD) - 2022/12/27 8:34:33 ET
Table 'Geranium II' 6-max Seat #5 is the button
Seat 1: berge05c ($1.51 in chips) 
Seat 2: saber828 ($3.71 in chips) 
Seat 4: iMP4•Denis ($5.72 in chips) 
Seat 5: vilshadov ($0.75 in chips) 
Seat 6: Lorpugo ($1.15 in chips) 
Lorpugo: posts small blind $0.01
berge05c: posts big blind $0.02
*** HOLE CARDS ***
Dealt to Lorpugo [9h 7d]
saber828: folds 
iMP4•Denis: raises $0.02 to $0.04
vilshadov: folds 
Lorpugo: folds 
berge05c: folds 
Uncalled bet ($0.02) returned to iMP4•Denis
iMP4•Denis collected $0.05 from pot
iMP4•Denis: doesn't show hand 
*** SUMMARY ***
Total pot $0.05 | Rake $0 
Seat 1: berge05c (big blind) folded before Flop
Seat 2: saber828 folded before Flop (didn't bet)
Seat 4: iMP4•Denis collected ($0.05)
Seat 5: vilshadov (button) folded before Flop (didn't bet)
Seat 6: Lorpugo (small blind) folded before Flop



PokerStars Hand #240725028792:  Hold'em No Limit ($0.01/$0.02 USD) - 2022/12/27 8:34:59 ET
Table 'Geranium II' 6-max Seat #6 is the button
Seat 1: berge05c ($1.49 in chips) 
Seat 2: saber828 ($3.71 in chips) 
Seat 4: iMP4•Denis ($5.75 in chips) 
Seat 5: vilshadov ($0.75 in chips) 
Seat 6: Lorpugo ($1.14 in chips) 
berge05c: posts small blind $0.01
saber828: posts big blind $0.02
*** HOLE CARDS ***
Dealt to Lorpugo [Ad 9s]
iMP4•Denis: raises $0.02 to $0.04
vilshadov: folds 
vilshadov leaves the table
Lorpugo: raises $0.11 to $0.15
berge05c: folds 
saber828: folds 
iMP4•Denis: raises $0.15 to $0.30
Myatnyj_Zayats joins the table at seat #5 
Lorpugo: calls $0.15
*** FLOP *** [3s 4c 9d]
iMP4•Denis: bets $0.31
Lorpugo: raises $0.53 to $0.84 and is all-in
iMP4•Denis: calls $0.53
*** TURN *** [3s 4c 9d] [8h]
*** RIVER *** [3s 4c 9d 8h] [5d]
*** SHOW DOWN ***
iMP4•Denis: shows [As Ac] (a pair of Aces)
Lorpugo: shows [Ad 9s] (a pair of Nines)
iMP4•Denis collected $2.23 from pot
*** SUMMARY ***
Total pot $2.31 | Rake $0.08 
Board [3s 4c 9d 8h 5d]
Seat 1: berge05c (small blind) folded before Flop
Seat 2: saber828 (big blind) folded before Flop
Seat 4: iMP4•Denis showed [As Ac] and won ($2.23) with a pair of Aces
Seat 5: vilshadov folded before Flop (didn't bet)
Seat 6: Lorpugo (button) showed [Ad 9s] and lost with a pair of Nines



PokerStars Hand #240725068287:  Hold'em No Limit ($0.01/$0.02 USD) - 2022/12/27 8:37:29 ET
Table 'Geranium II' 6-max Seat #2 is the button
Seat 1: berge05c ($1.38 in chips) 
Seat 2: saber828 ($3.59 in chips) 
Seat 4: iMP4•Denis ($7.03 in chips) 
Seat 5: Myatnyj_Zayats ($2 in chips) 
Seat 6: Lorpugo ($1.60 in chips) 
iMP4•Denis: posts small blind $0.01
Myatnyj_Zayats: posts big blind $0.02
*** HOLE CARDS ***
Dealt to Lorpugo [Th 9d]
Dragon1248 joins the table at seat #3 
Lorpugo: raises $0.04 to $0.06
berge05c: calls $0.06
saber828: calls $0.06
iMP4•Denis: raises $0.14 to $0.20
Myatnyj_Zayats: folds 
Lorpugo: folds 
berge05c: calls $0.14
saber828: calls $0.14
*** FLOP *** [7s 8s Kd]
iMP4•Denis: bets $0.33
berge05c: calls $0.33
saber828: folds 
*** TURN *** [7s 8s Kd] [6d]
Dragon1248 leaves the table
dealerinthepast joins the table at seat #3 
iMP4•Denis: bets $0.72
berge05c: folds 
Uncalled bet ($0.72) returned to iMP4•Denis
iMP4•Denis collected $1.29 from pot
iMP4•Denis: doesn't show hand 
*** SUMMARY ***
Total pot $1.34 | Rake $0.05 
Board [7s 8s Kd 6d]
Seat 1: berge05c folded on the Turn
Seat 2: saber828 (button) folded on the Flop
Seat 4: iMP4•Denis (small blind) collected ($1.29)
Seat 5: Myatnyj_Zayats (big blind) folded before Flop
Seat 6: Lorpugo folded before Flop



PokerStars Hand #240725091279:  Hold'em No Limit ($0.01/$0.02 USD) - 2022/12/27 8:38:58 ET
Table 'Geranium II' 6-max Seat #4 is the button
Seat 1: berge05c ($0.85 in chips) 
Seat 2: saber828 ($3.39 in chips) 
Seat 4: iMP4•Denis ($7.79 in chips) 
Seat 5: Myatnyj_Zayats ($2 in chips) 
Seat 6: Lorpugo ($1.54 in chips) 
Myatnyj_Zayats: posts small blind $0.01
Lorpugo: posts big blind $0.02
*** HOLE CARDS ***
Dealt to Lorpugo [9d 7s]
berge05c: folds 
saber828: folds 
iMP4•Denis: raises $0.02 to $0.04
Myatnyj_Zayats: folds 
Lorpugo: calls $0.02
*** FLOP *** [8c Jc 8s]
Lorpugo: checks 
iMP4•Denis: bets $0.05
Lorpugo: calls $0.05
*** TURN *** [8c Jc 8s] [5d]
Lorpugo: checks 
iMP4•Denis: bets $0.09
Lorpugo: raises $0.24 to $0.33
iMP4•Denis: raises $0.24 to $0.57
Lorpugo: calls $0.24
*** RIVER *** [8c Jc 8s 5d] [4c]
Lorpugo: checks 
iMP4•Denis: checks 
*** SHOW DOWN ***
Lorpugo: shows [9d 7s] (a pair of Eights)
iMP4•Denis: shows [6c 6s] (two pair, Eights and Sixes)
iMP4•Denis collected $1.28 from pot
*** SUMMARY ***
Total pot $1.33 | Rake $0.05 
Board [8c Jc 8s 5d 4c]
Seat 1: berge05c folded before Flop (didn't bet)
Seat 2: saber828 folded before Flop (didn't bet)
Seat 4: iMP4•Denis (button) showed [6c 6s] and won ($1.28) with two pair, Eights and Sixes
Seat 5: Myatnyj_Zayats (small blind) folded before Flop
Seat 6: Lorpugo (big blind) showed [9d 7s] and lost with a pair of Eights



PokerStars Hand #240725116193:  Hold'em No Limit ($0.01/$0.02 USD) - 2022/12/27 8:40:33 ET
Table 'Geranium II' 6-max Seat #5 is the button
Seat 1: berge05c ($1.65 in chips) 
Seat 2: saber828 ($3.39 in chips) 
Seat 4: iMP4•Denis ($8.41 in chips) 
Seat 5: Myatnyj_Zayats ($2 in chips) 
Seat 6: Lorpugo ($0.88 in chips) 
Lorpugo: posts small blind $0.01
berge05c: posts big blind $0.02
*** HOLE CARDS ***
Dealt to Lorpugo [7h 5d]
saber828: calls $0.02
iMP4•Denis: folds 
Myatnyj_Zayats: raises $0.05 to $0.07
Lorpugo: folds 
berge05c: calls $0.05
saber828: calls $0.05
*** FLOP *** [2d Ac 7c]
berge05c: bets $0.02
saber828: folds 
Myatnyj_Zayats: raises $0.07 to $0.09
berge05c: folds 
Uncalled bet ($0.07) returned to Myatnyj_Zayats
Myatnyj_Zayats collected $0.25 from pot
*** SUMMARY ***
Total pot $0.26 | Rake $0.01 
Board [2d Ac 7c]
Seat 1: berge05c (big blind) folded on the Flop
Seat 2: saber828 folded on the Flop
Seat 4: iMP4•Denis folded before Flop (didn't bet)
Seat 5: Myatnyj_Zayats (button) collected ($0.25)
Seat 6: Lorpugo (small blind) folded before Flop



PokerStars Hand #240725125633:  Hold'em No Limit ($0.01/$0.02 USD) - 2022/12/27 8:41:09 ET
Table 'Geranium II' 6-max Seat #6 is the button
Seat 1: berge05c ($1.56 in chips) 
Seat 2: saber828 ($3.32 in chips) 
Seat 4: iMP4•Denis ($8.41 in chips) 
Seat 5: Myatnyj_Zayats ($2.16 in chips) 
Seat 6: Lorpugo ($1.67 in chips) 
berge05c: posts small blind $0.01
saber828: posts big blind $0.02
*** HOLE CARDS ***
Dealt to Lorpugo [4s 9s]
iMP4•Denis: folds 
Myatnyj_Zayats: folds 
Lorpugo: raises $0.04 to $0.06
berge05c: calls $0.05
saber828: raises $0.18 to $0.24
Lorpugo: folds 
berge05c: calls $0.18
*** FLOP *** [5h 9c 7s]
berge05c: bets $0.02
saber828: raises $0.56 to $0.58
berge05c: folds 
Uncalled bet ($0.56) returned to saber828
saber828 collected $0.56 from pot
*** SUMMARY ***
Total pot $0.58 | Rake $0.02 
Board [5h 9c 7s]
Seat 1: berge05c (small blind) folded on the Flop
Seat 2: saber828 (big blind) collected ($0.56)
Seat 4: iMP4•Denis folded before Flop (didn't bet)
Seat 5: Myatnyj_Zayats folded before Flop (didn't bet)
Seat 6: Lorpugo (button) folded before Flop



PokerStars Hand #240725137617:  Hold'em No Limit ($0.01/$0.02 USD) - 2022/12/27 8:41:54 ET
Table 'Geranium II' 6-max Seat #1 is the button
Seat 1: berge05c ($1.30 in chips) 
Seat 2: saber828 ($3.62 in chips) 
Seat 3: dealerinthepast ($2 in chips) 
Seat 4: iMP4•Denis ($8.41 in chips) 
Seat 5: Myatnyj_Zayats ($2.16 in chips) 
Seat 6: Lorpugo ($1.61 in chips) 
saber828: posts small blind $0.01
dealerinthepast: posts big blind $0.02
*** HOLE CARDS ***
Dealt to Lorpugo [9h Qs]
iMP4•Denis: folds 
Myatnyj_Zayats: folds 
Lorpugo: raises $0.04 to $0.06
berge05c: calls $0.06
saber828: calls $0.05
dealerinthepast: folds 
*** FLOP *** [4s Th 8h]
saber828: checks 
Lorpugo: bets $0.13
berge05c: folds 
saber828: raises $0.45 to $0.58
Lorpugo: folds 
Uncalled bet ($0.45) returned to saber828
saber828 collected $0.44 from pot
*** SUMMARY ***
Total pot $0.46 | Rake $0.02 
Board [4s Th 8h]
Seat 1: berge05c (button) folded on the Flop
Seat 2: saber828 (small blind) collected ($0.44)
Seat 3: dealerinthepast (big blind) folded before Flop
Seat 4: iMP4•Denis folded before Flop (didn't bet)
Seat 5: Myatnyj_Zayats folded before Flop (didn't bet)
Seat 6: Lorpugo folded on the Flop



PokerStars Hand #240725152304:  Hold'em No Limit ($0.01/$0.02 USD) - 2022/12/27 8:42:50 ET
Table 'Geranium II' 6-max Seat #2 is the button
Seat 1: berge05c ($1.24 in chips) 
Seat 2: saber828 ($3.87 in chips) 
Seat 3: dealerinthepast ($2 in chips) 
Seat 5: Myatnyj_Zayats ($2.16 in chips) 
Seat 6: Lorpugo ($1.42 in chips) 
dealerinthepast: posts small blind $0.01
Myatnyj_Zayats: posts big blind $0.02
*** HOLE CARDS ***
Dealt to Lorpugo [2h 5h]
Lorpugo: folds 
berge05c: folds 
saber828: folds 
dealerinthepast: raises $0.04 to $0.06
Myatnyj_Zayats: folds 
Uncalled bet ($0.04) returned to dealerinthepast
dealerinthepast collected $0.04 from pot
dealerinthepast: doesn't show hand 
*** SUMMARY ***
Total pot $0.04 | Rake $0 
Seat 1: berge05c folded before Flop (didn't bet)
Seat 2: saber828 (button) folded before Flop (didn't bet)
Seat 3: dealerinthepast (small blind) collected ($0.04)
Seat 5: Myatnyj_Zayats (big blind) folded before Flop
Seat 6: Lorpugo folded before Flop (didn't bet)



PokerStars Hand #240725155965:  Hold'em No Limit ($0.01/$0.02 USD) - 2022/12/27 8:43:04 ET
Table 'Geranium II' 6-max Seat #3 is the button
Seat 1: berge05c ($1.24 in chips) 
Seat 2: saber828 ($3.87 in chips) 
Seat 3: dealerinthepast ($2.02 in chips) 
Seat 5: Myatnyj_Zayats ($2.14 in chips) 
Seat 6: Lorpugo ($1.42 in chips) 
Myatnyj_Zayats: posts small blind $0.01
Lorpugo: posts big blind $0.02
*** HOLE CARDS ***
Dealt to Lorpugo [6c 3c]
berge05c: folds 
saber828: folds 
dealerinthepast: raises $0.04 to $0.06
Myatnyj_Zayats: folds 
iMP4•Denis leaves the table
Lorpugo: folds 
Uncalled bet ($0.04) returned to dealerinthepast
dealerinthepast collected $0.05 from pot
dealerinthepast: doesn't show hand 
ZZano$$a joins the table at seat #4 
*** SUMMARY ***
Total pot $0.05 | Rake $0 
Seat 1: berge05c folded before Flop (didn't bet)
Seat 2: saber828 folded before Flop (didn't bet)
Seat 3: dealerinthepast (button) collected ($0.05)
Seat 5: Myatnyj_Zayats (small blind) folded before Flop
Seat 6: Lorpugo (big blind) folded before Flop



PokerStars Hand #240725163176:  Hold'em No Limit ($0.01/$0.02 USD) - 2022/12/27 8:43:32 ET
Table 'Geranium II' 6-max Seat #5 is the button
Seat 1: berge05c ($1.24 in chips) 
Seat 2: saber828 ($3.87 in chips) 
Seat 3: dealerinthepast ($2.05 in chips) 
Seat 5: Myatnyj_Zayats ($2.13 in chips) 
Seat 6: Lorpugo ($1.40 in chips) 
Lorpugo: posts small blind $0.01
berge05c: posts big blind $0.02
*** HOLE CARDS ***
Dealt to Lorpugo [3c 7d]
saber828: folds 
dealerinthepast: folds 
Myatnyj_Zayats: raises $0.04 to $0.06
Lorpugo: folds 
berge05c: folds 
Uncalled bet ($0.04) returned to Myatnyj_Zayats
Myatnyj_Zayats collected $0.05 from pot
Myatnyj_Zayats: doesn't show hand 
*** SUMMARY ***
Total pot $0.05 | Rake $0 
Seat 1: berge05c (big blind) folded before Flop
Seat 2: saber828 folded before Flop (didn't bet)
Seat 3: dealerinthepast folded before Flop (didn't bet)
Seat 5: Myatnyj_Zayats (button) collected ($0.05)
Seat 6: Lorpugo (small blind) folded before Flop



PokerStars Hand #240725169064:  Hold'em No Limit ($0.01/$0.02 USD) - 2022/12/27 8:43:54 ET
Table 'Geranium II' 6-max Seat #6 is the button
Seat 1: berge05c ($1.22 in chips) 
Seat 2: saber828 ($3.87 in chips) 
Seat 3: dealerinthepast ($2.05 in chips) 
Seat 5: Myatnyj_Zayats ($2.16 in chips) 
Seat 6: Lorpugo ($1.39 in chips) 
berge05c: posts small blind $0.01
saber828: posts big blind $0.02
*** HOLE CARDS ***
Dealt to Lorpugo [3c 4d]
dealerinthepast: folds 
Myatnyj_Zayats: folds 
Lorpugo: folds 
berge05c: folds 
Uncalled bet ($0.01) returned to saber828
saber828 collected $0.02 from pot
*** SUMMARY ***
Total pot $0.02 | Rake $0 
Seat 1: berge05c (small blind) folded before Flop
Seat 2: saber828 (big blind) collected ($0.02)
Seat 3: dealerinthepast folded before Flop (didn't bet)
Seat 5: Myatnyj_Zayats folded before Flop (didn't bet)
Seat 6: Lorpugo (button) folded before Flop (didn't bet)



PokerStars Hand #240725174894:  Hold'em No Limit ($0.01/$0.02 USD) - 2022/12/27 8:44:15 ET
Table 'Geranium II' 6-max Seat #1 is the button
Seat 1: berge05c ($1.21 in chips) 
Seat 2: saber828 ($3.88 in chips) 
Seat 3: dealerinthepast ($2.05 in chips) 
Seat 5: Myatnyj_Zayats ($2.16 in chips) 
Seat 6: Lorpugo ($1.39 in chips) 
saber828: posts small blind $0.01
dealerinthepast: posts big blind $0.02
*** HOLE CARDS ***
Dealt to Lorpugo [Th Ac]
Myatnyj_Zayats: raises $0.04 to $0.06
Lorpugo: calls $0.06
berge05c: calls $0.06
saber828: folds 
dealerinthepast: calls $0.04
*** FLOP *** [9s Ks 8s]
dealerinthepast: checks 
saber828 leaves the table
Myatnyj_Zayats: checks 
Lorpugo: checks 
Greg Pak joins the table at seat #2 
berge05c: bets $0.02
dealerinthepast: folds 
Myatnyj_Zayats: raises $0.05 to $0.07
Lorpugo: folds 
berge05c: calls $0.05
*** TURN *** [9s Ks 8s] [5s]
Myatnyj_Zayats: bets $0.11
berge05c: folds 
Uncalled bet ($0.11) returned to Myatnyj_Zayats
Myatnyj_Zayats collected $0.38 from pot
Myatnyj_Zayats: doesn't show hand 
*** SUMMARY ***
Total pot $0.39 | Rake $0.01 
Board [9s Ks 8s 5s]
Seat 1: berge05c (button) folded on the Turn
Seat 2: saber828 (small blind) folded before Flop
Seat 3: dealerinthepast (big blind) folded on the Flop
Seat 5: Myatnyj_Zayats collected ($0.38)
Seat 6: Lorpugo folded on the Flop



PokerStars Hand #240725187927:  Hold'em No Limit ($0.01/$0.02 USD) - 2022/12/27 8:45:05 ET
Table 'Geranium II' 6-max Seat #3 is the button
Seat 1: berge05c ($1.08 in chips) 
Seat 3: dealerinthepast ($2 in chips) 
Seat 5: Myatnyj_Zayats ($2.41 in chips) 
Seat 6: Lorpugo ($1.33 in chips) 
Myatnyj_Zayats: posts small blind $0.01
Lorpugo: posts big blind $0.02
*** HOLE CARDS ***
Dealt to Lorpugo [Ad Tc]
berge05c: calls $0.02
dealerinthepast: raises $0.04 to $0.06
Myatnyj_Zayats: folds 
Lorpugo: calls $0.04
berge05c: calls $0.04
*** FLOP *** [Ts 8h Kc]
Lorpugo: checks 
berge05c: checks 
dealerinthepast: checks 
*** TURN *** [Ts 8h Kc] [7h]
Lorpugo: checks 
berge05c: checks 
dealerinthepast: bets $0.09
Lorpugo: calls $0.09
berge05c: folds 
*** RIVER *** [Ts 8h Kc 7h] [2h]
Lorpugo: checks 
dealerinthepast: bets $0.12
Lorpugo: calls $0.12
*** SHOW DOWN ***
dealerinthepast: shows [7d 7c] (three of a kind, Sevens)
Lorpugo: mucks hand 
dealerinthepast collected $0.59 from pot
*** SUMMARY ***
Total pot $0.61 | Rake $0.02 
Board [Ts 8h Kc 7h 2h]
Seat 1: berge05c folded on the Turn
Seat 3: dealerinthepast (button) showed [7d 7c] and won ($0.59) with three of a kind, Sevens
Seat 5: Myatnyj_Zayats (small blind) folded before Flop
Seat 6: Lorpugo (big blind) mucked [Ad Tc]



PokerStars Hand #240725203476:  Hold'em No Limit ($0.01/$0.02 USD) - 2022/12/27 8:46:04 ET
Table 'Geranium II' 6-max Seat #5 is the button
Seat 1: berge05c ($1.02 in chips) 
Seat 3: dealerinthepast ($2.32 in chips) 
Seat 5: Myatnyj_Zayats ($2.40 in chips) 
Seat 6: Lorpugo ($1.06 in chips) 
Lorpugo: posts small blind $0.01
berge05c: posts big blind $0.02
*** HOLE CARDS ***
Dealt to Lorpugo [9d 4h]
dealerinthepast: folds 
Myatnyj_Zayats: folds 
Lorpugo: folds 
Uncalled bet ($0.01) returned to berge05c
berge05c collected $0.02 from pot
berge05c: doesn't show hand 
*** SUMMARY ***
Total pot $0.02 | Rake $0 
Seat 1: berge05c (big blind) collected ($0.02)
Seat 3: dealerinthepast folded before Flop (didn't bet)
Seat 5: Myatnyj_Zayats (button) folded before Flop (didn't bet)
Seat 6: Lorpugo (small blind) folded before Flop



PokerStars Hand #240725209345:  Hold'em No Limit ($0.01/$0.02 USD) - 2022/12/27 8:46:26 ET
Table 'Geranium II' 6-max Seat #6 is the button
Seat 1: berge05c ($1.03 in chips) 
Seat 2: Greg Pak ($2 in chips) 
Seat 3: dealerinthepast ($2.32 in chips) 
Seat 5: Myatnyj_Zayats ($2.40 in chips) 
Seat 6: Lorpugo ($1.05 in chips) 
berge05c: posts small blind $0.01
Greg Pak: posts big blind $0.02
*** HOLE CARDS ***
Dealt to Lorpugo [Th 7c]
dealerinthepast: raises $0.04 to $0.06
Myatnyj_Zayats: folds 
Lorpugo: folds 
berge05c: calls $0.05
Greg Pak: folds 
*** FLOP *** [Tc 3h 4h]
berge05c: checks 
dealerinthepast: bets $0.05
berge05c: calls $0.05
*** TURN *** [Tc 3h 4h] [4c]
berge05c: bets $0.06
dealerinthepast: calls $0.06
*** RIVER *** [Tc 3h 4h 4c] [5c]
berge05c: bets $0.06
dealerinthepast: calls $0.06
*** SHOW DOWN ***
berge05c: shows [Qh Jh] (a pair of Fours)
dealerinthepast: shows [7h 7s] (two pair, Sevens and Fours)
dealerinthepast collected $0.46 from pot
*** SUMMARY ***
Total pot $0.48 | Rake $0.02 
Board [Tc 3h 4h 4c 5c]
Seat 1: berge05c (small blind) showed [Qh Jh] and lost with a pair of Fours
Seat 2: Greg Pak (big blind) folded before Flop
Seat 3: dealerinthepast showed [7h 7s] and won ($0.46) with two pair, Sevens and Fours
Seat 5: Myatnyj_Zayats folded before Flop (didn't bet)
Seat 6: Lorpugo (button) folded before Flop (didn't bet)



PokerStars Hand #240725223246:  Hold'em No Limit ($0.01/$0.02 USD) - 2022/12/27 8:47:19 ET
Table 'Geranium II' 6-max Seat #1 is the button
Seat 1: berge05c ($0.80 in chips) 
Seat 2: Greg Pak ($1.98 in chips) 
Seat 3: dealerinthepast ($2.55 in chips) 
Seat 5: Myatnyj_Zayats ($2.40 in chips) 
Seat 6: Lorpugo ($1.05 in chips) 
Greg Pak: posts small blind $0.01
dealerinthepast: posts big blind $0.02
*** HOLE CARDS ***
Dealt to Lorpugo [9s 7d]
Myatnyj_Zayats: raises $0.04 to $0.06
Lorpugo: folds 
berge05c: calls $0.06
Greg Pak: folds 
dealerinthepast: folds 
*** FLOP *** [3h 4h Tc]
Myatnyj_Zayats: bets $0.03
berge05c: calls $0.03
*** TURN *** [3h 4h Tc] [Ad]
Myatnyj_Zayats: bets $0.13
berge05c: folds 
Uncalled bet ($0.13) returned to Myatnyj_Zayats
Myatnyj_Zayats collected $0.20 from pot
Myatnyj_Zayats: doesn't show hand 
*** SUMMARY ***
Total pot $0.21 | Rake $0.01 
Board [3h 4h Tc Ad]
Seat 1: berge05c (button) folded on the Turn
Seat 2: Greg Pak (small blind) folded before Flop
Seat 3: dealerinthepast (big blind) folded before Flop
Seat 5: Myatnyj_Zayats collected ($0.20)
Seat 6: Lorpugo folded before Flop (didn't bet)



PokerStars Hand #240725230135:  Hold'em No Limit ($0.01/$0.02 USD) - 2022/12/27 8:47:45 ET
Table 'Geranium II' 6-max Seat #2 is the button
Seat 1: berge05c ($0.71 in chips) 
Seat 2: Greg Pak ($1.97 in chips) 
Seat 3: dealerinthepast ($2.53 in chips) 
Seat 4: ZZano$$a ($2 in chips) 
Seat 5: Myatnyj_Zayats ($2.51 in chips) 
Seat 6: Lorpugo ($1.05 in chips) 
dealerinthepast: posts small blind $0.01
ZZano$$a: posts big blind $0.02
*** HOLE CARDS ***
Dealt to Lorpugo [4s 6h]
Myatnyj_Zayats: folds 
Lorpugo: folds 
berge05c: calls $0.02
Greg Pak: calls $0.02
dealerinthepast: folds 
ZZano$$a: raises $0.07 to $0.09
berge05c: calls $0.07
Greg Pak: folds 
*** FLOP *** [2h 9h Qc]
ZZano$$a: bets $0.10
berge05c: calls $0.10
*** TURN *** [2h 9h Qc] [Jc]
ZZano$$a: checks 
berge05c: bets $0.10
ZZano$$a: calls $0.10
*** RIVER *** [2h 9h Qc Jc] [6d]
ZZano$$a: bets $0.18
berge05c: calls $0.18
*** SHOW DOWN ***
ZZano$$a: shows [Kd Ah] (high card Ace)
berge05c: shows [4h Qh] (a pair of Queens)
berge05c collected $0.94 from pot
*** SUMMARY ***
Total pot $0.97 | Rake $0.03 
Board [2h 9h Qc Jc 6d]
Seat 1: berge05c showed [4h Qh] and won ($0.94) with a pair of Queens
Seat 2: Greg Pak (button) folded before Flop
Seat 3: dealerinthepast (small blind) folded before Flop
Seat 4: ZZano$$a (big blind) showed [Kd Ah] and lost with high card Ace
Seat 5: Myatnyj_Zayats folded before Flop (didn't bet)
Seat 6: Lorpugo folded before Flop (didn't bet)



PokerStars Hand #240725244267:  Hold'em No Limit ($0.01/$0.02 USD) - 2022/12/27 8:48:39 ET
Table 'Geranium II' 6-max Seat #3 is the button
Seat 1: berge05c ($1.18 in chips) 
Seat 2: Greg Pak ($1.95 in chips) 
Seat 3: dealerinthepast ($2.52 in chips) 
Seat 4: ZZano$$a ($1.53 in chips) 
Seat 5: Myatnyj_Zayats ($2.51 in chips) 
Seat 6: Lorpugo ($1.05 in chips) 
ZZano$$a: posts small blind $0.01
Myatnyj_Zayats: posts big blind $0.02
*** HOLE CARDS ***
Dealt to Lorpugo [Qd 3c]
Lorpugo: folds 
berge05c: calls $0.02
Greg Pak: folds 
dealerinthepast: raises $0.04 to $0.06
ZZano$$a: folds 
Myatnyj_Zayats: folds 
berge05c: folds 
Uncalled bet ($0.04) returned to dealerinthepast
dealerinthepast collected $0.07 from pot
dealerinthepast: doesn't show hand 
*** SUMMARY ***
Total pot $0.07 | Rake $0 
Seat 1: berge05c folded before Flop
Seat 2: Greg Pak folded before Flop (didn't bet)
Seat 3: dealerinthepast (button) collected ($0.07)
Seat 4: ZZano$$a (small blind) folded before Flop
Seat 5: Myatnyj_Zayats (big blind) folded before Flop
Seat 6: Lorpugo folded before Flop (didn't bet)



PokerStars Hand #240725252852:  Hold'em No Limit ($0.01/$0.02 USD) - 2022/12/27 8:49:11 ET
Table 'Geranium II' 6-max Seat #4 is the button
Seat 1: berge05c ($1.16 in chips) 
Seat 2: Greg Pak ($1.95 in chips) 
Seat 3: dealerinthepast ($2.57 in chips) 
Seat 4: ZZano$$a ($1.52 in chips) 
Seat 5: Myatnyj_Zayats ($2.49 in chips) 
Seat 6: Lorpugo ($1.05 in chips) 
Myatnyj_Zayats: posts small blind $0.01
Lorpugo: posts big blind $0.02
*** HOLE CARDS ***
Dealt to Lorpugo [8s 5s]
berge05c: folds 
Greg Pak: raises $0.04 to $0.06
dealerinthepast: calls $0.06
ZZano$$a: calls $0.06
Myatnyj_Zayats: folds 
Lorpugo: calls $0.04
*** FLOP *** [5c 9c 5d]
Lorpugo: checks 
Greg Pak: checks 
dealerinthepast: bets $0.08
ZZano$$a: folds 
Lorpugo: raises $0.18 to $0.26
Greg Pak: folds 
dealerinthepast: calls $0.18
*** TURN *** [5c 9c 5d] [9d]
Lorpugo: checks 
dealerinthepast: checks 
*** RIVER *** [5c 9c 5d 9d] [Ad]
Lorpugo: bets $0.73 and is all-in
dealerinthepast: folds 
Uncalled bet ($0.73) returned to Lorpugo
Lorpugo collected $0.74 from pot
Lorpugo: doesn't show hand 
*** SUMMARY ***
Total pot $0.77 | Rake $0.03 
Board [5c 9c 5d 9d Ad]
Seat 1: berge05c folded before Flop (didn't bet)
Seat 2: Greg Pak folded on the Flop
Seat 3: dealerinthepast folded on the River
Seat 4: ZZano$$a (button) folded on the Flop
Seat 5: Myatnyj_Zayats (small blind) folded before Flop
Seat 6: Lorpugo (big blind) collected ($0.74)



PokerStars Hand #240725270134:  Hold'em No Limit ($0.01/$0.02 USD) - 2022/12/27 8:50:17 ET
Table 'Geranium II' 6-max Seat #5 is the button
Seat 1: berge05c ($1.16 in chips) 
Seat 2: Greg Pak ($1.89 in chips) 
Seat 3: dealerinthepast ($2.25 in chips) 
Seat 4: ZZano$$a ($1.46 in chips) 
Seat 5: Myatnyj_Zayats ($2.48 in chips) 
Seat 6: Lorpugo ($1.47 in chips) 
Lorpugo: posts small blind $0.01
berge05c: posts big blind $0.02
*** HOLE CARDS ***
Dealt to Lorpugo [8c Js]
Greg Pak: folds 
dealerinthepast: folds 
ZZano$$a: folds 
Myatnyj_Zayats: folds 
Lorpugo: raises $0.04 to $0.06
berge05c: folds 
Uncalled bet ($0.04) returned to Lorpugo
Lorpugo collected $0.04 from pot
Lorpugo: doesn't show hand 
*** SUMMARY ***
Total pot $0.04 | Rake $0 
Seat 1: berge05c (big blind) folded before Flop
Seat 2: Greg Pak folded before Flop (didn't bet)
Seat 3: dealerinthepast folded before Flop (didn't bet)
Seat 4: ZZano$$a folded before Flop (didn't bet)
Seat 5: Myatnyj_Zayats (button) folded before Flop (didn't bet)
Seat 6: Lorpugo (small blind) collected ($0.04)



PokerStars Hand #240725273972:  Hold'em No Limit ($0.01/$0.02 USD) - 2022/12/27 8:50:32 ET
Table 'Geranium II' 6-max Seat #6 is the button
Seat 1: berge05c ($1.14 in chips) 
Seat 2: Greg Pak ($1.89 in chips) 
Seat 3: dealerinthepast ($2.25 in chips) 
Seat 4: ZZano$$a ($1.46 in chips) 
Seat 5: Myatnyj_Zayats ($2.48 in chips) 
Seat 6: Lorpugo ($1.49 in chips) 
berge05c: posts small blind $0.01
Greg Pak: posts big blind $0.02
*** HOLE CARDS ***
Dealt to Lorpugo [4h 6h]
dealerinthepast: folds 
ZZano$$a: folds 
Myatnyj_Zayats: folds 
Lorpugo: raises $0.04 to $0.06
berge05c: folds 
Greg Pak: calls $0.04
*** FLOP *** [3c 5c 5d]
Greg Pak: checks 
Lorpugo: bets $0.07
Greg Pak: folds 
Uncalled bet ($0.07) returned to Lorpugo
Lorpugo collected $0.13 from pot
Lorpugo: doesn't show hand 
*** SUMMARY ***
Total pot $0.13 | Rake $0 
Board [3c 5c 5d]
Seat 1: berge05c (small blind) folded before Flop
Seat 2: Greg Pak (big blind) folded on the Flop
Seat 3: dealerinthepast folded before Flop (didn't bet)
Seat 4: ZZano$$a folded before Flop (didn't bet)
Seat 5: Myatnyj_Zayats folded before Flop (didn't bet)
Seat 6: Lorpugo (button) collected ($0.13)



PokerStars Hand #240725281382:  Hold'em No Limit ($0.01/$0.02 USD) - 2022/12/27 8:51:00 ET
Table 'Geranium II' 6-max Seat #1 is the button
Seat 1: berge05c ($1.13 in chips) 
Seat 2: Greg Pak ($1.83 in chips) 
Seat 3: dealerinthepast ($2.25 in chips) 
Seat 4: ZZano$$a ($1.46 in chips) 
Seat 5: Myatnyj_Zayats ($2.48 in chips) 
Seat 6: Lorpugo ($1.56 in chips) 
Greg Pak: posts small blind $0.01
dealerinthepast: posts big blind $0.02
*** HOLE CARDS ***
Dealt to Lorpugo [Kh 7h]
ZZano$$a: folds 
Myatnyj_Zayats: folds 
Lorpugo: raises $0.04 to $0.06
berge05c: calls $0.06
Greg Pak: folds 
dealerinthepast: folds 
*** FLOP *** [6h Tc 5c]
Lorpugo: checks 
berge05c: bets $0.02
Lorpugo: calls $0.02
*** TURN *** [6h Tc 5c] [Qs]
Lorpugo: checks 
berge05c: bets $0.06
Lorpugo: folds 
Uncalled bet ($0.06) returned to berge05c
berge05c collected $0.18 from pot
berge05c: doesn't show hand 
*** SUMMARY ***
Total pot $0.19 | Rake $0.01 
Board [6h Tc 5c Qs]
Seat 1: berge05c (button) collected ($0.18)
Seat 2: Greg Pak (small blind) folded before Flop
Seat 3: dealerinthepast (big blind) folded before Flop
Seat 4: ZZano$$a folded before Flop (didn't bet)
Seat 5: Myatnyj_Zayats folded before Flop (didn't bet)
Seat 6: Lorpugo folded on the Turn



PokerStars Hand #240725291706:  Hold'em No Limit ($0.01/$0.02 USD) - 2022/12/27 8:51:39 ET
Table 'Geranium II' 6-max Seat #2 is the button
Seat 1: berge05c ($1.23 in chips) 
Seat 2: Greg Pak ($1.99 in chips) 
Seat 3: dealerinthepast ($2.23 in chips) 
Seat 4: ZZano$$a ($1.46 in chips) 
Seat 5: Myatnyj_Zayats ($2.48 in chips) 
Seat 6: Lorpugo ($1.48 in chips) 
dealerinthepast: posts small blind $0.01
ZZano$$a: posts big blind $0.02
*** HOLE CARDS ***
Dealt to Lorpugo [Qc Th]
Myatnyj_Zayats: folds 
Lorpugo: folds 
berge05c: calls $0.02
Greg Pak: raises $0.07 to $0.09
dealerinthepast: folds 
ZZano$$a: folds 
berge05c: calls $0.07
*** FLOP *** [Jc 8d Js]
berge05c: bets $0.02
Greg Pak: calls $0.02
*** TURN *** [Jc 8d Js] [Kd]
berge05c: bets $0.06
Greg Pak: folds 
Uncalled bet ($0.06) returned to berge05c
berge05c collected $0.24 from pot
berge05c: doesn't show hand 
*** SUMMARY ***
Total pot $0.25 | Rake $0.01 
Board [Jc 8d Js Kd]
Seat 1: berge05c collected ($0.24)
Seat 2: Greg Pak (button) folded on the Turn
Seat 3: dealerinthepast (small blind) folded before Flop
Seat 4: ZZano$$a (big blind) folded before Flop
Seat 5: Myatnyj_Zayats folded before Flop (didn't bet)
Seat 6: Lorpugo folded before Flop (didn't bet)



PokerStars Hand #240725303731:  Hold'em No Limit ($0.01/$0.02 USD) - 2022/12/27 8:52:25 ET
Table 'Geranium II' 6-max Seat #3 is the button
Seat 1: berge05c ($1.36 in chips) 
Seat 2: Greg Pak ($1.88 in chips) 
Seat 3: dealerinthepast ($2.22 in chips) 
Seat 4: ZZano$$a ($1.44 in chips) 
Seat 5: Myatnyj_Zayats ($2.48 in chips) 
Seat 6: Lorpugo ($1.48 in chips) 
ZZano$$a: posts small blind $0.01
Myatnyj_Zayats: posts big blind $0.02
*** HOLE CARDS ***
Dealt to Lorpugo [Kd 6c]
Lorpugo: folds 
berge05c: folds 
Greg Pak: folds 
dealerinthepast: raises $0.04 to $0.06
ZZano$$a: raises $0.14 to $0.20
Myatnyj_Zayats: folds 
dealerinthepast: folds 
Uncalled bet ($0.14) returned to ZZano$$a
ZZano$$a collected $0.14 from pot
ZZano$$a: doesn't show hand 
*** SUMMARY ***
Total pot $0.14 | Rake $0 
Seat 1: berge05c folded before Flop (didn't bet)
Seat 2: Greg Pak folded before Flop (didn't bet)
Seat 3: dealerinthepast (button) folded before Flop
Seat 4: ZZano$$a (small blind) collected ($0.14)
Seat 5: Myatnyj_Zayats (big blind) folded before Flop
Seat 6: Lorpugo folded before Flop (didn't bet)



PokerStars Hand #240725312664:  Hold'em No Limit ($0.01/$0.02 USD) - 2022/12/27 8:52:58 ET
Table 'Geranium II' 6-max Seat #4 is the button
Seat 1: berge05c ($1.36 in chips) 
Seat 2: Greg Pak ($2 in chips) 
Seat 3: dealerinthepast ($2.16 in chips) 
Seat 4: ZZano$$a ($1.52 in chips) 
Seat 5: Myatnyj_Zayats ($2.46 in chips) 
Seat 6: Lorpugo ($1.48 in chips) 
Myatnyj_Zayats: posts small blind $0.01
Lorpugo: posts big blind $0.02
*** HOLE CARDS ***
Dealt to Lorpugo [Qs 6s]
berge05c: folds 
Greg Pak: folds 
dealerinthepast: folds 
ZZano$$a: raises $0.03 to $0.05
Myatnyj_Zayats: folds 
Lorpugo: calls $0.03
*** FLOP *** [Qc 8h Js]
Lorpugo: bets $0.04
ZZano$$a: folds 
Uncalled bet ($0.04) returned to Lorpugo
Lorpugo collected $0.11 from pot
Lorpugo: doesn't show hand 
*** SUMMARY ***
Total pot $0.11 | Rake $0 
Board [Qc 8h Js]
Seat 1: berge05c folded before Flop (didn't bet)
Seat 2: Greg Pak folded before Flop (didn't bet)
Seat 3: dealerinthepast folded before Flop (didn't bet)
Seat 4: ZZano$$a (button) folded on the Flop
Seat 5: Myatnyj_Zayats (small blind) folded before Flop
Seat 6: Lorpugo (big blind) collected ($0.11)



PokerStars Hand #240725322973:  Hold'em No Limit ($0.01/$0.02 USD) - 2022/12/27 8:53:38 ET
Table 'Geranium II' 6-max Seat #5 is the button
Seat 1: berge05c ($1.36 in chips) 
Seat 2: Greg Pak ($2 in chips) 
Seat 3: dealerinthepast ($2.16 in chips) 
Seat 4: ZZano$$a ($1.47 in chips) 
Seat 5: Myatnyj_Zayats ($2.45 in chips) 
Seat 6: Lorpugo ($1.54 in chips) 
Lorpugo: posts small blind $0.01
berge05c: posts big blind $0.02
*** HOLE CARDS ***
Dealt to Lorpugo [3d 7h]
Greg Pak: folds 
dealerinthepast: folds 
ZZano$$a: folds 
Myatnyj_Zayats: folds 
Lorpugo: raises $0.04 to $0.06
berge05c: folds 
Uncalled bet ($0.04) returned to Lorpugo
Lorpugo collected $0.04 from pot
Lorpugo: doesn't show hand 
*** SUMMARY ***
Total pot $0.04 | Rake $0 
Seat 1: berge05c (big blind) folded before Flop
Seat 2: Greg Pak folded before Flop (didn't bet)
Seat 3: dealerinthepast folded before Flop (didn't bet)
Seat 4: ZZano$$a folded before Flop (didn't bet)
Seat 5: Myatnyj_Zayats (button) folded before Flop (didn't bet)
Seat 6: Lorpugo (small blind) collected ($0.04)



PokerStars Hand #240725329364:  Hold'em No Limit ($0.01/$0.02 USD) - 2022/12/27 8:54:02 ET
Table 'Geranium II' 6-max Seat #6 is the button
Seat 1: berge05c ($1.34 in chips) 
Seat 2: Greg Pak ($2 in chips) 
Seat 3: dealerinthepast ($2.16 in chips) 
Seat 4: ZZano$$a ($1.47 in chips) 
Seat 5: Myatnyj_Zayats ($2.45 in chips) 
Seat 6: Lorpugo ($1.56 in chips) 
berge05c: posts small blind $0.01
Greg Pak: posts big blind $0.02
*** HOLE CARDS ***
Dealt to Lorpugo [9h Ad]
dealerinthepast: folds 
ZZano$$a: folds 
Myatnyj_Zayats: folds 
Lorpugo: raises $0.04 to $0.06
berge05c: calls $0.05
Greg Pak: folds 
*** FLOP *** [Qc 4s 2s]
berge05c: bets $0.02
Lorpugo: calls $0.02
*** TURN *** [Qc 4s 2s] [Ts]
berge05c: bets $0.02
Lorpugo: folds 
Uncalled bet ($0.02) returned to berge05c
berge05c collected $0.17 from pot
berge05c: doesn't show hand 
*** SUMMARY ***
Total pot $0.18 | Rake $0.01 
Board [Qc 4s 2s Ts]
Seat 1: berge05c (small blind) collected ($0.17)
Seat 2: Greg Pak (big blind) folded before Flop
Seat 3: dealerinthepast folded before Flop (didn't bet)
Seat 4: ZZano$$a folded before Flop (didn't bet)
Seat 5: Myatnyj_Zayats folded before Flop (didn't bet)
Seat 6: Lorpugo (button) folded on the Turn



PokerStars Hand #240725344229:  Hold'em No Limit ($0.01/$0.02 USD) - 2022/12/27 8:54:58 ET
Table 'Geranium II' 6-max Seat #1 is the button
Seat 1: berge05c ($1.43 in chips) 
Seat 2: Greg Pak ($1.98 in chips) 
Seat 3: dealerinthepast ($2.16 in chips) 
Seat 4: ZZano$$a ($1.47 in chips) 
Seat 5: Myatnyj_Zayats ($2.45 in chips) 
Seat 6: Lorpugo ($1.48 in chips) 
Greg Pak: posts small blind $0.01
dealerinthepast: posts big blind $0.02
*** HOLE CARDS ***
Dealt to Lorpugo [9s 7s]
ZZano$$a: folds 
Myatnyj_Zayats: folds 
Lorpugo: raises $0.04 to $0.06
berge05c: calls $0.06
Greg Pak: folds 
dealerinthepast: calls $0.04
*** FLOP *** [4d 3d 3h]
dealerinthepast: checks 
Lorpugo: bets $0.09
berge05c: calls $0.09
dealerinthepast: calls $0.09
*** TURN *** [4d 3d 3h] [7h]
dealerinthepast: checks 
Lorpugo: bets $0.29
berge05c: calls $0.29
dealerinthepast: folds 
*** RIVER *** [4d 3d 3h 7h] [Ac]
Lorpugo: checks 
berge05c: checks 
*** SHOW DOWN ***
Lorpugo: shows [9s 7s] (two pair, Sevens and Threes)
berge05c: mucks hand 
Lorpugo collected $1 from pot
*** SUMMARY ***
Total pot $1.04 | Rake $0.04 
Board [4d 3d 3h 7h Ac]
Seat 1: berge05c (button) mucked [8d Jd]
Seat 2: Greg Pak (small blind) folded before Flop
Seat 3: dealerinthepast (big blind) folded on the Turn
Seat 4: ZZano$$a folded before Flop (didn't bet)
Seat 5: Myatnyj_Zayats folded before Flop (didn't bet)
Seat 6: Lorpugo showed [9s 7s] and won ($1) with two pair, Sevens and Threes



PokerStars Hand #240725356149:  Hold'em No Limit ($0.01/$0.02 USD) - 2022/12/27 8:55:51 ET
Table 'Geranium II' 6-max Seat #2 is the button
Seat 1: berge05c ($0.99 in chips) 
Seat 2: Greg Pak ($1.97 in chips) 
Seat 3: dealerinthepast ($2.01 in chips) 
Seat 4: ZZano$$a ($1.47 in chips) 
Seat 5: Myatnyj_Zayats ($2.45 in chips) 
Seat 6: Lorpugo ($2.04 in chips) 
dealerinthepast: posts small blind $0.01
ZZano$$a: posts big blind $0.02
*** HOLE CARDS ***
Dealt to Lorpugo [Ts Js]
Myatnyj_Zayats: raises $0.04 to $0.06
Lorpugo: calls $0.06
berge05c: folds 
Greg Pak: folds 
dealerinthepast: folds 
ZZano$$a: folds 
*** FLOP *** [2h 5h 7s]
Myatnyj_Zayats: bets $0.03
Lorpugo: calls $0.03
*** TURN *** [2h 5h 7s] [6s]
Myatnyj_Zayats: bets $0.06
Lorpugo: calls $0.06
*** RIVER *** [2h 5h 7s 6s] [Th]
Myatnyj_Zayats: checks 
Lorpugo: checks 
*** SHOW DOWN ***
Myatnyj_Zayats: shows [5s As] (a pair of Fives)
Lorpugo: shows [Ts Js] (a pair of Tens)
Lorpugo collected $0.32 from pot
*** SUMMARY ***
Total pot $0.33 | Rake $0.01 
Board [2h 5h 7s 6s Th]
Seat 1: berge05c folded before Flop (didn't bet)
Seat 2: Greg Pak (button) folded before Flop (didn't bet)
Seat 3: dealerinthepast (small blind) folded before Flop
Seat 4: ZZano$$a (big blind) folded before Flop
Seat 5: Myatnyj_Zayats showed [5s As] and lost with a pair of Fives
Seat 6: Lorpugo showed [Ts Js] and won ($0.32) with a pair of Tens



PokerStars Hand #240725366594:  Hold'em No Limit ($0.01/$0.02 USD) - 2022/12/27 8:56:38 ET
Table 'Geranium II' 6-max Seat #3 is the button
Seat 1: berge05c ($0.99 in chips) 
Seat 2: Greg Pak ($1.97 in chips) 
Seat 3: dealerinthepast ($2 in chips) 
Seat 4: ZZano$$a ($1.45 in chips) 
Seat 5: Myatnyj_Zayats ($2.30 in chips) 
Seat 6: Lorpugo ($2.21 in chips) 
ZZano$$a: posts small blind $0.01
Myatnyj_Zayats: posts big blind $0.02
*** HOLE CARDS ***
Dealt to Lorpugo [Ts 8d]
Lorpugo: folds 
berge05c: calls $0.02
Greg Pak: raises $0.04 to $0.06
dealerinthepast: folds 
ZZano$$a: folds 
Myatnyj_Zayats: folds 
berge05c: calls $0.04
*** FLOP *** [6s 8h 9h]
berge05c: checks 
Greg Pak: bets $0.07
berge05c: calls $0.07
*** TURN *** [6s 8h 9h] [7h]
berge05c: checks 
Greg Pak: checks 
*** RIVER *** [6s 8h 9h 7h] [Ac]
berge05c: bets $0.14
Greg Pak: calls $0.14
*** SHOW DOWN ***
berge05c: shows [5c As] (a straight, Five to Nine)
Greg Pak: mucks hand 
berge05c collected $0.55 from pot
*** SUMMARY ***
Total pot $0.57 | Rake $0.02 
Board [6s 8h 9h 7h Ac]
Seat 1: berge05c showed [5c As] and won ($0.55) with a straight, Five to Nine
Seat 2: Greg Pak mucked [7c 8c]
Seat 3: dealerinthepast (button) folded before Flop (didn't bet)
Seat 4: ZZano$$a (small blind) folded before Flop
Seat 5: Myatnyj_Zayats (big blind) folded before Flop
Seat 6: Lorpugo folded before Flop (didn't bet)



PokerStars Hand #240725377031:  Hold'em No Limit ($0.01/$0.02 USD) - 2022/12/27 8:57:25 ET
Table 'Geranium II' 6-max Seat #4 is the button
Seat 1: berge05c ($1.27 in chips) 
Seat 2: Greg Pak ($1.70 in chips) 
Seat 3: dealerinthepast ($2 in chips) 
Seat 4: ZZano$$a ($1.44 in chips) 
Seat 5: Myatnyj_Zayats ($2.28 in chips) 
Seat 6: Lorpugo ($2.21 in chips) 
Myatnyj_Zayats: posts small blind $0.01
Lorpugo: posts big blind $0.02
*** HOLE CARDS ***
Dealt to Lorpugo [Jh Ad]
berge05c: calls $0.02
Greg Pak: folds 
dealerinthepast: folds 
ZZano$$a: folds 
Myatnyj_Zayats: folds 
Lorpugo: raises $0.05 to $0.07
berge05c: calls $0.05
*** FLOP *** [4s 5d Ts]
Lorpugo: bets $0.07
berge05c: calls $0.07
*** TURN *** [4s 5d Ts] [As]
Lorpugo: bets $0.18
berge05c: folds 
Uncalled bet ($0.18) returned to Lorpugo
Lorpugo collected $0.28 from pot
Lorpugo: doesn't show hand 
*** SUMMARY ***
Total pot $0.29 | Rake $0.01 
Board [4s 5d Ts As]
Seat 1: berge05c folded on the Turn
Seat 2: Greg Pak folded before Flop (didn't bet)
Seat 3: dealerinthepast folded before Flop (didn't bet)
Seat 4: ZZano$$a (button) folded before Flop (didn't bet)
Seat 5: Myatnyj_Zayats (small blind) folded before Flop
Seat 6: Lorpugo (big blind) collected ($0.28)



PokerStars Hand #240725388956:  Hold'em No Limit ($0.01/$0.02 USD) - 2022/12/27 8:58:17 ET
Table 'Geranium II' 6-max Seat #5 is the button
Seat 1: berge05c ($1.13 in chips) 
Seat 2: Greg Pak ($2 in chips) 
Seat 3: dealerinthepast ($2 in chips) 
Seat 4: ZZano$$a ($1.44 in chips) 
Seat 5: Myatnyj_Zayats ($2.27 in chips) 
Seat 6: Lorpugo ($2.35 in chips) 
Lorpugo: posts small blind $0.01
berge05c: posts big blind $0.02
*** HOLE CARDS ***
Dealt to Lorpugo [7d 3h]
Greg Pak: folds 
dealerinthepast: folds 
ZZano$$a: folds 
Myatnyj_Zayats: raises $0.03 to $0.05
Lorpugo: folds 
berge05c: folds 
Uncalled bet ($0.03) returned to Myatnyj_Zayats
Myatnyj_Zayats collected $0.05 from pot
Myatnyj_Zayats: doesn't show hand 
*** SUMMARY ***
Total pot $0.05 | Rake $0 
Seat 1: berge05c (big blind) folded before Flop
Seat 2: Greg Pak folded before Flop (didn't bet)
Seat 3: dealerinthepast folded before Flop (didn't bet)
Seat 4: ZZano$$a folded before Flop (didn't bet)
Seat 5: Myatnyj_Zayats (button) collected ($0.05)
Seat 6: Lorpugo (small blind) folded before Flop



PokerStars Hand #240725393002:  Hold'em No Limit ($0.01/$0.02 USD) - 2022/12/27 8:58:35 ET
Table 'Geranium II' 6-max Seat #6 is the button
Seat 1: berge05c ($1.11 in chips) 
Seat 2: Greg Pak ($2 in chips) 
Seat 3: dealerinthepast ($2 in chips) 
Seat 4: ZZano$$a ($1.44 in chips) 
Seat 5: Myatnyj_Zayats ($2.30 in chips) 
Seat 6: Lorpugo ($2.34 in chips) 
berge05c: posts small blind $0.01
Greg Pak: posts big blind $0.02
*** HOLE CARDS ***
Dealt to Lorpugo [3d 8s]
dealerinthepast: folds 
ZZano$$a: folds 
Myatnyj_Zayats: folds 
Lorpugo: folds 
berge05c: calls $0.01
Greg Pak: raises $0.06 to $0.08
berge05c: calls $0.06
*** FLOP *** [7c 2d 5h]
berge05c: bets $0.10
Greg Pak: folds 
Uncalled bet ($0.10) returned to berge05c
berge05c collected $0.15 from pot
berge05c: doesn't show hand 
*** SUMMARY ***
Total pot $0.16 | Rake $0.01 
Board [7c 2d 5h]
Seat 1: berge05c (small blind) collected ($0.15)
Seat 2: Greg Pak (big blind) folded on the Flop
Seat 3: dealerinthepast folded before Flop (didn't bet)
Seat 4: ZZano$$a folded before Flop (didn't bet)
Seat 5: Myatnyj_Zayats folded before Flop (didn't bet)
Seat 6: Lorpugo (button) folded before Flop (didn't bet)



PokerStars Hand #240725402805:  Hold'em No Limit ($0.01/$0.02 USD) - 2022/12/27 8:59:18 ET
Table 'Geranium II' 6-max Seat #1 is the button
Seat 1: berge05c ($1.18 in chips) 
Seat 2: Greg Pak ($1.92 in chips) 
Seat 3: dealerinthepast ($2 in chips) 
Seat 4: ZZano$$a ($1.44 in chips) 
Seat 5: Myatnyj_Zayats ($2.30 in chips) 
Seat 6: Lorpugo ($2.34 in chips) 
Greg Pak: posts small blind $0.01
dealerinthepast: posts big blind $0.02
*** HOLE CARDS ***
Dealt to Lorpugo [Kc 2c]
ZZano$$a: folds 
Myatnyj_Zayats: folds 
Lorpugo: folds 
berge05c: raises $0.02 to $0.04
Greg Pak: calls $0.03
dealerinthepast: folds 
*** FLOP *** [Jh 8s Td]
Greg Pak: bets $0.02
berge05c: raises $0.07 to $0.09
Greg Pak: calls $0.07
*** TURN *** [Jh 8s Td] [8c]
Greg Pak: bets $0.02
berge05c: calls $0.02
*** RIVER *** [Jh 8s Td 8c] [Ts]
Greg Pak: bets $0.16
berge05c: folds 
Uncalled bet ($0.16) returned to Greg Pak
Greg Pak collected $0.31 from pot
*** SUMMARY ***
Total pot $0.32 | Rake $0.01 
Board [Jh 8s Td 8c Ts]
Seat 1: berge05c (button) folded on the River
Seat 2: Greg Pak (small blind) collected ($0.31)
Seat 3: dealerinthepast (big blind) folded before Flop
Seat 4: ZZano$$a folded before Flop (didn't bet)
Seat 5: Myatnyj_Zayats folded before Flop (didn't bet)
Seat 6: Lorpugo folded before Flop (didn't bet)



PokerStars Hand #240725414883:  Hold'em No Limit ($0.01/$0.02 USD) - 2022/12/27 9:00:12 ET
Table 'Geranium II' 6-max Seat #2 is the button
Seat 1: berge05c ($1.03 in chips) 
Seat 2: Greg Pak ($2.08 in chips) 
Seat 3: dealerinthepast ($2 in chips) 
Seat 4: ZZano$$a ($1.44 in chips) 
Seat 5: Myatnyj_Zayats ($2.30 in chips) 
Seat 6: Lorpugo ($2.34 in chips) 
dealerinthepast: posts small blind $0.01
ZZano$$a: posts big blind $0.02
*** HOLE CARDS ***
Dealt to Lorpugo [6h 2d]
Myatnyj_Zayats: folds 
Lorpugo: folds 
berge05c: raises $0.04 to $0.06
Greg Pak: folds 
dealerinthepast: raises $0.14 to $0.20
ZZano$$a: folds 
berge05c: calls $0.14
*** FLOP *** [4s 8d 9s]
dealerinthepast: bets $0.14
berge05c: calls $0.14
*** TURN *** [4s 8d 9s] [Kh]
dealerinthepast: bets $0.51
berge05c: raises $0.18 to $0.69 and is all-in
dealerinthepast: calls $0.18
*** RIVER *** [4s 8d 9s Kh] [9d]
*** SHOW DOWN ***
dealerinthepast: shows [Ks As] (two pair, Kings and Nines)
berge05c: shows [Kd Ad] (two pair, Kings and Nines)
dealerinthepast collected $1.01 from pot
berge05c collected $1 from pot
*** SUMMARY ***
Total pot $2.08 | Rake $0.07 
Board [4s 8d 9s Kh 9d]
Seat 1: berge05c showed [Kd Ad] and won ($1) with two pair, Kings and Nines
Seat 2: Greg Pak (button) folded before Flop (didn't bet)
Seat 3: dealerinthepast (small blind) showed [Ks As] and won ($1.01) with two pair, Kings and Nines
Seat 4: ZZano$$a (big blind) folded before Flop
Seat 5: Myatnyj_Zayats folded before Flop (didn't bet)
Seat 6: Lorpugo folded before Flop (didn't bet)



PokerStars Hand #240725429452:  Hold'em No Limit ($0.01/$0.02 USD) - 2022/12/27 9:01:12 ET
Table 'Geranium II' 6-max Seat #3 is the button
Seat 1: berge05c ($1 in chips) 
Seat 2: Greg Pak ($2.08 in chips) 
Seat 3: dealerinthepast ($2 in chips) 
Seat 4: ZZano$$a ($1.42 in chips) 
Seat 5: Myatnyj_Zayats ($2.30 in chips) 
Seat 6: Lorpugo ($2.34 in chips) 
ZZano$$a: posts small blind $0.01
Myatnyj_Zayats: posts big blind $0.02
*** HOLE CARDS ***
Dealt to Lorpugo [Ks Qc]
Lorpugo: raises $0.04 to $0.06
berge05c: calls $0.06
Greg Pak: calls $0.06
dealerinthepast: calls $0.06
ZZano$$a: raises $0.32 to $0.38
Myatnyj_Zayats: folds 
Lorpugo: folds 
berge05c: calls $0.32
Greg Pak: calls $0.32
dealerinthepast: folds 
*** FLOP *** [7h 5c 2c]
ZZano$$a: bets $0.62
berge05c: calls $0.62 and is all-in
Greg Pak: folds 
*** TURN *** [7h 5c 2c] [Qh]
*** RIVER *** [7h 5c 2c Qh] [Ts]
*** SHOW DOWN ***
ZZano$$a: shows [Jh Jd] (a pair of Jacks)
berge05c: shows [9c 9d] (a pair of Nines)
ZZano$$a collected $2.43 from pot
berge05c cashed out the hand for $0.34
*** SUMMARY ***
Total pot $2.52 | Rake $0.09 
Board [7h 5c 2c Qh Ts]
Seat 1: berge05c showed [9c 9d] and lost with a pair of Nines (cashed out).
Seat 2: Greg Pak folded on the Flop
Seat 3: dealerinthepast (button) folded before Flop
Seat 4: ZZano$$a (small blind) showed [Jh Jd] and won ($2.43) with a pair of Jacks
Seat 5: Myatnyj_Zayats (big blind) folded before Flop
Seat 6: Lorpugo folded before Flop



PokerStars Hand #240725444865:  Hold'em No Limit ($0.01/$0.02 USD) - 2022/12/27 9:02:10 ET
Table 'Geranium II' 6-max Seat #4 is the button
Seat 1: berge05c ($0.34 in chips) 
Seat 2: Greg Pak ($1.70 in chips) 
Seat 3: dealerinthepast ($2 in chips) 
Seat 4: ZZano$$a ($2.85 in chips) 
Seat 5: Myatnyj_Zayats ($2.28 in chips) 
Seat 6: Lorpugo ($2.28 in chips) 
Myatnyj_Zayats: posts small blind $0.01
Lorpugo: posts big blind $0.02
*** HOLE CARDS ***
Dealt to Lorpugo [3h 7d]
berge05c: folds 
Greg Pak: calls $0.02
dealerinthepast: folds 
ZZano$$a: folds 
Myatnyj_Zayats: folds 
Lorpugo: checks 
*** FLOP *** [Ac 9h Th]
Lorpugo: checks 
Greg Pak: bets $0.03
Lorpugo: folds 
Uncalled bet ($0.03) returned to Greg Pak
Greg Pak collected $0.05 from pot
*** SUMMARY ***
Total pot $0.05 | Rake $0 
Board [Ac 9h Th]
Seat 1: berge05c folded before Flop (didn't bet)
Seat 2: Greg Pak collected ($0.05)
Seat 3: dealerinthepast folded before Flop (didn't bet)
Seat 4: ZZano$$a (button) folded before Flop (didn't bet)
Seat 5: Myatnyj_Zayats (small blind) folded before Flop
Seat 6: Lorpugo (big blind) folded on the Flop



PokerStars Hand #240725454203:  Hold'em No Limit ($0.01/$0.02 USD) - 2022/12/27 9:02:45 ET
Table 'Geranium II' 6-max Seat #5 is the button
Seat 1: berge05c ($1.24 in chips) 
Seat 2: Greg Pak ($1.73 in chips) 
Seat 3: dealerinthepast ($2 in chips) 
Seat 4: ZZano$$a ($2.85 in chips) 
Seat 5: Myatnyj_Zayats ($2.27 in chips) 
Seat 6: Lorpugo ($2.26 in chips) 
Lorpugo: posts small blind $0.01
berge05c: posts big blind $0.02
*** HOLE CARDS ***
Dealt to Lorpugo [7c Kc]
Greg Pak: folds 
dealerinthepast: folds 
ZZano$$a: folds 
Myatnyj_Zayats: folds 
Lorpugo: raises $0.04 to $0.06
berge05c: folds 
Uncalled bet ($0.04) returned to Lorpugo
Lorpugo collected $0.04 from pot
Lorpugo: doesn't show hand 
*** SUMMARY ***
Total pot $0.04 | Rake $0 
Seat 1: berge05c (big blind) folded before Flop
Seat 2: Greg Pak folded before Flop (didn't bet)
Seat 3: dealerinthepast folded before Flop (didn't bet)
Seat 4: ZZano$$a folded before Flop (didn't bet)
Seat 5: Myatnyj_Zayats (button) folded before Flop (didn't bet)
Seat 6: Lorpugo (small blind) collected ($0.04)



PokerStars Hand #240725460189:  Hold'em No Limit ($0.01/$0.02 USD) - 2022/12/27 9:03:07 ET
Table 'Geranium II' 6-max Seat #6 is the button
Seat 1: berge05c ($1.22 in chips) 
Seat 2: Greg Pak ($1.73 in chips) 
Seat 3: dealerinthepast ($2 in chips) 
Seat 4: ZZano$$a ($2.85 in chips) 
Seat 5: Myatnyj_Zayats ($2.27 in chips) 
Seat 6: Lorpugo ($2.28 in chips) 
berge05c: posts small blind $0.01
Greg Pak: posts big blind $0.02
*** HOLE CARDS ***
Dealt to Lorpugo [Ad Ts]
dealerinthepast: folds 
ZZano$$a: folds 
Myatnyj_Zayats: folds 
Lorpugo: raises $0.04 to $0.06
Myatnyj_Zayats leaves the table
berge05c: calls $0.05
Greg Pak: calls $0.04
*** FLOP *** [9s 5c 3c]
berge05c: checks 
Greg Pak: checks 
Lorpugo: bets $0.09
berge05c: raises $0.09 to $0.18
Greg Pak: folds 
Lorpugo: calls $0.09
*** TURN *** [9s 5c 3c] [7h]
berge05c: bets $0.12
Lorpugo: calls $0.12
*** RIVER *** [9s 5c 3c 7h] [4s]
berge05c: bets $0.20
Lorpugo: folds 
Uncalled bet ($0.20) returned to berge05c
berge05c collected $0.75 from pot
berge05c: doesn't show hand 
*** SUMMARY ***
Total pot $0.78 | Rake $0.03 
Board [9s 5c 3c 7h 4s]
Seat 1: berge05c (small blind) collected ($0.75)
Seat 2: Greg Pak (big blind) folded on the Flop
Seat 3: dealerinthepast folded before Flop (didn't bet)
Seat 4: ZZano$$a folded before Flop (didn't bet)
Seat 5: Myatnyj_Zayats folded before Flop (didn't bet)
Seat 6: Lorpugo (button) folded on the River



PokerStars Hand #240725475921:  Hold'em No Limit ($0.01/$0.02 USD) - 2022/12/27 9:04:06 ET
Table 'Geranium II' 6-max Seat #1 is the button
Seat 1: berge05c ($1.61 in chips) 
Seat 2: Greg Pak ($1.67 in chips) 
Seat 3: dealerinthepast ($2 in chips) 
Seat 4: ZZano$$a ($2.85 in chips) 
Seat 6: Lorpugo ($1.92 in chips) 
Greg Pak: posts small blind $0.01
dealerinthepast: posts big blind $0.02
*** HOLE CARDS ***
Dealt to Lorpugo [2d Qc]
ZZano$$a: folds 
Lorpugo: folds 
berge05c: raises $0.02 to $0.04
Greg Pak: folds 
dealerinthepast: folds 
Uncalled bet ($0.02) returned to berge05c
berge05c collected $0.05 from pot
berge05c: doesn't show hand 
*** SUMMARY ***
Total pot $0.05 | Rake $0 
Seat 1: berge05c (button) collected ($0.05)
Seat 2: Greg Pak (small blind) folded before Flop
Seat 3: dealerinthepast (big blind) folded before Flop
Seat 4: ZZano$$a folded before Flop (didn't bet)
Seat 6: Lorpugo folded before Flop (didn't bet)



PokerStars Hand #240725478634:  Hold'em No Limit ($0.01/$0.02 USD) - 2022/12/27 9:04:16 ET
Table 'Geranium II' 6-max Seat #2 is the button
Seat 1: berge05c ($1.64 in chips) 
Seat 2: Greg Pak ($1.66 in chips) 
Seat 3: dealerinthepast ($2 in chips) 
Seat 4: ZZano$$a ($2.85 in chips) 
Seat 6: Lorpugo ($1.92 in chips) 
dealerinthepast: posts small blind $0.01
ZZano$$a: posts big blind $0.02
*** HOLE CARDS ***
Dealt to Lorpugo [Js Kc]
Lorpugo: raises $0.04 to $0.06
berge05c: folds 
Greg Pak: raises $0.14 to $0.20
dealerinthepast: folds 
oven25 joins the table at seat #5 
ZZano$$a: folds 
Lorpugo: folds 
Uncalled bet ($0.14) returned to Greg Pak
Greg Pak collected $0.15 from pot
*** SUMMARY ***
Total pot $0.15 | Rake $0 
Seat 1: berge05c folded before Flop (didn't bet)
Seat 2: Greg Pak (button) collected ($0.15)
Seat 3: dealerinthepast (small blind) folded before Flop
Seat 4: ZZano$$a (big blind) folded before Flop
Seat 6: Lorpugo folded before Flop



PokerStars Hand #240725485238:  Hold'em No Limit ($0.01/$0.02 USD) - 2022/12/27 9:04:40 ET
Table 'Geranium II' 6-max Seat #3 is the button
Seat 1: berge05c ($1.64 in chips) 
Seat 2: Greg Pak ($1.75 in chips) 
Seat 3: dealerinthepast ($2 in chips) 
Seat 4: ZZano$$a ($2.83 in chips) 
Seat 5: oven25 ($2 in chips) 
Seat 6: Lorpugo ($1.86 in chips) 
ZZano$$a: posts small blind $0.01
oven25: posts big blind $0.02
*** HOLE CARDS ***
Dealt to Lorpugo [5h 3s]
Lorpugo: folds 
berge05c: folds 
Greg Pak: raises $0.02 to $0.04
dealerinthepast: folds 
ZZano$$a: folds 
oven25: folds 
Uncalled bet ($0.02) returned to Greg Pak
Greg Pak collected $0.05 from pot
*** SUMMARY ***
Total pot $0.05 | Rake $0 
Seat 1: berge05c folded before Flop (didn't bet)
Seat 2: Greg Pak collected ($0.05)
Seat 3: dealerinthepast (button) folded before Flop (didn't bet)
Seat 4: ZZano$$a (small blind) folded before Flop
Seat 5: oven25 (big blind) folded before Flop
Seat 6: Lorpugo folded before Flop (didn't bet)



PokerStars Hand #240725492438:  Hold'em No Limit ($0.01/$0.02 USD) - 2022/12/27 9:05:07 ET
Table 'Geranium II' 6-max Seat #4 is the button
Seat 1: berge05c ($1.64 in chips) 
Seat 2: Greg Pak ($1.78 in chips) 
Seat 3: dealerinthepast ($2 in chips) 
Seat 4: ZZano$$a ($2.82 in chips) 
Seat 5: oven25 ($2 in chips) 
Seat 6: Lorpugo ($1.86 in chips) 
oven25: posts small blind $0.01
Lorpugo: posts big blind $0.02
*** HOLE CARDS ***
Dealt to Lorpugo [9c Jd]
berge05c: folds 
Greg Pak: folds 
dealerinthepast: folds 
ZZano$$a: raises $0.03 to $0.05
oven25: calls $0.04
Lorpugo: calls $0.03
*** FLOP *** [7h 3d 2s]
oven25: bets $0.07
Lorpugo: folds 
ZZano$$a: calls $0.07
*** TURN *** [7h 3d 2s] [Ks]
oven25: bets $0.14
ZZano$$a: calls $0.14
*** RIVER *** [7h 3d 2s Ks] [7d]
oven25: checks 
ZZano$$a: checks 
*** SHOW DOWN ***
oven25: shows [Kc 8c] (two pair, Kings and Sevens)
ZZano$$a: shows [Kd 8s] (two pair, Kings and Sevens)
oven25 collected $0.28 from pot
ZZano$$a collected $0.27 from pot
*** SUMMARY ***
Total pot $0.57 | Rake $0.02 
Board [7h 3d 2s Ks 7d]
Seat 1: berge05c folded before Flop (didn't bet)
Seat 2: Greg Pak folded before Flop (didn't bet)
Seat 3: dealerinthepast folded before Flop (didn't bet)
Seat 4: ZZano$$a (button) showed [Kd 8s] and won ($0.27) with two pair, Kings and Sevens
Seat 5: oven25 (small blind) showed [Kc 8c] and won ($0.28) with two pair, Kings and Sevens
Seat 6: Lorpugo (big blind) folded on the Flop



PokerStars Hand #240725505486:  Hold'em No Limit ($0.01/$0.02 USD) - 2022/12/27 9:05:56 ET
Table 'Geranium II' 6-max Seat #5 is the button
Seat 1: berge05c ($1.64 in chips) 
Seat 2: Greg Pak ($1.78 in chips) 
Seat 3: dealerinthepast ($2 in chips) 
Seat 4: ZZano$$a ($2.83 in chips) 
Seat 5: oven25 ($2.02 in chips) 
Seat 6: Lorpugo ($1.81 in chips) 
Lorpugo: posts small blind $0.01
berge05c: posts big blind $0.02
*** HOLE CARDS ***
Dealt to Lorpugo [3s Jh]
Greg Pak: folds 
dealerinthepast: folds 
Greg Pak leaves the table
ZZano$$a: raises $0.03 to $0.05
oven25: folds 
Lorpugo: folds 
bsbroyal joins the table at seat #2 
berge05c: folds 
Uncalled bet ($0.03) returned to ZZano$$a
ZZano$$a collected $0.05 from pot
ZZano$$a: doesn't show hand 
*** SUMMARY ***
Total pot $0.05 | Rake $0 
Seat 1: berge05c (big blind) folded before Flop
Seat 2: Greg Pak folded before Flop (didn't bet)
Seat 3: dealerinthepast folded before Flop (didn't bet)
Seat 4: ZZano$$a collected ($0.05)
Seat 5: oven25 (button) folded before Flop (didn't bet)
Seat 6: Lorpugo (small blind) folded before Flop



PokerStars Hand #240725510854:  Hold'em No Limit ($0.01/$0.02 USD) - 2022/12/27 9:06:16 ET
Table 'Geranium II' 6-max Seat #6 is the button
Seat 1: berge05c ($1.62 in chips) 
Seat 2: bsbroyal ($1.60 in chips) 
Seat 3: dealerinthepast ($2 in chips) 
Seat 4: ZZano$$a ($2.86 in chips) 
Seat 5: oven25 ($2.02 in chips) 
Seat 6: Lorpugo ($1.80 in chips) 
berge05c: posts small blind $0.01
bsbroyal: posts big blind $0.02
*** HOLE CARDS ***
Dealt to Lorpugo [2c 7c]
dealerinthepast: raises $0.04 to $0.06
ZZano$$a: folds 
oven25: folds 
Lorpugo: folds 
berge05c: folds 
bsbroyal: calls $0.04
*** FLOP *** [3s Kh As]
bsbroyal: checks 
dealerinthepast: bets $0.04
bsbroyal: calls $0.04
*** TURN *** [3s Kh As] [Jh]
bsbroyal: checks 
dealerinthepast: bets $0.10
bsbroyal: calls $0.10
*** RIVER *** [3s Kh As Jh] [Th]
bsbroyal: bets $0.40
dealerinthepast: calls $0.40
*** SHOW DOWN ***
bsbroyal: shows [Ac 7h] (a pair of Aces)
dealerinthepast: shows [Qh Ad] (a straight, Ten to Ace)
dealerinthepast collected $1.17 from pot
*** SUMMARY ***
Total pot $1.21 | Rake $0.04 
Board [3s Kh As Jh Th]
Seat 1: berge05c (small blind) folded before Flop
Seat 2: bsbroyal (big blind) showed [Ac 7h] and lost with a pair of Aces
Seat 3: dealerinthepast showed [Qh Ad] and won ($1.17) with a straight, Ten to Ace
Seat 4: ZZano$$a folded before Flop (didn't bet)
Seat 5: oven25 folded before Flop (didn't bet)
Seat 6: Lorpugo (button) folded before Flop (didn't bet)



PokerStars Hand #240725523919:  Hold'em No Limit ($0.01/$0.02 USD) - 2022/12/27 9:07:04 ET
Table 'Geranium II' 6-max Seat #1 is the button
Seat 1: berge05c ($1.61 in chips) 
Seat 2: bsbroyal ($1 in chips) 
Seat 3: dealerinthepast ($2.57 in chips) 
Seat 4: ZZano$$a ($2.86 in chips) 
Seat 5: oven25 ($2.02 in chips) 
Seat 6: Lorpugo ($1.80 in chips) 
bsbroyal: posts small blind $0.01
dealerinthepast: posts big blind $0.02
*** HOLE CARDS ***
Dealt to Lorpugo [8h 7c]
ZZano$$a: folds 
oven25: folds 
Lorpugo: raises $0.04 to $0.06
berge05c: folds 
bsbroyal: folds 
dealerinthepast: folds 
Uncalled bet ($0.04) returned to Lorpugo
Lorpugo collected $0.05 from pot
Lorpugo: doesn't show hand 
*** SUMMARY ***
Total pot $0.05 | Rake $0 
Seat 1: berge05c (button) folded before Flop (didn't bet)
Seat 2: bsbroyal (small blind) folded before Flop
Seat 3: dealerinthepast (big blind) folded before Flop
Seat 4: ZZano$$a folded before Flop (didn't bet)
Seat 5: oven25 folded before Flop (didn't bet)
Seat 6: Lorpugo collected ($0.05)



PokerStars Hand #240725529797:  Hold'em No Limit ($0.01/$0.02 USD) - 2022/12/27 9:07:25 ET
Table 'Geranium II' 6-max Seat #2 is the button
Seat 1: berge05c ($1.61 in chips) 
Seat 2: bsbroyal ($0.99 in chips) 
Seat 3: dealerinthepast ($2.55 in chips) 
Seat 4: ZZano$$a ($2.86 in chips) 
Seat 5: oven25 ($2.02 in chips) 
Seat 6: Lorpugo ($1.83 in chips) 
dealerinthepast: posts small blind $0.01
ZZano$$a: posts big blind $0.02
*** HOLE CARDS ***
Dealt to Lorpugo [Kh 8d]
oven25: folds 
Lorpugo: folds 
berge05c: calls $0.02
bsbroyal: folds 
dealerinthepast: folds 
ZZano$$a: checks 
*** FLOP *** [9s 7c Th]
bsbroyal leaves the table
ZZano$$a: bets $0.02
berge05c: raises $0.02 to $0.04
ninel7 joins the table at seat #2 
ZZano$$a: calls $0.02
*** TURN *** [9s 7c Th] [Ac]
ZZano$$a: checks 
berge05c: bets $0.06
ZZano$$a: folds 
Uncalled bet ($0.06) returned to berge05c
berge05c collected $0.13 from pot
berge05c: doesn't show hand 
*** SUMMARY ***
Total pot $0.13 | Rake $0 
Board [9s 7c Th Ac]
Seat 1: berge05c collected ($0.13)
Seat 2: bsbroyal (button) folded before Flop (didn't bet)
Seat 3: dealerinthepast (small blind) folded before Flop
Seat 4: ZZano$$a (big blind) folded on the Turn
Seat 5: oven25 folded before Flop (didn't bet)
Seat 6: Lorpugo folded before Flop (didn't bet)



PokerStars Hand #240725548813:  Hold'em No Limit ($0.01/$0.02 USD) - 2022/12/27 9:08:35 ET
Table 'Geranium II' 6-max Seat #3 is the button
Seat 1: berge05c ($1.68 in chips) 
Seat 3: dealerinthepast ($2.54 in chips) 
Seat 4: ZZano$$a ($2.80 in chips) 
Seat 5: oven25 ($2.02 in chips) 
Seat 6: Lorpugo ($1.83 in chips) 
ZZano$$a: posts small blind $0.01
oven25: posts big blind $0.02
*** HOLE CARDS ***
Dealt to Lorpugo [8d 6s]
Lorpugo: folds 
berge05c: calls $0.02
dealerinthepast: folds 
ZZano$$a: folds 
oven25: raises $0.06 to $0.08
berge05c: calls $0.06
*** FLOP *** [8c Qh 7c]
oven25: bets $0.08
berge05c: calls $0.08
*** TURN *** [8c Qh 7c] [5c]
oven25: bets $0.16
berge05c: calls $0.16
*** RIVER *** [8c Qh 7c 5c] [3d]
oven25: checks 
berge05c: bets $0.06
oven25: folds 
Uncalled bet ($0.06) returned to berge05c
berge05c collected $0.63 from pot
berge05c: doesn't show hand 
*** SUMMARY ***
Total pot $0.65 | Rake $0.02 
Board [8c Qh 7c 5c 3d]
Seat 1: berge05c collected ($0.63)
Seat 3: dealerinthepast (button) folded before Flop (didn't bet)
Seat 4: ZZano$$a (small blind) folded before Flop
Seat 5: oven25 (big blind) folded on the River
Seat 6: Lorpugo folded before Flop (didn't bet)



PokerStars Hand #240725563536:  Hold'em No Limit ($0.01/$0.02 USD) - 2022/12/27 9:09:29 ET
Table 'Geranium II' 6-max Seat #4 is the button
Seat 1: berge05c ($1.99 in chips) 
Seat 3: dealerinthepast ($2.54 in chips) 
Seat 4: ZZano$$a ($2.79 in chips) 
Seat 5: oven25 ($2 in chips) 
Seat 6: Lorpugo ($1.83 in chips) 
oven25: posts small blind $0.01
Lorpugo: posts big blind $0.02
*** HOLE CARDS ***
Dealt to Lorpugo [Jc 6h]
berge05c: calls $0.02
dealerinthepast: raises $0.08 to $0.10
ZZano$$a: folds 
oven25: folds 
Lorpugo: folds 
berge05c: folds 
Uncalled bet ($0.08) returned to dealerinthepast
dealerinthepast collected $0.07 from pot
dealerinthepast: doesn't show hand 
*** SUMMARY ***
Total pot $0.07 | Rake $0 
Seat 1: berge05c folded before Flop
Seat 3: dealerinthepast collected ($0.07)
Seat 4: ZZano$$a (button) folded before Flop (didn't bet)
Seat 5: oven25 (small blind) folded before Flop
Seat 6: Lorpugo (big blind) folded before Flop



PokerStars Hand #240725569357:  Hold'em No Limit ($0.01/$0.02 USD) - 2022/12/27 9:09:50 ET
Table 'Geranium II' 6-max Seat #5 is the button
Seat 1: berge05c ($1.97 in chips) 
Seat 3: dealerinthepast ($2.59 in chips) 
Seat 4: ZZano$$a ($2.79 in chips) 
Seat 5: oven25 ($2 in chips) 
Seat 6: Lorpugo ($1.81 in chips) 
Lorpugo: posts small blind $0.01
berge05c: posts big blind $0.02
*** HOLE CARDS ***
Dealt to Lorpugo [4d 8d]
dealerinthepast: folds 
ZZano$$a: folds 
oven25: raises $0.03 to $0.05
Lorpugo: folds 
berge05c: folds 
Uncalled bet ($0.03) returned to oven25
oven25 collected $0.05 from pot
*** SUMMARY ***
Total pot $0.05 | Rake $0 
Seat 1: berge05c (big blind) folded before Flop
Seat 3: dealerinthepast folded before Flop (didn't bet)
Seat 4: ZZano$$a folded before Flop (didn't bet)
Seat 5: oven25 (button) collected ($0.05)
Seat 6: Lorpugo (small blind) folded before Flop



PokerStars Hand #240725573242:  Hold'em No Limit ($0.01/$0.02 USD) - 2022/12/27 9:10:04 ET
Table 'Geranium II' 6-max Seat #6 is the button
Seat 1: berge05c ($1.95 in chips) 
Seat 2: ninel7 ($0.90 in chips) 
Seat 3: dealerinthepast ($2.59 in chips) 
Seat 4: ZZano$$a ($2.79 in chips) 
Seat 5: oven25 ($2.03 in chips) 
Seat 6: Lorpugo ($1.80 in chips) 
berge05c: posts small blind $0.01
ninel7: posts big blind $0.02
*** HOLE CARDS ***
Dealt to Lorpugo [6s Kh]
dealerinthepast: folds 
ZZano$$a: folds 
oven25: raises $0.04 to $0.06
Lorpugo: folds 
berge05c: calls $0.05
ninel7: calls $0.04
*** FLOP *** [7h Qs 9h]
berge05c: checks 
ninel7: checks 
oven25: checks 
*** TURN *** [7h Qs 9h] [Kd]
berge05c: bets $0.09
ninel7: calls $0.09
oven25: folds 
*** RIVER *** [7h Qs 9h Kd] [6d]
berge05c: bets $0.18
ninel7: calls $0.18
*** SHOW DOWN ***
berge05c: shows [Jc Tc] (a straight, Nine to King)
ninel7: mucks hand 
berge05c collected $0.69 from pot
*** SUMMARY ***
Total pot $0.72 | Rake $0.03 
Board [7h Qs 9h Kd 6d]
Seat 1: berge05c (small blind) showed [Jc Tc] and won ($0.69) with a straight, Nine to King
Seat 2: ninel7 (big blind) mucked [Th Qd]
Seat 3: dealerinthepast folded before Flop (didn't bet)
Seat 4: ZZano$$a folded before Flop (didn't bet)
Seat 5: oven25 folded on the Turn
Seat 6: Lorpugo (button) folded before Flop (didn't bet)



PokerStars Hand #240725589684:  Hold'em No Limit ($0.01/$0.02 USD) - 2022/12/27 9:11:05 ET
Table 'Geranium II' 6-max Seat #1 is the button
Seat 1: berge05c ($2.31 in chips) 
Seat 2: ninel7 ($0.90 in chips) 
Seat 3: dealerinthepast ($2.59 in chips) 
Seat 4: ZZano$$a ($2.79 in chips) 
Seat 5: oven25 ($2 in chips) 
Seat 6: Lorpugo ($1.80 in chips) 
ninel7: posts small blind $0.01
dealerinthepast: posts big blind $0.02
*** HOLE CARDS ***
Dealt to Lorpugo [3s 4d]
ZZano$$a: folds 
oven25: folds 
Lorpugo: folds 
berge05c: calls $0.02
ninel7: raises $0.02 to $0.04
dealerinthepast: calls $0.02
berge05c: calls $0.02
*** FLOP *** [7s Td 8d]
ninel7: bets $0.10
dealerinthepast: calls $0.10
berge05c: calls $0.10
*** TURN *** [7s Td 8d] [Ad]
ninel7: checks 
dealerinthepast: checks 
berge05c: checks 
*** RIVER *** [7s Td 8d Ad] [3d]
ninel7: checks 
dealerinthepast: checks 
berge05c: bets $0.06
ninel7: calls $0.06
dealerinthepast: folds 
*** SHOW DOWN ***
berge05c: shows [6d Jc] (a flush, Ace high)
ninel7: mucks hand 
berge05c collected $0.52 from pot
*** SUMMARY ***
Total pot $0.54 | Rake $0.02 
Board [7s Td 8d Ad 3d]
Seat 1: berge05c (button) showed [6d Jc] and won ($0.52) with a flush, Ace high
Seat 2: ninel7 (small blind) mucked [7c 4c]
Seat 3: dealerinthepast (big blind) folded on the River
Seat 4: ZZano$$a folded before Flop (didn't bet)
Seat 5: oven25 folded before Flop (didn't bet)
Seat 6: Lorpugo folded before Flop (didn't bet)



PokerStars Hand #240725611472:  Hold'em No Limit ($0.01/$0.02 USD) - 2022/12/27 9:12:24 ET
Table 'Geranium II' 6-max Seat #2 is the button
Seat 1: berge05c ($2.63 in chips) 
Seat 2: ninel7 ($0.90 in chips) 
Seat 3: dealerinthepast ($2.45 in chips) 
Seat 4: ZZano$$a ($2.79 in chips) 
Seat 5: oven25 ($2 in chips) 
Seat 6: Lorpugo ($1.80 in chips) 
dealerinthepast: posts small blind $0.01
ZZano$$a: posts big blind $0.02
*** HOLE CARDS ***
Dealt to Lorpugo [Td 2c]
oven25: folds 
Lorpugo: folds 
berge05c: folds 
ninel7: folds 
dealerinthepast: calls $0.01
ZZano$$a: raises $0.06 to $0.08
dealerinthepast: calls $0.06
*** FLOP *** [Jc 3s 4s]
dealerinthepast: checks 
ZZano$$a: bets $0.05
dealerinthepast: folds 
Uncalled bet ($0.05) returned to ZZano$$a
ZZano$$a collected $0.15 from pot
ZZano$$a: doesn't show hand 
*** SUMMARY ***
Total pot $0.16 | Rake $0.01 
Board [Jc 3s 4s]
Seat 1: berge05c folded before Flop (didn't bet)
Seat 2: ninel7 (button) folded before Flop (didn't bet)
Seat 3: dealerinthepast (small blind) folded on the Flop
Seat 4: ZZano$$a (big blind) collected ($0.15)
Seat 5: oven25 folded before Flop (didn't bet)
Seat 6: Lorpugo folded before Flop (didn't bet)



PokerStars Hand #240725623084:  Hold'em No Limit ($0.01/$0.02 USD) - 2022/12/27 9:13:06 ET
Table 'Geranium II' 6-max Seat #3 is the button
Seat 1: berge05c ($2.63 in chips) 
Seat 2: ninel7 ($0.90 in chips) 
Seat 3: dealerinthepast ($2.37 in chips) 
Seat 4: ZZano$$a ($2.86 in chips) 
Seat 5: oven25 ($2 in chips) 
Seat 6: Lorpugo ($1.80 in chips) 
ZZano$$a: posts small blind $0.01
oven25: posts big blind $0.02
*** HOLE CARDS ***
Dealt to Lorpugo [5c 7d]
Lorpugo: folds 
berge05c: calls $0.02
ninel7: folds 
dealerinthepast: folds 
ZZano$$a: folds 
oven25: checks 
*** FLOP *** [Kh Jh Kd]
oven25: bets $0.03
berge05c: folds 
Uncalled bet ($0.03) returned to oven25
oven25 collected $0.05 from pot
*** SUMMARY ***
Total pot $0.05 | Rake $0 
Board [Kh Jh Kd]
Seat 1: berge05c folded on the Flop
Seat 2: ninel7 folded before Flop (didn't bet)
Seat 3: dealerinthepast (button) folded before Flop (didn't bet)
Seat 4: ZZano$$a (small blind) folded before Flop
Seat 5: oven25 (big blind) collected ($0.05)
Seat 6: Lorpugo folded before Flop (didn't bet)



PokerStars Hand #240725634040:  Hold'em No Limit ($0.01/$0.02 USD) - 2022/12/27 9:13:46 ET
Table 'Geranium II' 6-max Seat #4 is the button
Seat 1: berge05c ($2.61 in chips) 
Seat 2: ninel7 ($0.90 in chips) 
Seat 3: dealerinthepast ($2.37 in chips) 
Seat 4: ZZano$$a ($2.85 in chips) 
Seat 5: oven25 ($2.03 in chips) 
Seat 6: Lorpugo ($1.80 in chips) 
oven25: posts small blind $0.01
Lorpugo: posts big blind $0.02
*** HOLE CARDS ***
Dealt to Lorpugo [7s 3s]
berge05c: folds 
ninel7: raises $0.04 to $0.06
dealerinthepast: folds 
ZZano$$a: folds 
oven25: folds 
Lorpugo: folds 
Uncalled bet ($0.04) returned to ninel7
ninel7 collected $0.05 from pot
ninel7: doesn't show hand 
*** SUMMARY ***
Total pot $0.05 | Rake $0 
Seat 1: berge05c folded before Flop (didn't bet)
Seat 2: ninel7 collected ($0.05)
Seat 3: dealerinthepast folded before Flop (didn't bet)
Seat 4: ZZano$$a (button) folded before Flop (didn't bet)
Seat 5: oven25 (small blind) folded before Flop
Seat 6: Lorpugo (big blind) folded before Flop



PokerStars Hand #240725640966:  Hold'em No Limit ($0.01/$0.02 USD) - 2022/12/27 9:14:11 ET
Table 'Geranium II' 6-max Seat #5 is the button
Seat 1: berge05c ($2.61 in chips) 
Seat 2: ninel7 ($0.93 in chips) 
Seat 3: dealerinthepast ($2.37 in chips) 
Seat 4: ZZano$$a ($2.85 in chips) 
Seat 5: oven25 ($2.02 in chips) 
Seat 6: Lorpugo ($1.78 in chips) 
Lorpugo: posts small blind $0.01
berge05c: posts big blind $0.02
*** HOLE CARDS ***
Dealt to Lorpugo [Ks Qd]
ninel7: folds 
dealerinthepast: folds 
ZZano$$a: raises $0.03 to $0.05
oven25: raises $0.13 to $0.18
Lorpugo: calls $0.17
berge05c: folds 
ZZano$$a: folds 
*** FLOP *** [As 2d Ac]
Lorpugo: checks 
oven25: checks 
*** TURN *** [As 2d Ac] [Kd]
Lorpugo: bets $0.14
oven25: folds 
Uncalled bet ($0.14) returned to Lorpugo
Lorpugo collected $0.41 from pot
Lorpugo: doesn't show hand 
*** SUMMARY ***
Total pot $0.43 | Rake $0.02 
Board [As 2d Ac Kd]
Seat 1: berge05c (big blind) folded before Flop
Seat 2: ninel7 folded before Flop (didn't bet)
Seat 3: dealerinthepast folded before Flop (didn't bet)
Seat 4: ZZano$$a folded before Flop
Seat 5: oven25 (button) folded on the Turn
Seat 6: Lorpugo (small blind) collected ($0.41)



PokerStars Hand #240725654666:  Hold'em No Limit ($0.01/$0.02 USD) - 2022/12/27 9:15:01 ET
Table 'Geranium II' 6-max Seat #6 is the button
Seat 1: berge05c ($2.59 in chips) 
Seat 2: ninel7 ($0.93 in chips) 
Seat 3: dealerinthepast ($2.37 in chips) 
Seat 4: ZZano$$a ($2.80 in chips) 
Seat 5: oven25 ($2 in chips) 
Seat 6: Lorpugo ($2.01 in chips) 
berge05c: posts small blind $0.01
ninel7: posts big blind $0.02
*** HOLE CARDS ***
Dealt to Lorpugo [Ac 9d]
dealerinthepast: folds 
ZZano$$a: folds 
oven25: raises $0.04 to $0.06
Lorpugo: calls $0.06
berge05c: raises $0.04 to $0.10
ninel7: folds 
oven25: calls $0.04
Lorpugo: calls $0.04
*** FLOP *** [3s 8d Qc]
ZZano$$a leaves the table
berge05c: bets $0.02
oven25: raises $0.18 to $0.20
Lorpugo: folds 
berge05c: calls $0.18
*** TURN *** [3s 8d Qc] [4c]
berge05c: checks 
SL-247 joins the table at seat #4 
oven25: bets $0.52
berge05c: folds 
Uncalled bet ($0.52) returned to oven25
oven25 collected $0.69 from pot
*** SUMMARY ***
Total pot $0.72 | Rake $0.03 
Board [3s 8d Qc 4c]
Seat 1: berge05c (small blind) folded on the Turn
Seat 2: ninel7 (big blind) folded before Flop
Seat 3: dealerinthepast folded before Flop (didn't bet)
Seat 4: ZZano$$a folded before Flop (didn't bet)
Seat 5: oven25 collected ($0.69)
Seat 6: Lorpugo (button) folded on the Flop



PokerStars Hand #240725668332:  Hold'em No Limit ($0.01/$0.02 USD) - 2022/12/27 9:15:50 ET
Table 'Geranium II' 6-max Seat #1 is the button
Seat 1: berge05c ($2.29 in chips) 
Seat 2: ninel7 ($0.91 in chips) 
Seat 3: dealerinthepast ($2.37 in chips) 
Seat 5: oven25 ($2.39 in chips) 
Seat 6: Lorpugo ($1.91 in chips) 
ninel7: posts small blind $0.01
dealerinthepast: posts big blind $0.02
*** HOLE CARDS ***
Dealt to Lorpugo [Tc Qc]
oven25: folds 
Lorpugo: raises $0.04 to $0.06
berge05c: calls $0.06
ninel7: folds 
dealerinthepast: folds 
*** FLOP *** [6d 7d 6s]
Lorpugo: bets $0.05
berge05c: calls $0.05
*** TURN *** [6d 7d 6s] [Kh]
Lorpugo: checks 
berge05c: checks 
*** RIVER *** [6d 7d 6s Kh] [6c]
Lorpugo: checks 
berge05c: checks 
*** SHOW DOWN ***
Lorpugo: shows [Tc Qc] (three of a kind, Sixes)
berge05c: shows [Ah 3c] (three of a kind, Sixes - Ace kicker)
berge05c collected $0.24 from pot
*** SUMMARY ***
Total pot $0.25 | Rake $0.01 
Board [6d 7d 6s Kh 6c]
Seat 1: berge05c (button) showed [Ah 3c] and won ($0.24) with three of a kind, Sixes
Seat 2: ninel7 (small blind) folded before Flop
Seat 3: dealerinthepast (big blind) folded before Flop
Seat 5: oven25 folded before Flop (didn't bet)
Seat 6: Lorpugo showed [Tc Qc] and lost with three of a kind, Sixes



PokerStars Hand #240725680953:  Hold'em No Limit ($0.01/$0.02 USD) - 2022/12/27 9:16:36 ET
Table 'Geranium II' 6-max Seat #2 is the button
Seat 1: berge05c ($2.42 in chips) 
Seat 2: ninel7 ($0.90 in chips) 
Seat 3: dealerinthepast ($2.35 in chips) 
Seat 4: SL-247 ($2 in chips) 
Seat 5: oven25 ($2.39 in chips) 
Seat 6: Lorpugo ($1.80 in chips) 
dealerinthepast: posts small blind $0.01
SL-247: posts big blind $0.02
*** HOLE CARDS ***
Dealt to Lorpugo [Js Ts]
oven25 has timed out
oven25: folds 
Lorpugo: raises $0.04 to $0.06
berge05c: calls $0.06
ninel7: folds 
dealerinthepast: folds 
SL-247: calls $0.04
*** FLOP *** [2h 4h 8c]
SL-247: checks 
Lorpugo: checks 
berge05c: bets $0.06
SL-247: calls $0.06
Lorpugo: folds 
*** TURN *** [2h 4h 8c] [3s]
SL-247: checks 
berge05c: bets $0.06
SL-247: calls $0.06
*** RIVER *** [2h 4h 8c 3s] [Kd]
SL-247: bets $0.21
berge05c: folds 
Uncalled bet ($0.21) returned to SL-247
SL-247 collected $0.41 from pot
*** SUMMARY ***
Total pot $0.43 | Rake $0.02 
Board [2h 4h 8c 3s Kd]
Seat 1: berge05c folded on the River
Seat 2: ninel7 (button) folded before Flop (didn't bet)
Seat 3: dealerinthepast (small blind) folded before Flop
Seat 4: SL-247 (big blind) collected ($0.41)
Seat 5: oven25 folded before Flop (didn't bet)
Seat 6: Lorpugo folded on the Flop



PokerStars Hand #240725701900:  Hold'em No Limit ($0.01/$0.02 USD) - 2022/12/27 9:17:52 ET
Table 'Geranium II' 6-max Seat #3 is the button
Seat 1: berge05c ($2.24 in chips) 
Seat 2: ninel7 ($0.90 in chips) 
Seat 3: dealerinthepast ($2.34 in chips) 
Seat 4: SL-247 ($2.23 in chips) 
Seat 5: oven25 ($2.39 in chips) 
Seat 6: Lorpugo ($1.74 in chips) 
SL-247: posts small blind $0.01
oven25: posts big blind $0.02
*** HOLE CARDS ***
Dealt to Lorpugo [Jh Jc]
Lorpugo: raises $0.04 to $0.06
berge05c: folds 
ninel7: folds 
dealerinthepast: calls $0.06
SL-247: folds 
oven25: calls $0.04
*** FLOP *** [6s 2h 4s]
oven25: checks 
Lorpugo: bets $0.14
dealerinthepast: calls $0.14
oven25: folds 
*** TURN *** [6s 2h 4s] [Tc]
Lorpugo: bets $0.40
dealerinthepast: folds 
Uncalled bet ($0.40) returned to Lorpugo
Lorpugo collected $0.45 from pot
Lorpugo: doesn't show hand 
*** SUMMARY ***
Total pot $0.47 | Rake $0.02 
Board [6s 2h 4s Tc]
Seat 1: berge05c folded before Flop (didn't bet)
Seat 2: ninel7 folded before Flop (didn't bet)
Seat 3: dealerinthepast (button) folded on the Turn
Seat 4: SL-247 (small blind) folded before Flop
Seat 5: oven25 (big blind) folded on the Flop
Seat 6: Lorpugo collected ($0.45)



PokerStars Hand #240725715607:  Hold'em No Limit ($0.01/$0.02 USD) - 2022/12/27 9:18:42 ET
Table 'Geranium II' 6-max Seat #4 is the button
Seat 1: berge05c ($2.24 in chips) 
Seat 2: ninel7 ($0.90 in chips) 
Seat 3: dealerinthepast ($2.14 in chips) 
Seat 4: SL-247 ($2.22 in chips) 
Seat 5: oven25 ($2.33 in chips) 
Seat 6: Lorpugo ($1.99 in chips) 
oven25: posts small blind $0.01
Lorpugo: posts big blind $0.02
*** HOLE CARDS ***
Dealt to Lorpugo [Kc Qs]
berge05c: calls $0.02
ninel7: folds 
dealerinthepast: folds 
SL-247: raises $0.02 to $0.04
oven25: calls $0.03
Lorpugo: raises $0.14 to $0.18
berge05c: folds 
SL-247: folds 
oven25: folds 
Uncalled bet ($0.14) returned to Lorpugo
Lorpugo collected $0.14 from pot
Lorpugo: doesn't show hand 
*** SUMMARY ***
Total pot $0.14 | Rake $0 
Seat 1: berge05c folded before Flop
Seat 2: ninel7 folded before Flop (didn't bet)
Seat 3: dealerinthepast folded before Flop (didn't bet)
Seat 4: SL-247 (button) folded before Flop
Seat 5: oven25 (small blind) folded before Flop
Seat 6: Lorpugo (big blind) collected ($0.14)



PokerStars Hand #240725722917:  Hold'em No Limit ($0.01/$0.02 USD) - 2022/12/27 9:19:09 ET
Table 'Geranium II' 6-max Seat #5 is the button
Seat 1: berge05c ($2.22 in chips) 
Seat 2: ninel7 ($0.90 in chips) 
Seat 3: dealerinthepast ($2.14 in chips) 
Seat 4: SL-247 ($2.18 in chips) 
Seat 5: oven25 ($2.29 in chips) 
Seat 6: Lorpugo ($2.09 in chips) 
Lorpugo: posts small blind $0.01
berge05c: posts big blind $0.02
*** HOLE CARDS ***
Dealt to Lorpugo [4h As]
ninel7: folds 
dealerinthepast: folds 
SL-247: folds 
oven25: folds 
Lorpugo: raises $0.04 to $0.06
berge05c: raises $0.04 to $0.10
Lorpugo: calls $0.04
*** FLOP *** [6d 9c 3s]
Lorpugo: bets $0.06
berge05c: calls $0.06
*** TURN *** [6d 9c 3s] [5h]
Lorpugo: bets $0.28
berge05c: calls $0.28
*** RIVER *** [6d 9c 3s 5h] [Ac]
Lorpugo: checks 
berge05c: bets $0.10
Lorpugo: calls $0.10
*** SHOW DOWN ***
berge05c: shows [Qh Ah] (a pair of Aces)
Lorpugo: mucks hand 
berge05c collected $1.04 from pot
*** SUMMARY ***
Total pot $1.08 | Rake $0.04 
Board [6d 9c 3s 5h Ac]
Seat 1: berge05c (big blind) showed [Qh Ah] and won ($1.04) with a pair of Aces
Seat 2: ninel7 folded before Flop (didn't bet)
Seat 3: dealerinthepast folded before Flop (didn't bet)
Seat 4: SL-247 folded before Flop (didn't bet)
Seat 5: oven25 (button) folded before Flop (didn't bet)
Seat 6: Lorpugo (small blind) mucked [4h As]



PokerStars Hand #240725735591:  Hold'em No Limit ($0.01/$0.02 USD) - 2022/12/27 9:19:54 ET
Table 'Geranium II' 6-max Seat #6 is the button
Seat 1: berge05c ($2.72 in chips) 
Seat 2: ninel7 ($0.90 in chips) 
Seat 3: dealerinthepast ($2.14 in chips) 
Seat 4: SL-247 ($2.18 in chips) 
Seat 5: oven25 ($2.29 in chips) 
Seat 6: Lorpugo ($1.55 in chips) 
berge05c: posts small blind $0.01
ninel7: posts big blind $0.02
*** HOLE CARDS ***
Dealt to Lorpugo [8h 5s]
dealerinthepast: folds 
SL-247: raises $0.02 to $0.04
oven25: folds 
Lorpugo: folds 
berge05c: calls $0.03
ninel7: folds 
*** FLOP *** [4c Qh 5h]
berge05c: checks 
SL-247: checks 
*** TURN *** [4c Qh 5h] [3h]
berge05c: bets $0.05
SL-247: folds 
Uncalled bet ($0.05) returned to berge05c
berge05c collected $0.10 from pot
berge05c: doesn't show hand 
*** SUMMARY ***
Total pot $0.10 | Rake $0 
Board [4c Qh 5h 3h]
Seat 1: berge05c (small blind) collected ($0.10)
Seat 2: ninel7 (big blind) folded before Flop
Seat 3: dealerinthepast folded before Flop (didn't bet)
Seat 4: SL-247 folded on the Turn
Seat 5: oven25 folded before Flop (didn't bet)
Seat 6: Lorpugo (button) folded before Flop (didn't bet)



PokerStars Hand #240725744347:  Hold'em No Limit ($0.01/$0.02 USD) - 2022/12/27 9:20:26 ET
Table 'Geranium II' 6-max Seat #1 is the button
Seat 1: berge05c ($2.78 in chips) 
Seat 2: ninel7 ($0.90 in chips) 
Seat 3: dealerinthepast ($2.14 in chips) 
Seat 4: SL-247 ($2.14 in chips) 
Seat 5: oven25 ($2.29 in chips) 
Seat 6: Lorpugo ($1.55 in chips) 
ninel7: posts small blind $0.01
dealerinthepast: posts big blind $0.02
*** HOLE CARDS ***
Dealt to Lorpugo [5c 3h]
SL-247: folds 
oven25: raises $0.04 to $0.06
Lorpugo: folds 
berge05c: folds 
ninel7: calls $0.05
dealerinthepast: folds 
*** FLOP *** [2d Td 5h]
ninel7: bets $0.11
oven25: raises $0.27 to $0.38
ninel7: calls $0.27
*** TURN *** [2d Td 5h] [6s]
ninel7: bets $0.46 and is all-in
oven25: calls $0.46
*** RIVER *** [2d Td 5h 6s] [9s]
*** SHOW DOWN ***
ninel7: shows [Qd 3d] (high card Queen)
oven25: shows [Jd Jh] (a pair of Jacks)
oven25 collected $1.76 from pot
*** SUMMARY ***
Total pot $1.82 | Rake $0.06 
Board [2d Td 5h 6s 9s]
Seat 1: berge05c (button) folded before Flop (didn't bet)
Seat 2: ninel7 (small blind) showed [Qd 3d] and lost with high card Queen
Seat 3: dealerinthepast (big blind) folded before Flop
Seat 4: SL-247 folded before Flop (didn't bet)
Seat 5: oven25 showed [Jd Jh] and won ($1.76) with a pair of Jacks
Seat 6: Lorpugo folded before Flop (didn't bet)



PokerStars Hand #240725761810:  Hold'em No Limit ($0.01/$0.02 USD) - 2022/12/27 9:21:28 ET
Table 'Geranium II' 6-max Seat #2 is the button
Seat 1: berge05c ($2.78 in chips) 
Seat 2: ninel7 ($0.90 in chips) 
Seat 3: dealerinthepast ($2.12 in chips) 
Seat 4: SL-247 ($2.14 in chips) 
Seat 5: oven25 ($3.15 in chips) 
Seat 6: Lorpugo ($1.55 in chips) 
dealerinthepast: posts small blind $0.01
SL-247: posts big blind $0.02
*** HOLE CARDS ***
Dealt to Lorpugo [8s 7s]
oven25: folds 
Lorpugo: raises $0.04 to $0.06
berge05c: folds 
ninel7: calls $0.06
dealerinthepast: folds 
SL-247: folds 
*** FLOP *** [4s 2h 5h]
Lorpugo: bets $0.09
ninel7: calls $0.09
*** TURN *** [4s 2h 5h] [6s]
Lorpugo: bets $0.38
ninel7: calls $0.38
*** RIVER *** [4s 2h 5h 6s] [Kd]
Lorpugo: bets $0.58
ninel7: folds 
Uncalled bet ($0.58) returned to Lorpugo
Lorpugo collected $1.05 from pot
Lorpugo: doesn't show hand 
*** SUMMARY ***
Total pot $1.09 | Rake $0.04 
Board [4s 2h 5h 6s Kd]
Seat 1: berge05c folded before Flop (didn't bet)
Seat 2: ninel7 (button) folded on the River
Seat 3: dealerinthepast (small blind) folded before Flop
Seat 4: SL-247 (big blind) folded before Flop
Seat 5: oven25 folded before Flop (didn't bet)
Seat 6: Lorpugo collected ($1.05)



PokerStars Hand #240725777672:  Hold'em No Limit ($0.01/$0.02 USD) - 2022/12/27 9:22:26 ET
Table 'Geranium II' 6-max Seat #3 is the button
Seat 1: berge05c ($2.78 in chips) 
Seat 2: ninel7 ($0.90 in chips) 
Seat 3: dealerinthepast ($2.11 in chips) 
Seat 4: SL-247 ($2.12 in chips) 
Seat 5: oven25 ($3.15 in chips) 
Seat 6: Lorpugo ($2.07 in chips) 
SL-247: posts small blind $0.01
oven25: posts big blind $0.02
*** HOLE CARDS ***
Dealt to Lorpugo [2h 5d]
Lorpugo: folds 
berge05c: calls $0.02
ninel7: folds 
dealerinthepast: folds 
SL-247: raises $0.02 to $0.04
oven25: folds 
berge05c: calls $0.02
*** FLOP *** [Qc 5s 7d]
SL-247: checks 
berge05c: bets $0.05
SL-247: calls $0.05
*** TURN *** [Qc 5s 7d] [7s]
SL-247: checks 
berge05c: bets $0.10
SL-247: folds 
Uncalled bet ($0.10) returned to berge05c
berge05c collected $0.19 from pot
berge05c: doesn't show hand 
*** SUMMARY ***
Total pot $0.20 | Rake $0.01 
Board [Qc 5s 7d 7s]
Seat 1: berge05c collected ($0.19)
Seat 2: ninel7 folded before Flop (didn't bet)
Seat 3: dealerinthepast (button) folded before Flop (didn't bet)
Seat 4: SL-247 (small blind) folded on the Turn
Seat 5: oven25 (big blind) folded before Flop
Seat 6: Lorpugo folded before Flop (didn't bet)



PokerStars Hand #240725790325:  Hold'em No Limit ($0.01/$0.02 USD) - 2022/12/27 9:23:11 ET
Table 'Geranium II' 6-max Seat #4 is the button
Seat 1: berge05c ($2.88 in chips) 
Seat 2: ninel7 ($0.90 in chips) 
Seat 3: dealerinthepast ($2.11 in chips) 
Seat 4: SL-247 ($2.03 in chips) 
Seat 5: oven25 ($3.13 in chips) 
Seat 6: Lorpugo ($2.07 in chips) 
oven25: posts small blind $0.01
Lorpugo: posts big blind $0.02
*** HOLE CARDS ***
Dealt to Lorpugo [8h Jd]
berge05c: calls $0.02
ninel7: raises $0.04 to $0.06
dealerinthepast: folds 
SL-247: folds 
oven25: folds 
Lorpugo: folds 
berge05c: calls $0.04
*** FLOP *** [7h 9s Js]
berge05c: checks 
ninel7: bets $0.15
berge05c: calls $0.15
*** TURN *** [7h 9s Js] [5s]
berge05c: checks 
ninel7: checks 
*** RIVER *** [7h 9s Js 5s] [3s]
berge05c: bets $0.02
ninel7: calls $0.02
*** SHOW DOWN ***
berge05c: shows [Ac Td] (high card Ace)
ninel7: shows [8d Th] (a straight, Seven to Jack)
ninel7 collected $0.47 from pot
*** SUMMARY ***
Total pot $0.49 | Rake $0.02 
Board [7h 9s Js 5s 3s]
Seat 1: berge05c showed [Ac Td] and lost with high card Ace
Seat 2: ninel7 showed [8d Th] and won ($0.47) with a straight, Seven to Jack
Seat 3: dealerinthepast folded before Flop (didn't bet)
Seat 4: SL-247 (button) folded before Flop (didn't bet)
Seat 5: oven25 (small blind) folded before Flop
Seat 6: Lorpugo (big blind) folded before Flop



PokerStars Hand #240725805540:  Hold'em No Limit ($0.01/$0.02 USD) - 2022/12/27 9:24:06 ET
Table 'Geranium II' 6-max Seat #5 is the button
Seat 1: berge05c ($2.65 in chips) 
Seat 2: ninel7 ($1.14 in chips) 
Seat 3: dealerinthepast ($2.11 in chips) 
Seat 4: SL-247 ($2.03 in chips) 
Seat 5: oven25 ($3.12 in chips) 
Seat 6: Lorpugo ($2.05 in chips) 
Lorpugo: posts small blind $0.01
berge05c: posts big blind $0.02
*** HOLE CARDS ***
Dealt to Lorpugo [Kh 6c]
ninel7 has timed out
ninel7: folds 
dealerinthepast: raises $0.04 to $0.06
SL-247: calls $0.06
oven25: folds 
Lorpugo: folds 
berge05c: calls $0.04
*** FLOP *** [Ah 2h Th]
berge05c: checks 
dealerinthepast: checks 
SL-247: checks 
*** TURN *** [Ah 2h Th] [As]
berge05c: bets $0.06
dealerinthepast: folds 
SL-247: calls $0.06
*** RIVER *** [Ah 2h Th As] [Td]
berge05c: bets $0.02
SL-247: raises $0.17 to $0.19
berge05c: folds 
Uncalled bet ($0.17) returned to SL-247
SL-247 collected $0.34 from pot
*** SUMMARY ***
Total pot $0.35 | Rake $0.01 
Board [Ah 2h Th As Td]
Seat 1: berge05c (big blind) folded on the River
Seat 2: ninel7 folded before Flop (didn't bet)
Seat 3: dealerinthepast folded on the Turn
Seat 4: SL-247 collected ($0.34)
Seat 5: oven25 (button) folded before Flop (didn't bet)
Seat 6: Lorpugo (small blind) folded before Flop



PokerStars Hand #240725829605:  Hold'em No Limit ($0.01/$0.02 USD) - 2022/12/27 9:25:32 ET
Table 'Geranium II' 6-max Seat #6 is the button
Seat 1: berge05c ($2.51 in chips) 
Seat 2: ninel7 ($1.14 in chips) 
Seat 3: dealerinthepast ($2.05 in chips) 
Seat 4: SL-247 ($2.23 in chips) 
Seat 5: oven25 ($3.12 in chips) 
Seat 6: Lorpugo ($2.04 in chips) 
berge05c: posts small blind $0.01
ninel7: posts big blind $0.02
*** HOLE CARDS ***
Dealt to Lorpugo [9c Th]
dealerinthepast: folds 
SL-247: folds 
oven25: folds 
Lorpugo: raises $0.04 to $0.06
berge05c: calls $0.05
ninel7: folds 
*** FLOP *** [8d 9h Qc]
berge05c: checks 
Lorpugo: bets $0.07
berge05c: folds 
Uncalled bet ($0.07) returned to Lorpugo
Lorpugo collected $0.14 from pot
Lorpugo: doesn't show hand 
*** SUMMARY ***
Total pot $0.14 | Rake $0 
Board [8d 9h Qc]
Seat 1: berge05c (small blind) folded on the Flop
Seat 2: ninel7 (big blind) folded before Flop
Seat 3: dealerinthepast folded before Flop (didn't bet)
Seat 4: SL-247 folded before Flop (didn't bet)
Seat 5: oven25 folded before Flop (didn't bet)
Seat 6: Lorpugo (button) collected ($0.14)



PokerStars Hand #240725839550:  Hold'em No Limit ($0.01/$0.02 USD) - 2022/12/27 9:26:08 ET
Table 'Geranium II' 6-max Seat #1 is the button
Seat 1: berge05c ($2.45 in chips) 
Seat 2: ninel7 ($1.12 in chips) 
Seat 3: dealerinthepast ($2.05 in chips) 
Seat 4: SL-247 ($2.23 in chips) 
Seat 5: oven25 ($3.12 in chips) 
Seat 6: Lorpugo ($2.12 in chips) 
ninel7: posts small blind $0.01
dealerinthepast: posts big blind $0.02
*** HOLE CARDS ***
Dealt to Lorpugo [7c Js]
SL-247: folds 
oven25: folds 
Lorpugo: folds 
berge05c: calls $0.02
ninel7: folds 
dealerinthepast: checks 
*** FLOP *** [7h Ac 9c]
dealerinthepast: checks 
berge05c: checks 
*** TURN *** [7h Ac 9c] [2h]
dealerinthepast: bets $0.02
berge05c: calls $0.02
*** RIVER *** [7h Ac 9c 2h] [Tc]
dealerinthepast: checks 
berge05c: checks 
*** SHOW DOWN ***
dealerinthepast: shows [9d 4s] (a pair of Nines)
berge05c: mucks hand 
dealerinthepast collected $0.09 from pot
*** SUMMARY ***
Total pot $0.09 | Rake $0 
Board [7h Ac 9c 2h Tc]
Seat 1: berge05c (button) mucked [2d Ks]
Seat 2: ninel7 (small blind) folded before Flop
Seat 3: dealerinthepast (big blind) showed [9d 4s] and won ($0.09) with a pair of Nines
Seat 4: SL-247 folded before Flop (didn't bet)
Seat 5: oven25 folded before Flop (didn't bet)
Seat 6: Lorpugo folded before Flop (didn't bet)



PokerStars Hand #240725850040:  Hold'em No Limit ($0.01/$0.02 USD) - 2022/12/27 9:26:45 ET
Table 'Geranium II' 6-max Seat #2 is the button
Seat 1: berge05c ($2.41 in chips) 
Seat 2: ninel7 ($1.11 in chips) 
Seat 3: dealerinthepast ($2.10 in chips) 
Seat 4: SL-247 ($2.23 in chips) 
Seat 5: oven25 ($3.12 in chips) 
Seat 6: Lorpugo ($2.12 in chips) 
dealerinthepast: posts small blind $0.01
SL-247: posts big blind $0.02
*** HOLE CARDS ***
Dealt to Lorpugo [Ad 9h]
oven25: folds 
Lorpugo: raises $0.04 to $0.06
berge05c: folds 
ninel7: calls $0.06
dealerinthepast: folds 
SL-247: folds 
*** FLOP *** [7d Kd Qs]
Lorpugo: checks 
ninel7: checks 
*** TURN *** [7d Kd Qs] [As]
Lorpugo: bets $0.09
ninel7: folds 
Uncalled bet ($0.09) returned to Lorpugo
Lorpugo collected $0.14 from pot
Lorpugo: doesn't show hand 
*** SUMMARY ***
Total pot $0.15 | Rake $0.01 
Board [7d Kd Qs As]
Seat 1: berge05c folded before Flop (didn't bet)
Seat 2: ninel7 (button) folded on the Turn
Seat 3: dealerinthepast (small blind) folded before Flop
Seat 4: SL-247 (big blind) folded before Flop
Seat 5: oven25 folded before Flop (didn't bet)
Seat 6: Lorpugo collected ($0.14)



PokerStars Hand #240725862952:  Hold'em No Limit ($0.01/$0.02 USD) - 2022/12/27 9:27:31 ET
Table 'Geranium II' 6-max Seat #3 is the button
Seat 1: berge05c ($2.41 in chips) 
Seat 2: ninel7 ($1.05 in chips) 
Seat 3: dealerinthepast ($2.09 in chips) 
Seat 4: SL-247 ($2.21 in chips) 
Seat 5: oven25 ($3.12 in chips) 
Seat 6: Lorpugo ($2.20 in chips) 
SL-247: posts small blind $0.01
oven25: posts big blind $0.02
*** HOLE CARDS ***
Dealt to Lorpugo [3h 9h]
Lorpugo: folds 
berge05c: folds 
ninel7: folds 
dealerinthepast: raises $0.04 to $0.06
SL-247: folds 
oven25: raises $0.14 to $0.20
dealerinthepast: calls $0.14
*** FLOP *** [5d 5h 2s]
oven25: bets $0.20
dealerinthepast: calls $0.20
*** TURN *** [5d 5h 2s] [7h]
oven25: bets $0.39
dealerinthepast: calls $0.39
*** RIVER *** [5d 5h 2s 7h] [7d]
oven25: checks 
dealerinthepast: checks 
*** SHOW DOWN ***
oven25: shows [Kh Qs] (two pair, Sevens and Fives)
dealerinthepast: shows [Th Tc] (two pair, Tens and Sevens)
dealerinthepast collected $1.53 from pot
*** SUMMARY ***
Total pot $1.59 | Rake $0.06 
Board [5d 5h 2s 7h 7d]
Seat 1: berge05c folded before Flop (didn't bet)
Seat 2: ninel7 folded before Flop (didn't bet)
Seat 3: dealerinthepast (button) showed [Th Tc] and won ($1.53) with two pair, Tens and Sevens
Seat 4: SL-247 (small blind) folded before Flop
Seat 5: oven25 (big blind) showed [Kh Qs] and lost with two pair, Sevens and Fives
Seat 6: Lorpugo folded before Flop (didn't bet)



PokerStars Hand #240725879567:  Hold'em No Limit ($0.01/$0.02 USD) - 2022/12/27 9:28:31 ET
Table 'Geranium II' 6-max Seat #4 is the button
Seat 1: berge05c ($2.41 in chips) 
Seat 2: ninel7 ($1.05 in chips) 
Seat 3: dealerinthepast ($2.83 in chips) 
Seat 4: SL-247 ($2.20 in chips) 
Seat 5: oven25 ($2.33 in chips) 
Seat 6: Lorpugo ($2.20 in chips) 
oven25: posts small blind $0.01
Lorpugo: posts big blind $0.02
*** HOLE CARDS ***
Dealt to Lorpugo [9c 6c]
berge05c: folds 
ninel7: folds 
dealerinthepast: raises $0.04 to $0.06
SL-247: folds 
oven25: calls $0.05
Lorpugo: calls $0.04
*** FLOP *** [8h 7d 4d]
oven25: checks 
Lorpugo: checks 
dealerinthepast: bets $0.13
oven25: folds 
Lorpugo: calls $0.13
*** TURN *** [8h 7d 4d] [5c]
Lorpugo: checks 
dealerinthepast: checks 
*** RIVER *** [8h 7d 4d 5c] [3s]
Lorpugo: bets $0.60
dealerinthepast: calls $0.60
*** SHOW DOWN ***
Lorpugo: shows [9c 6c] (a straight, Five to Nine)
dealerinthepast: mucks hand 
Lorpugo collected $1.58 from pot
*** SUMMARY ***
Total pot $1.64 | Rake $0.06 
Board [8h 7d 4d 5c 3s]
Seat 1: berge05c folded before Flop (didn't bet)
Seat 2: ninel7 folded before Flop (didn't bet)
Seat 3: dealerinthepast mucked [As Ad]
Seat 4: SL-247 (button) folded before Flop (didn't bet)
Seat 5: oven25 (small blind) folded on the Flop
Seat 6: Lorpugo (big blind) showed [9c 6c] and won ($1.58) with a straight, Five to Nine



PokerStars Hand #240725906051:  Hold'em No Limit ($0.01/$0.02 USD) - 2022/12/27 9:30:06 ET
Table 'Geranium II' 6-max Seat #5 is the button
Seat 1: berge05c ($2.41 in chips) 
Seat 2: ninel7 ($1.05 in chips) 
Seat 3: dealerinthepast ($2.04 in chips) 
Seat 4: SL-247 ($2.20 in chips) 
Seat 5: oven25 ($2.27 in chips) 
Seat 6: Lorpugo ($2.99 in chips) 
Lorpugo: posts small blind $0.01
berge05c: posts big blind $0.02
*** HOLE CARDS ***
Dealt to Lorpugo [3s 7s]
ninel7: folds 
dealerinthepast: folds 
SL-247: folds 
oven25: raises $0.03 to $0.05
Lorpugo: folds 
berge05c: calls $0.03
*** FLOP *** [4c 8c Qd]
berge05c: checks 
oven25: bets $0.08
berge05c: calls $0.08
*** TURN *** [4c 8c Qd] [9c]
berge05c: bets $0.02
oven25: raises $0.23 to $0.25
berge05c: folds 
Uncalled bet ($0.23) returned to oven25
oven25 collected $0.30 from pot
*** SUMMARY ***
Total pot $0.31 | Rake $0.01 
Board [4c 8c Qd 9c]
Seat 1: berge05c (big blind) folded on the Turn
Seat 2: ninel7 folded before Flop (didn't bet)
Seat 3: dealerinthepast folded before Flop (didn't bet)
Seat 4: SL-247 folded before Flop (didn't bet)
Seat 5: oven25 (button) collected ($0.30)
Seat 6: Lorpugo (small blind) folded before Flop



PokerStars Hand #240725915304:  Hold'em No Limit ($0.01/$0.02 USD) - 2022/12/27 9:30:38 ET
Table 'Geranium II' 6-max Seat #6 is the button
Seat 1: berge05c ($2.26 in chips) 
Seat 2: ninel7 ($1.05 in chips) 
Seat 3: dealerinthepast ($2.04 in chips) 
Seat 4: SL-247 ($2.20 in chips) 
Seat 5: oven25 ($2.42 in chips) 
Seat 6: Lorpugo ($2.98 in chips) 
berge05c: posts small blind $0.01
ninel7: posts big blind $0.02
*** HOLE CARDS ***
Dealt to Lorpugo [Kh 7d]
dealerinthepast: raises $0.04 to $0.06
SL-247: calls $0.06
oven25: folds 
Lorpugo: folds 
berge05c: folds 
ninel7: folds 
*** FLOP *** [6d 8c 5d]
dealerinthepast: bets $0.07
SL-247: folds 
Uncalled bet ($0.07) returned to dealerinthepast
dealerinthepast collected $0.14 from pot
dealerinthepast: doesn't show hand 
*** SUMMARY ***
Total pot $0.15 | Rake $0.01 
Board [6d 8c 5d]
Seat 1: berge05c (small blind) folded before Flop
Seat 2: ninel7 (big blind) folded before Flop
Seat 3: dealerinthepast collected ($0.14)
Seat 4: SL-247 folded on the Flop
Seat 5: oven25 folded before Flop (didn't bet)
Seat 6: Lorpugo (button) folded before Flop (didn't bet)



PokerStars Hand #240725925077:  Hold'em No Limit ($0.01/$0.02 USD) - 2022/12/27 9:31:13 ET
Table 'Geranium II' 6-max Seat #1 is the button
Seat 1: berge05c ($2.25 in chips) 
Seat 2: ninel7 ($1.03 in chips) 
Seat 3: dealerinthepast ($2.12 in chips) 
Seat 4: SL-247 ($2.14 in chips) 
Seat 5: oven25 ($2.42 in chips) 
Seat 6: Lorpugo ($2.98 in chips) 
ninel7: posts small blind $0.01
dealerinthepast: posts big blind $0.02
*** HOLE CARDS ***
Dealt to Lorpugo [2s 7c]
SL-247: folds 
oven25: calls $0.02
Lorpugo: folds 
berge05c: raises $0.04 to $0.06
ninel7: folds 
dealerinthepast: folds 
oven25: calls $0.04
*** FLOP *** [9s Jc 8d]
oven25: checks 
berge05c: bets $0.07
oven25: folds 
Uncalled bet ($0.07) returned to berge05c
berge05c collected $0.14 from pot
berge05c: doesn't show hand 
*** SUMMARY ***
Total pot $0.15 | Rake $0.01 
Board [9s Jc 8d]
Seat 1: berge05c (button) collected ($0.14)
Seat 2: ninel7 (small blind) folded before Flop
Seat 3: dealerinthepast (big blind) folded before Flop
Seat 4: SL-247 folded before Flop (didn't bet)
Seat 5: oven25 folded on the Flop
Seat 6: Lorpugo folded before Flop (didn't bet)



PokerStars Hand #240725936879:  Hold'em No Limit ($0.01/$0.02 USD) - 2022/12/27 9:31:55 ET
Table 'Geranium II' 6-max Seat #2 is the button
Seat 1: berge05c ($2.33 in chips) 
Seat 2: ninel7 ($1.02 in chips) 
Seat 3: dealerinthepast ($2.10 in chips) 
Seat 4: SL-247 ($2.14 in chips) 
Seat 5: oven25 ($2.36 in chips) 
Seat 6: Lorpugo ($2.98 in chips) 
dealerinthepast: posts small blind $0.01
SL-247: posts big blind $0.02
*** HOLE CARDS ***
Dealt to Lorpugo [8s 2d]
oven25: folds 
Lorpugo: folds 
berge05c: calls $0.02
ninel7: folds 
dealerinthepast: folds 
SL-247: checks 
*** FLOP *** [6h As Qs]
SL-247: checks 
berge05c: checks 
*** TURN *** [6h As Qs] [4h]
SL-247: checks 
berge05c: checks 
*** RIVER *** [6h As Qs 4h] [3s]
SL-247: checks 
berge05c: checks 
*** SHOW DOWN ***
SL-247: shows [8h 3h] (a pair of Threes)
berge05c: mucks hand 
SL-247 collected $0.05 from pot
*** SUMMARY ***
Total pot $0.05 | Rake $0 
Board [6h As Qs 4h 3s]
Seat 1: berge05c mucked [7h 9h]
Seat 2: ninel7 (button) folded before Flop (didn't bet)
Seat 3: dealerinthepast (small blind) folded before Flop
Seat 4: SL-247 (big blind) showed [8h 3h] and won ($0.05) with a pair of Threes
Seat 5: oven25 folded before Flop (didn't bet)
Seat 6: Lorpugo folded before Flop (didn't bet)



PokerStars Hand #240725949342:  Hold'em No Limit ($0.01/$0.02 USD) - 2022/12/27 9:32:39 ET
Table 'Geranium II' 6-max Seat #3 is the button
Seat 1: berge05c ($2.31 in chips) 
Seat 2: ninel7 ($1.02 in chips) 
Seat 3: dealerinthepast ($2.09 in chips) 
Seat 4: SL-247 ($2.17 in chips) 
Seat 5: oven25 ($2.36 in chips) 
Seat 6: Lorpugo ($2.98 in chips) 
SL-247: posts small blind $0.01
oven25: posts big blind $0.02
*** HOLE CARDS ***
Dealt to Lorpugo [6s 9c]
Lorpugo: folds 
berge05c: calls $0.02
ninel7: folds 
dealerinthepast: folds 
SL-247: folds 
oven25: raises $0.02 to $0.04
berge05c: calls $0.02
*** FLOP *** [2s 5d Jh]
oven25: checks 
berge05c: checks 
*** TURN *** [2s 5d Jh] [Jc]
oven25: bets $0.05
berge05c: folds 
Uncalled bet ($0.05) returned to oven25
oven25 collected $0.09 from pot
*** SUMMARY ***
Total pot $0.09 | Rake $0 
Board [2s 5d Jh Jc]
Seat 1: berge05c folded on the Turn
Seat 2: ninel7 folded before Flop (didn't bet)
Seat 3: dealerinthepast (button) folded before Flop (didn't bet)
Seat 4: SL-247 (small blind) folded before Flop
Seat 5: oven25 (big blind) collected ($0.09)
Seat 6: Lorpugo folded before Flop (didn't bet)



PokerStars Hand #240725962184:  Hold'em No Limit ($0.01/$0.02 USD) - 2022/12/27 9:33:23 ET
Table 'Geranium II' 6-max Seat #4 is the button
Seat 1: berge05c ($2.27 in chips) 
Seat 2: ninel7 ($1.02 in chips) 
Seat 3: dealerinthepast ($2.09 in chips) 
Seat 4: SL-247 ($2.16 in chips) 
Seat 5: oven25 ($2.41 in chips) 
Seat 6: Lorpugo ($2.98 in chips) 
oven25: posts small blind $0.01
Lorpugo: posts big blind $0.02
*** HOLE CARDS ***
Dealt to Lorpugo [7s 5h]
berge05c: calls $0.02
ninel7: raises $0.04 to $0.06
dealerinthepast: folds 
SL-247: folds 
oven25: folds 
Lorpugo: folds 
berge05c: folds 
Uncalled bet ($0.04) returned to ninel7
ninel7 collected $0.07 from pot
ninel7: doesn't show hand 
*** SUMMARY ***
Total pot $0.07 | Rake $0 
Seat 1: berge05c folded before Flop
Seat 2: ninel7 collected ($0.07)
Seat 3: dealerinthepast folded before Flop (didn't bet)
Seat 4: SL-247 (button) folded before Flop (didn't bet)
Seat 5: oven25 (small blind) folded before Flop
Seat 6: Lorpugo (big blind) folded before Flop



PokerStars Hand #240725967211:  Hold'em No Limit ($0.01/$0.02 USD) - 2022/12/27 9:33:41 ET
Table 'Geranium II' 6-max Seat #5 is the button
Seat 1: berge05c ($2.25 in chips) 
Seat 2: ninel7 ($1.07 in chips) 
Seat 3: dealerinthepast ($2.09 in chips) 
Seat 4: SL-247 ($2.16 in chips) 
Seat 5: oven25 ($2.40 in chips) 
Seat 6: Lorpugo ($2.96 in chips) 
Lorpugo: posts small blind $0.01
berge05c: posts big blind $0.02
*** HOLE CARDS ***
Dealt to Lorpugo [Kh 2s]
ninel7: folds 
dealerinthepast: folds 
SL-247: folds 
oven25: raises $0.04 to $0.06
Lorpugo: folds 
berge05c: calls $0.04
*** FLOP *** [8c Kc As]
berge05c: checks 
oven25: checks 
*** TURN *** [8c Kc As] [9s]
berge05c: bets $0.07
oven25: calls $0.07
*** RIVER *** [8c Kc As 9s] [Ks]
berge05c: bets $0.13
oven25: folds 
Uncalled bet ($0.13) returned to berge05c
berge05c collected $0.26 from pot
berge05c: doesn't show hand 
*** SUMMARY ***
Total pot $0.27 | Rake $0.01 
Board [8c Kc As 9s Ks]
Seat 1: berge05c (big blind) collected ($0.26)
Seat 2: ninel7 folded before Flop (didn't bet)
Seat 3: dealerinthepast folded before Flop (didn't bet)
Seat 4: SL-247 folded before Flop (didn't bet)
Seat 5: oven25 (button) folded on the River
Seat 6: Lorpugo (small blind) folded before Flop



PokerStars Hand #240725981046:  Hold'em No Limit ($0.01/$0.02 USD) - 2022/12/27 9:34:28 ET
Table 'Geranium II' 6-max Seat #6 is the button
Seat 1: berge05c ($2.38 in chips) 
Seat 2: ninel7 ($1.07 in chips) 
Seat 3: dealerinthepast ($2.09 in chips) 
Seat 4: SL-247 ($2.16 in chips) 
Seat 5: oven25 ($2.27 in chips) 
Seat 6: Lorpugo ($2.95 in chips) 
berge05c: posts small blind $0.01
ninel7: posts big blind $0.02
*** HOLE CARDS ***
Dealt to Lorpugo [Qs 4c]
dealerinthepast: folds 
SL-247: folds 
oven25: folds 
Lorpugo: raises $0.04 to $0.06
berge05c: folds 
ninel7: folds 
Uncalled bet ($0.04) returned to Lorpugo
Lorpugo collected $0.05 from pot
Lorpugo: doesn't show hand 
*** SUMMARY ***
Total pot $0.05 | Rake $0 
Seat 1: berge05c (small blind) folded before Flop
Seat 2: ninel7 (big blind) folded before Flop
Seat 3: dealerinthepast folded before Flop (didn't bet)
Seat 4: SL-247 folded before Flop (didn't bet)
Seat 5: oven25 folded before Flop (didn't bet)
Seat 6: Lorpugo (button) collected ($0.05)



PokerStars Hand #240725988257:  Hold'em No Limit ($0.01/$0.02 USD) - 2022/12/27 9:34:53 ET
Table 'Geranium II' 6-max Seat #1 is the button
Seat 1: berge05c ($2.37 in chips) 
Seat 2: ninel7 ($1.05 in chips) 
Seat 3: dealerinthepast ($2.09 in chips) 
Seat 4: SL-247 ($2.16 in chips) 
Seat 5: oven25 ($2.27 in chips) 
Seat 6: Lorpugo ($2.98 in chips) 
ninel7: posts small blind $0.01
dealerinthepast: posts big blind $0.02
*** HOLE CARDS ***
Dealt to Lorpugo [4s Js]
SL-247: folds 
oven25: folds 
Lorpugo: raises $0.04 to $0.06
berge05c: calls $0.06
ninel7: folds 
SL-247 leaves the table
dealerinthepast: folds 
*** FLOP *** [4c 5s 7d]
OyVish joins the table at seat #4 
Lorpugo: bets $0.09
berge05c: calls $0.09
*** TURN *** [4c 5s 7d] [9c]
Lorpugo: checks 
berge05c: bets $0.06
Lorpugo: folds 
Uncalled bet ($0.06) returned to berge05c
berge05c collected $0.32 from pot
berge05c: doesn't show hand 
*** SUMMARY ***
Total pot $0.33 | Rake $0.01 
Board [4c 5s 7d 9c]
Seat 1: berge05c (button) collected ($0.32)
Seat 2: ninel7 (small blind) folded before Flop
Seat 3: dealerinthepast (big blind) folded before Flop
Seat 4: SL-247 folded before Flop (didn't bet)
Seat 5: oven25 folded before Flop (didn't bet)
Seat 6: Lorpugo folded on the Turn



PokerStars Hand #240726005359:  Hold'em No Limit ($0.01/$0.02 USD) - 2022/12/27 9:35:53 ET
Table 'Geranium II' 6-max Seat #2 is the button
Seat 1: berge05c ($2.54 in chips) 
Seat 2: ninel7 ($1.04 in chips) 
Seat 3: dealerinthepast ($2.07 in chips) 
Seat 4: OyVish ($2 in chips) 
Seat 5: oven25 ($2.27 in chips) 
Seat 6: Lorpugo ($2.83 in chips) 
dealerinthepast: posts small blind $0.01
OyVish: posts big blind $0.02
*** HOLE CARDS ***
Dealt to Lorpugo [7c Jc]
oven25: folds 
Lorpugo: raises $0.04 to $0.06
berge05c: folds 
ninel7: calls $0.06
dealerinthepast: folds 
OyVish: folds 
*** FLOP *** [Qd Kc Ac]
Lorpugo: checks 
ninel7: bets $0.11
Lorpugo: calls $0.11
*** TURN *** [Qd Kc Ac] [Qs]
Lorpugo: checks 
ninel7: checks 
*** RIVER *** [Qd Kc Ac Qs] [9s]
Lorpugo: checks 
ninel7: checks 
*** SHOW DOWN ***
Lorpugo: shows [7c Jc] (a pair of Queens)
ninel7: shows [Kd 7d] (two pair, Kings and Queens)
ninel7 collected $0.36 from pot
*** SUMMARY ***
Total pot $0.37 | Rake $0.01 
Board [Qd Kc Ac Qs 9s]
Seat 1: berge05c folded before Flop (didn't bet)
Seat 2: ninel7 (button) showed [Kd 7d] and won ($0.36) with two pair, Kings and Queens
Seat 3: dealerinthepast (small blind) folded before Flop
Seat 4: OyVish (big blind) folded before Flop
Seat 5: oven25 folded before Flop (didn't bet)
Seat 6: Lorpugo showed [7c Jc] and lost with a pair of Queens



PokerStars Hand #240726019941:  Hold'em No Limit ($0.01/$0.02 USD) - 2022/12/27 9:36:43 ET
Table 'Geranium II' 6-max Seat #3 is the button
Seat 1: berge05c ($2.54 in chips) 
Seat 2: ninel7 ($1.23 in chips) 
Seat 3: dealerinthepast ($2.06 in chips) 
Seat 4: OyVish ($2 in chips) 
Seat 5: oven25 ($2.27 in chips) 
Seat 6: Lorpugo ($2.66 in chips) 
OyVish: posts small blind $0.01
oven25: posts big blind $0.02
*** HOLE CARDS ***
Dealt to Lorpugo [Ac Js]
Lorpugo: raises $0.04 to $0.06
berge05c: folds 
ninel7: calls $0.06
dealerinthepast: calls $0.06
OyVish: calls $0.05
oven25: folds 
*** FLOP *** [7h 9h 6h]
OyVish: checks 
Lorpugo: checks 
ninel7: bets $1.17 and is all-in
dealerinthepast: folds 
OyVish: folds 
Lorpugo: folds 
Uncalled bet ($1.17) returned to ninel7
ninel7 collected $0.25 from pot
ninel7: doesn't show hand 
*** SUMMARY ***
Total pot $0.26 | Rake $0.01 
Board [7h 9h 6h]
Seat 1: berge05c folded before Flop (didn't bet)
Seat 2: ninel7 collected ($0.25)
Seat 3: dealerinthepast (button) folded on the Flop
Seat 4: OyVish (small blind) folded on the Flop
Seat 5: oven25 (big blind) folded before Flop
Seat 6: Lorpugo folded on the Flop



PokerStars Hand #240726029133:  Hold'em No Limit ($0.01/$0.02 USD) - 2022/12/27 9:37:15 ET
Table 'Geranium II' 6-max Seat #4 is the button
Seat 1: berge05c ($2.54 in chips) 
Seat 2: ninel7 ($1.42 in chips) 
Seat 3: dealerinthepast ($2 in chips) 
Seat 4: OyVish ($2 in chips) 
Seat 6: Lorpugo ($2.60 in chips) 
Lorpugo: posts small blind $0.01
berge05c: posts big blind $0.02
*** HOLE CARDS ***
Dealt to Lorpugo [6h 7c]
ninel7: folds 
dealerinthepast: folds 
oven25 leaves the table
OyVish: folds 
Lorpugo: raises $0.04 to $0.06
berge05c: folds 
Uncalled bet ($0.04) returned to Lorpugo
Lorpugo collected $0.04 from pot
Lorpugo: doesn't show hand 
*** SUMMARY ***
Total pot $0.04 | Rake $0 
Seat 1: berge05c (big blind) folded before Flop
Seat 2: ninel7 folded before Flop (didn't bet)
Seat 3: dealerinthepast folded before Flop (didn't bet)
Seat 4: OyVish (button) folded before Flop (didn't bet)
Seat 6: Lorpugo (small blind) collected ($0.04)



PokerStars Hand #240726033053:  Hold'em No Limit ($0.01/$0.02 USD) - 2022/12/27 9:37:29 ET
Table 'Geranium II' 6-max Seat #6 is the button
Seat 1: berge05c ($2.52 in chips) 
Seat 2: ninel7 ($1.42 in chips) 
Seat 3: dealerinthepast ($2 in chips) 
Seat 4: OyVish ($2 in chips) 
Seat 6: Lorpugo ($2.62 in chips) 
berge05c: posts small blind $0.01
ninel7: posts big blind $0.02
*** HOLE CARDS ***
Dealt to Lorpugo [8d 6h]
opaganstyle joins the table at seat #5 
dealerinthepast: raises $0.04 to $0.06
OyVish: folds 
Lorpugo: folds 
berge05c: calls $0.05
ninel7: raises $0.18 to $0.24
dealerinthepast: folds 
berge05c: folds 
Uncalled bet ($0.18) returned to ninel7
ninel7 collected $0.18 from pot
ninel7: doesn't show hand 
*** SUMMARY ***
Total pot $0.18 | Rake $0 
Seat 1: berge05c (small blind) folded before Flop
Seat 2: ninel7 (big blind) collected ($0.18)
Seat 3: dealerinthepast folded before Flop
Seat 4: OyVish folded before Flop (didn't bet)
Seat 6: Lorpugo (button) folded before Flop (didn't bet)



PokerStars Hand #240726043561:  Hold'em No Limit ($0.01/$0.02 USD) - 2022/12/27 9:38:05 ET
Table 'Geranium II' 6-max Seat #1 is the button
Seat 1: berge05c ($2.46 in chips) 
Seat 2: ninel7 ($1.54 in chips) 
Seat 3: dealerinthepast ($2 in chips) 
Seat 4: OyVish ($2 in chips) 
Seat 6: Lorpugo ($2.62 in chips) 
ninel7: posts small blind $0.01
dealerinthepast: posts big blind $0.02
*** HOLE CARDS ***
Dealt to Lorpugo [3c Js]
OyVish: folds 
Lorpugo: folds 
berge05c: calls $0.02
ninel7: calls $0.01
dealerinthepast: raises $0.08 to $0.10
berge05c: calls $0.08
ninel7: calls $0.08
*** FLOP *** [6d Ah 3h]
ninel7: checks 
dealerinthepast: bets $0.15
berge05c: raises $0.15 to $0.30
ninel7: folds 
dealerinthepast: calls $0.15
*** TURN *** [6d Ah 3h] [Qs]
dealerinthepast: checks 
berge05c: bets $0.20
dealerinthepast: calls $0.20
*** RIVER *** [6d Ah 3h Qs] [Qd]
dealerinthepast: checks 
berge05c: bets $0.63
dealerinthepast: folds 
Uncalled bet ($0.63) returned to berge05c
berge05c collected $1.25 from pot
berge05c: doesn't show hand 
*** SUMMARY ***
Total pot $1.30 | Rake $0.05 
Board [6d Ah 3h Qs Qd]
Seat 1: berge05c (button) collected ($1.25)
Seat 2: ninel7 (small blind) folded on the Flop
Seat 3: dealerinthepast (big blind) folded on the River
Seat 4: OyVish folded before Flop (didn't bet)
Seat 6: Lorpugo folded before Flop (didn't bet)



PokerStars Hand #240726065843:  Hold'em No Limit ($0.01/$0.02 USD) - 2022/12/27 9:39:22 ET
Table 'Geranium II' 6-max Seat #2 is the button
Seat 1: berge05c ($3.11 in chips) 
Seat 2: ninel7 ($1.44 in chips) 
Seat 3: dealerinthepast ($2 in chips) 
Seat 4: OyVish ($2 in chips) 
Seat 6: Lorpugo ($2.62 in chips) 
dealerinthepast: posts small blind $0.01
OyVish: posts big blind $0.02
*** HOLE CARDS ***
Dealt to Lorpugo [5h Jc]
Lorpugo: folds 
berge05c: calls $0.02
ninel7: folds 
dealerinthepast: raises $0.04 to $0.06
OyVish: folds 
berge05c: calls $0.04
*** FLOP *** [9s Qc 7d]
ninel7 leaves the table
dealerinthepast: bets $0.07
berge05c: calls $0.07
*** TURN *** [9s Qc 7d] [6c]
dealerinthepast: bets $0.20
berge05c: calls $0.20
*** RIVER *** [9s Qc 7d 6c] [5s]
dealerinthepast: bets $0.50
berge05c: calls $0.50
*** SHOW DOWN ***
dealerinthepast: shows [Th Qh] (a pair of Queens)
berge05c: shows [9d 8s] (a straight, Five to Nine)
berge05c collected $1.62 from pot
*** SUMMARY ***
Total pot $1.68 | Rake $0.06 
Board [9s Qc 7d 6c 5s]
Seat 1: berge05c showed [9d 8s] and won ($1.62) with a straight, Five to Nine
Seat 2: ninel7 (button) folded before Flop (didn't bet)
Seat 3: dealerinthepast (small blind) showed [Th Qh] and lost with a pair of Queens
Seat 4: OyVish (big blind) folded before Flop
Seat 6: Lorpugo folded before Flop (didn't bet)



