PokerStars Hand #240732665455:  Hold'em No Limit ($0.01/$0.02 USD) - 2022/12/27 14:39:29 ET
Table 'Centesima' 6-max Seat #1 is the button
Seat 1: Gorilla2728 ($2.03 in chips) 
Seat 3: garikban777 ($4.25 in chips) 
Seat 4: Lorpugo ($1.60 in chips) 
Seat 5: Margit658 ($0.80 in chips) 
Seat 6: Lipaa10860 ($2.38 in chips) 
garikban777: posts small blind $0.01
Lorpugo: posts big blind $0.02
*** HOLE CARDS ***
Dealt to Lorpugo [5s 8s]
Margit658: raises $0.02 to $0.04
Lipaa10860: folds 
Gorilla2728: calls $0.04
garikban777: raises $0.06 to $0.10
Lorpugo: folds 
Margit658: calls $0.06
Gorilla2728: calls $0.06
*** FLOP *** [2s 8c 3d]
garikban777: bets $0.31
Margit658: folds 
Gorilla2728: folds 
Uncalled bet ($0.31) returned to garikban777
garikban777 collected $0.31 from pot
*** SUMMARY ***
Total pot $0.32 | Rake $0.01 
Board [2s 8c 3d]
Seat 1: Gorilla2728 (button) folded on the Flop
Seat 3: garikban777 (small blind) collected ($0.31)
Seat 4: Lorpugo (big blind) folded before Flop
Seat 5: Margit658 folded on the Flop
Seat 6: Lipaa10860 folded before Flop (didn't bet)



PokerStars Hand #240732687332:  Hold'em No Limit ($0.01/$0.02 USD) - 2022/12/27 14:40:18 ET
Table 'Centesima' 6-max Seat #3 is the button
Seat 1: Gorilla2728 ($1.93 in chips) 
Seat 3: garikban777 ($4.46 in chips) 
Seat 4: Lorpugo ($1.58 in chips) 
Seat 5: Margit658 ($0.70 in chips) 
Seat 6: Lipaa10860 ($2.38 in chips) 
Lorpugo: posts small blind $0.01
Margit658: posts big blind $0.02
*** HOLE CARDS ***
Dealt to Lorpugo [5d As]
Lipaa10860: folds 
Gorilla2728 has timed out
Gorilla2728: folds 
garikban777: raises $0.04 to $0.06
Lorpugo: raises $0.14 to $0.20
Margit658: calls $0.18
garikban777: folds 
*** FLOP *** [8d 9c Ac]
Lorpugo: checks 
Margit658: bets $0.50 and is all-in
Lorpugo: calls $0.50
*** TURN *** [8d 9c Ac] [Qc]
*** RIVER *** [8d 9c Ac Qc] [7h]
*** SHOW DOWN ***
Lorpugo: shows [5d As] (a pair of Aces)
Margit658: shows [Qs Ad] (two pair, Aces and Queens)
Margit658 collected $1.41 from pot
*** SUMMARY ***
Total pot $1.46 | Rake $0.05 
Board [8d 9c Ac Qc 7h]
Seat 1: Gorilla2728 folded before Flop (didn't bet)
Seat 3: garikban777 (button) folded before Flop
Seat 4: Lorpugo (small blind) showed [5d As] and lost with a pair of Aces
Seat 5: Margit658 (big blind) showed [Qs Ad] and won ($1.41) with two pair, Aces and Queens
Seat 6: Lipaa10860 folded before Flop (didn't bet)



PokerStars Hand #240732711851:  Hold'em No Limit ($0.01/$0.02 USD) - 2022/12/27 14:41:13 ET
Table 'Centesima' 6-max Seat #4 is the button
Seat 1: Gorilla2728 ($1.93 in chips) 
Seat 3: garikban777 ($4.40 in chips) 
Seat 4: Lorpugo ($0.88 in chips) 
Seat 5: Margit658 ($1.41 in chips) 
Seat 6: Lipaa10860 ($2.38 in chips) 
Margit658: posts small blind $0.01
Lipaa10860: posts big blind $0.02
*** HOLE CARDS ***
Dealt to Lorpugo [4c 3d]
Gorilla2728: folds 
garikban777: folds 
nicolassc_83 leaves the table
Lorpugo: folds 
AFNpoker joins the table at seat #2 
Margit658: folds 
Uncalled bet ($0.01) returned to Lipaa10860
Lipaa10860 collected $0.02 from pot
Lipaa10860: doesn't show hand 
*** SUMMARY ***
Total pot $0.02 | Rake $0 
Seat 1: Gorilla2728 folded before Flop (didn't bet)
Seat 3: garikban777 folded before Flop (didn't bet)
Seat 4: Lorpugo (button) folded before Flop (didn't bet)
Seat 5: Margit658 (small blind) folded before Flop
Seat 6: Lipaa10860 (big blind) collected ($0.02)



PokerStars Hand #240732719477:  Hold'em No Limit ($0.01/$0.02 USD) - 2022/12/27 14:41:30 ET
Table 'Centesima' 6-max Seat #5 is the button
Seat 1: Gorilla2728 ($1.93 in chips) 
Seat 3: garikban777 ($4.40 in chips) 
Seat 4: Lorpugo ($1.68 in chips) 
Seat 5: Margit658 ($1.40 in chips) 
Seat 6: Lipaa10860 ($2.39 in chips) 
Lipaa10860: posts small blind $0.01
Gorilla2728: posts big blind $0.02
AFNpoker is connected 
*** HOLE CARDS ***
Dealt to Lorpugo [Th 9d]
garikban777: folds 
Lorpugo: raises $0.04 to $0.06
Margit658: folds 
Lipaa10860: raises $0.16 to $0.22
Gorilla2728: folds 
Lorpugo: folds 
Uncalled bet ($0.16) returned to Lipaa10860
Lipaa10860 collected $0.14 from pot
Lipaa10860: doesn't show hand 
*** SUMMARY ***
Total pot $0.14 | Rake $0 
Seat 1: Gorilla2728 (big blind) folded before Flop
Seat 3: garikban777 folded before Flop (didn't bet)
Seat 4: Lorpugo folded before Flop
Seat 5: Margit658 (button) folded before Flop (didn't bet)
Seat 6: Lipaa10860 (small blind) collected ($0.14)



PokerStars Hand #240732731001:  Hold'em No Limit ($0.01/$0.02 USD) - 2022/12/27 14:41:56 ET
Table 'Centesima' 6-max Seat #6 is the button
Seat 1: Gorilla2728 ($1.91 in chips) 
Seat 2: AFNpoker ($1.60 in chips) 
Seat 3: garikban777 ($4.40 in chips) 
Seat 4: Lorpugo ($1.62 in chips) 
Seat 5: Margit658 ($1.40 in chips) 
Seat 6: Lipaa10860 ($2.47 in chips) 
Gorilla2728: posts small blind $0.01
AFNpoker: posts big blind $0.02
*** HOLE CARDS ***
Dealt to Lorpugo [Ac 9h]
garikban777: raises $0.02 to $0.04
Lorpugo: raises $0.11 to $0.15
Margit658: folds 
Lipaa10860: folds 
Gorilla2728: folds 
AFNpoker: folds 
garikban777: folds 
Uncalled bet ($0.11) returned to Lorpugo
Lorpugo collected $0.11 from pot
Lorpugo: doesn't show hand 
*** SUMMARY ***
Total pot $0.11 | Rake $0 
Seat 1: Gorilla2728 (small blind) folded before Flop
Seat 2: AFNpoker (big blind) folded before Flop
Seat 3: garikban777 folded before Flop
Seat 4: Lorpugo collected ($0.11)
Seat 5: Margit658 folded before Flop (didn't bet)
Seat 6: Lipaa10860 (button) folded before Flop (didn't bet)



PokerStars Hand #240732742461:  Hold'em No Limit ($0.01/$0.02 USD) - 2022/12/27 14:42:22 ET
Table 'Centesima' 6-max Seat #1 is the button
Seat 1: Gorilla2728 ($1.90 in chips) 
Seat 2: AFNpoker ($1.58 in chips) 
Seat 3: garikban777 ($4.36 in chips) 
Seat 4: Lorpugo ($1.69 in chips) 
Seat 5: Margit658 ($1.40 in chips) 
Seat 6: Lipaa10860 ($2.47 in chips) 
AFNpoker: posts small blind $0.01
garikban777: posts big blind $0.02
*** HOLE CARDS ***
Dealt to Lorpugo [6c Qd]
Lorpugo: folds 
Margit658: calls $0.02
Lipaa10860: raises $0.05 to $0.07
Gorilla2728: folds 
AFNpoker: folds 
garikban777: folds 
Margit658: folds 
Uncalled bet ($0.05) returned to Lipaa10860
Lipaa10860 collected $0.07 from pot
Lipaa10860: doesn't show hand 
*** SUMMARY ***
Total pot $0.07 | Rake $0 
Seat 1: Gorilla2728 (button) folded before Flop (didn't bet)
Seat 2: AFNpoker (small blind) folded before Flop
Seat 3: garikban777 (big blind) folded before Flop
Seat 4: Lorpugo folded before Flop (didn't bet)
Seat 5: Margit658 folded before Flop
Seat 6: Lipaa10860 collected ($0.07)



PokerStars Hand #240732754213:  Hold'em No Limit ($0.01/$0.02 USD) - 2022/12/27 14:42:48 ET
Table 'Centesima' 6-max Seat #2 is the button
Seat 1: Gorilla2728 ($1.90 in chips) 
Seat 2: AFNpoker ($1.57 in chips) 
Seat 3: garikban777 ($4.34 in chips) 
Seat 4: Lorpugo ($1.69 in chips) 
Seat 5: Margit658 ($1.38 in chips) 
Seat 6: Lipaa10860 ($2.52 in chips) 
garikban777: posts small blind $0.01
Lorpugo: posts big blind $0.02
*** HOLE CARDS ***
Dealt to Lorpugo [9d Tc]
Margit658: folds 
Lipaa10860: raises $0.04 to $0.06
Gorilla2728: folds 
AFNpoker: folds 
AFNpoker leaves the table
garikban777: folds 
Lorpugo: calls $0.04
*** FLOP *** [Th 5h Ac]
Lorpugo: checks 
Lipaa10860: bets $0.10
Lorpugo: calls $0.10
*** TURN *** [Th 5h Ac] [Ks]
Lorpugo: checks 
Lipaa10860: bets $0.16
Lorpugo: folds 
Uncalled bet ($0.16) returned to Lipaa10860
Lipaa10860 collected $0.32 from pot
Lipaa10860: doesn't show hand 
*** SUMMARY ***
Total pot $0.33 | Rake $0.01 
Board [Th 5h Ac Ks]
Seat 1: Gorilla2728 folded before Flop (didn't bet)
Seat 2: AFNpoker (button) folded before Flop (didn't bet)
Seat 3: garikban777 (small blind) folded before Flop
Seat 4: Lorpugo (big blind) folded on the Turn
Seat 5: Margit658 folded before Flop (didn't bet)
Seat 6: Lipaa10860 collected ($0.32)



PokerStars Hand #240732774283:  Hold'em No Limit ($0.01/$0.02 USD) - 2022/12/27 14:43:33 ET
Table 'Centesima' 6-max Seat #3 is the button
Seat 1: Gorilla2728 ($1.90 in chips) 
Seat 3: garikban777 ($4.33 in chips) 
Seat 4: Lorpugo ($1.53 in chips) 
Seat 5: Margit658 ($1.38 in chips) 
Seat 6: Lipaa10860 ($2.68 in chips) 
Lorpugo: posts small blind $0.01
Margit658: posts big blind $0.02
*** HOLE CARDS ***
Dealt to Lorpugo [3c Ks]
Lipaa10860: folds 
Gorilla2728: folds 
garikban777: raises $0.02 to $0.04
Lorpugo: folds 
Margit658: folds 
Uncalled bet ($0.02) returned to garikban777
garikban777 collected $0.05 from pot
*** SUMMARY ***
Total pot $0.05 | Rake $0 
Seat 1: Gorilla2728 folded before Flop (didn't bet)
Seat 3: garikban777 (button) collected ($0.05)
Seat 4: Lorpugo (small blind) folded before Flop
Seat 5: Margit658 (big blind) folded before Flop
Seat 6: Lipaa10860 folded before Flop (didn't bet)



PokerStars Hand #240732781161:  Hold'em No Limit ($0.01/$0.02 USD) - 2022/12/27 14:43:48 ET
Table 'Centesima' 6-max Seat #4 is the button
Seat 1: Gorilla2728 ($1.90 in chips) 
Seat 3: garikban777 ($4.36 in chips) 
Seat 4: Lorpugo ($1.52 in chips) 
Seat 5: Margit658 ($1.36 in chips) 
Seat 6: Lipaa10860 ($2.68 in chips) 
Margit658: posts small blind $0.01
Lipaa10860: posts big blind $0.02
*** HOLE CARDS ***
Dealt to Lorpugo [4s 2h]
jaimeco222 joins the table at seat #2 
Gorilla2728: folds 
garikban777: folds 
Lorpugo: folds 
Margit658: folds 
Uncalled bet ($0.01) returned to Lipaa10860
Lipaa10860 collected $0.02 from pot
Lipaa10860: doesn't show hand 
*** SUMMARY ***
Total pot $0.02 | Rake $0 
Seat 1: Gorilla2728 folded before Flop (didn't bet)
Seat 3: garikban777 folded before Flop (didn't bet)
Seat 4: Lorpugo (button) folded before Flop (didn't bet)
Seat 5: Margit658 (small blind) folded before Flop
Seat 6: Lipaa10860 (big blind) collected ($0.02)



PokerStars Hand #240732786461:  Hold'em No Limit ($0.01/$0.02 USD) - 2022/12/27 14:44:00 ET
Table 'Centesima' 6-max Seat #5 is the button
Seat 1: Gorilla2728 ($1.90 in chips) 
Seat 3: garikban777 ($4.36 in chips) 
Seat 4: Lorpugo ($1.52 in chips) 
Seat 5: Margit658 ($1.35 in chips) 
Seat 6: Lipaa10860 ($2.69 in chips) 
Lipaa10860: posts small blind $0.01
Gorilla2728: posts big blind $0.02
*** HOLE CARDS ***
Dealt to Lorpugo [5c 3s]
garikban777: calls $0.02
Lorpugo: folds 
Margit658: folds 
Lipaa10860: folds 
Gorilla2728: checks 
*** FLOP *** [2h 7h 3d]
Gorilla2728: checks 
garikban777: bets $0.03
Gorilla2728: folds 
Uncalled bet ($0.03) returned to garikban777
garikban777 collected $0.05 from pot
*** SUMMARY ***
Total pot $0.05 | Rake $0 
Board [2h 7h 3d]
Seat 1: Gorilla2728 (big blind) folded on the Flop
Seat 3: garikban777 collected ($0.05)
Seat 4: Lorpugo folded before Flop (didn't bet)
Seat 5: Margit658 (button) folded before Flop (didn't bet)
Seat 6: Lipaa10860 (small blind) folded before Flop



PokerStars Hand #240732813124:  Hold'em No Limit ($0.01/$0.02 USD) - 2022/12/27 14:45:00 ET
Table 'Centesima' 6-max Seat #6 is the button
Seat 1: Gorilla2728 ($1.88 in chips) 
Seat 2: jaimeco222 ($2 in chips) 
Seat 3: garikban777 ($4.39 in chips) 
Seat 4: Lorpugo ($1.52 in chips) 
Seat 5: Margit658 ($1.35 in chips) 
Seat 6: Lipaa10860 ($2.68 in chips) 
Gorilla2728: posts small blind $0.01
jaimeco222: posts big blind $0.02
*** HOLE CARDS ***
Dealt to Lorpugo [2s 2h]
garikban777: folds 
Lorpugo: raises $0.04 to $0.06
Margit658: calls $0.06
Lipaa10860: folds 
Gorilla2728: calls $0.05
jaimeco222: folds 
*** FLOP *** [Ks Td Ad]
Gorilla2728: checks 
Lorpugo: checks 
Margit658: bets $0.06
Gorilla2728: folds 
Lorpugo: folds 
Uncalled bet ($0.06) returned to Margit658
Margit658 collected $0.19 from pot
Margit658: doesn't show hand 
*** SUMMARY ***
Total pot $0.20 | Rake $0.01 
Board [Ks Td Ad]
Seat 1: Gorilla2728 (small blind) folded on the Flop
Seat 2: jaimeco222 (big blind) folded before Flop
Seat 3: garikban777 folded before Flop (didn't bet)
Seat 4: Lorpugo folded on the Flop
Seat 5: Margit658 collected ($0.19)
Seat 6: Lipaa10860 (button) folded before Flop (didn't bet)



PokerStars Hand #240732828845:  Hold'em No Limit ($0.01/$0.02 USD) - 2022/12/27 14:45:35 ET
Table 'Centesima' 6-max Seat #1 is the button
Seat 1: Gorilla2728 ($1.82 in chips) 
Seat 2: jaimeco222 ($2 in chips) 
Seat 3: garikban777 ($4.39 in chips) 
Seat 4: Lorpugo ($1.46 in chips) 
Seat 5: Margit658 ($1.48 in chips) 
jaimeco222: posts small blind $0.01
garikban777: posts big blind $0.02
*** HOLE CARDS ***
Dealt to Lorpugo [8c Jc]
Lorpugo: raises $0.04 to $0.06
Margit658: folds 
Gorilla2728: folds 
jaimeco222: calls $0.05
garikban777: folds 
*** FLOP *** [9d Tc 6h]
jaimeco222: checks 
Lorpugo: bets $0.09
jaimeco222: folds 
Uncalled bet ($0.09) returned to Lorpugo
Lorpugo collected $0.14 from pot
Lorpugo: doesn't show hand 
*** SUMMARY ***
Total pot $0.14 | Rake $0 
Board [9d Tc 6h]
Seat 1: Gorilla2728 (button) folded before Flop (didn't bet)
Seat 2: jaimeco222 (small blind) folded on the Flop
Seat 3: garikban777 (big blind) folded before Flop
Seat 4: Lorpugo collected ($0.14)
Seat 5: Margit658 folded before Flop (didn't bet)



PokerStars Hand #240732844752:  Hold'em No Limit ($0.01/$0.02 USD) - 2022/12/27 14:46:11 ET
Table 'Centesima' 6-max Seat #2 is the button
Seat 1: Gorilla2728 ($1.82 in chips) 
Seat 2: jaimeco222 ($2 in chips) 
Seat 3: garikban777 ($4.37 in chips) 
Seat 4: Lorpugo ($1.54 in chips) 
Seat 5: Margit658 ($1.48 in chips) 
garikban777: posts small blind $0.01
Lorpugo: posts big blind $0.02
*** HOLE CARDS ***
Dealt to Lorpugo [Ac Jd]
Margit658: folds 
Gorilla2728: folds 
jaimeco222: raises $0.04 to $0.06
garikban777: folds 
Lorpugo: raises $0.13 to $0.19
jaimeco222: raises $0.39 to $0.58
Lorpugo: folds 
Uncalled bet ($0.39) returned to jaimeco222
jaimeco222 collected $0.39 from pot
jaimeco222: doesn't show hand 
*** SUMMARY ***
Total pot $0.39 | Rake $0 
Seat 1: Gorilla2728 folded before Flop (didn't bet)
Seat 2: jaimeco222 (button) collected ($0.39)
Seat 3: garikban777 (small blind) folded before Flop
Seat 4: Lorpugo (big blind) folded before Flop
Seat 5: Margit658 folded before Flop (didn't bet)



PokerStars Hand #240732861817:  Hold'em No Limit ($0.01/$0.02 USD) - 2022/12/27 14:46:49 ET
Table 'Centesima' 6-max Seat #3 is the button
Seat 1: Gorilla2728 ($1.82 in chips) 
Seat 2: jaimeco222 ($2.20 in chips) 
Seat 3: garikban777 ($4.36 in chips) 
Seat 4: Lorpugo ($1.35 in chips) 
Seat 5: Margit658 ($1.48 in chips) 
Lorpugo: posts small blind $0.01
Margit658: posts big blind $0.02
*** HOLE CARDS ***
Dealt to Lorpugo [Ks 7s]
Gorilla2728: folds 
jaimeco222: folds 
garikban777: folds 
Lorpugo: raises $0.04 to $0.06
Margit658: calls $0.04
*** FLOP *** [As 6h 4d]
Lorpugo: bets $0.06
Margit658: raises $1.36 to $1.42 and is all-in
Lorpugo: folds 
Uncalled bet ($1.36) returned to Margit658
Margit658 collected $0.23 from pot
Margit658: doesn't show hand 
*** SUMMARY ***
Total pot $0.24 | Rake $0.01 
Board [As 6h 4d]
Seat 1: Gorilla2728 folded before Flop (didn't bet)
Seat 2: jaimeco222 folded before Flop (didn't bet)
Seat 3: garikban777 (button) folded before Flop (didn't bet)
Seat 4: Lorpugo (small blind) folded on the Flop
Seat 5: Margit658 (big blind) collected ($0.23)



PokerStars Hand #240732876368:  Hold'em No Limit ($0.01/$0.02 USD) - 2022/12/27 14:47:22 ET
Table 'Centesima' 6-max Seat #4 is the button
Seat 1: Gorilla2728 ($1.82 in chips) 
Seat 2: jaimeco222 ($2.20 in chips) 
Seat 3: garikban777 ($4.36 in chips) 
Seat 4: Lorpugo ($1.23 in chips) 
Seat 5: Margit658 ($1.59 in chips) 
Margit658: posts small blind $0.01
Gorilla2728: posts big blind $0.02
*** HOLE CARDS ***
Dealt to Lorpugo [Jc Jh]
jaimeco222: folds 
garikban777: folds 
Lorpugo: raises $0.04 to $0.06
Margit658: folds 
Gorilla2728: folds 
Uncalled bet ($0.04) returned to Lorpugo
Lorpugo collected $0.05 from pot
Lorpugo: doesn't show hand 
*** SUMMARY ***
Total pot $0.05 | Rake $0 
Seat 1: Gorilla2728 (big blind) folded before Flop
Seat 2: jaimeco222 folded before Flop (didn't bet)
Seat 3: garikban777 folded before Flop (didn't bet)
Seat 4: Lorpugo (button) collected ($0.05)
Seat 5: Margit658 (small blind) folded before Flop



PokerStars Hand #240732883464:  Hold'em No Limit ($0.01/$0.02 USD) - 2022/12/27 14:47:38 ET
Table 'Centesima' 6-max Seat #5 is the button
Seat 1: Gorilla2728 ($1.80 in chips) 
Seat 2: jaimeco222 ($2.20 in chips) 
Seat 3: garikban777 ($4.36 in chips) 
Seat 4: Lorpugo ($1.26 in chips) 
Seat 5: Margit658 ($1.58 in chips) 
Gorilla2728: posts small blind $0.01
jaimeco222: posts big blind $0.02
*** HOLE CARDS ***
Dealt to Lorpugo [4s 7d]
garikban777: folds 
Lorpugo: folds 
Margit658: folds 
Gorilla2728: raises $0.04 to $0.06
jaimeco222: calls $0.04
*** FLOP *** [Qd 6d 3d]
Gorilla2728: checks 
jaimeco222: bets $0.04
Gorilla2728: folds 
Uncalled bet ($0.04) returned to jaimeco222
jaimeco222 collected $0.12 from pot
jaimeco222: doesn't show hand 
*** SUMMARY ***
Total pot $0.12 | Rake $0 
Board [Qd 6d 3d]
Seat 1: Gorilla2728 (small blind) folded on the Flop
Seat 2: jaimeco222 (big blind) collected ($0.12)
Seat 3: garikban777 folded before Flop (didn't bet)
Seat 4: Lorpugo folded before Flop (didn't bet)
Seat 5: Margit658 (button) folded before Flop (didn't bet)



PokerStars Hand #240732896354:  Hold'em No Limit ($0.01/$0.02 USD) - 2022/12/27 14:48:07 ET
Table 'Centesima' 6-max Seat #1 is the button
Seat 1: Gorilla2728 ($1.74 in chips) 
Seat 2: jaimeco222 ($2.26 in chips) 
Seat 3: garikban777 ($4.36 in chips) 
Seat 4: Lorpugo ($1.26 in chips) 
Seat 5: Margit658 ($1.58 in chips) 
jaimeco222: posts small blind $0.01
garikban777: posts big blind $0.02
*** HOLE CARDS ***
Dealt to Lorpugo [7c Qd]
Lorpugo: folds 
Margit658: calls $0.02
Gorilla2728: calls $0.02
jaimeco222: folds 
garikban777: raises $0.04 to $0.06
Margit658: calls $0.04
Gorilla2728: calls $0.04
*** FLOP *** [7s Ad 3h]
garikban777: bets $0.11
Margit658: folds 
Gorilla2728: calls $0.11
*** TURN *** [7s Ad 3h] [4h]
garikban777: bets $0.20
Gorilla2728: folds 
Uncalled bet ($0.20) returned to garikban777
garikban777 collected $0.40 from pot
*** SUMMARY ***
Total pot $0.41 | Rake $0.01 
Board [7s Ad 3h 4h]
Seat 1: Gorilla2728 (button) folded on the Turn
Seat 2: jaimeco222 (small blind) folded before Flop
Seat 3: garikban777 (big blind) collected ($0.40)
Seat 4: Lorpugo folded before Flop (didn't bet)
Seat 5: Margit658 folded on the Flop



PokerStars Hand #240732924719:  Hold'em No Limit ($0.01/$0.02 USD) - 2022/12/27 14:49:10 ET
Table 'Centesima' 6-max Seat #2 is the button
Seat 1: Gorilla2728 ($1.57 in chips) 
Seat 2: jaimeco222 ($2.25 in chips) 
Seat 3: garikban777 ($4.59 in chips) 
Seat 4: Lorpugo ($1.26 in chips) 
Seat 5: Margit658 ($1.52 in chips) 
garikban777: posts small blind $0.01
Lorpugo: posts big blind $0.02
*** HOLE CARDS ***
Dealt to Lorpugo [9c Qd]
Margit658: folds 
Gorilla2728: folds 
jaimeco222: folds 
garikban777: calls $0.01
Lorpugo: checks 
*** FLOP *** [Qh As 7d]
garikban777: checks 
Lorpugo: bets $0.02
Margit658 leaves the table
garikban777: folds 
Uncalled bet ($0.02) returned to Lorpugo
Lorpugo collected $0.04 from pot
Lorpugo: doesn't show hand 
*** SUMMARY ***
Total pot $0.04 | Rake $0 
Board [Qh As 7d]
Seat 1: Gorilla2728 folded before Flop (didn't bet)
Seat 2: jaimeco222 (button) folded before Flop (didn't bet)
Seat 3: garikban777 (small blind) folded on the Flop
Seat 4: Lorpugo (big blind) collected ($0.04)
Seat 5: Margit658 folded before Flop (didn't bet)



PokerStars Hand #240732934977:  Hold'em No Limit ($0.01/$0.02 USD) - 2022/12/27 14:49:33 ET
Table 'Centesima' 6-max Seat #3 is the button
Seat 1: Gorilla2728 ($1.57 in chips) 
Seat 2: jaimeco222 ($2.25 in chips) 
Seat 3: garikban777 ($4.57 in chips) 
Seat 4: Lorpugo ($1.28 in chips) 
Lorpugo: posts small blind $0.01
Gorilla2728: posts big blind $0.02
*** HOLE CARDS ***
Dealt to Lorpugo [2h 7d]
jaimeco222: folds 
garikban777: raises $0.02 to $0.04
Lorpugo: folds 
Gorilla2728: calls $0.02
*** FLOP *** [8c 2c Tc]
Dorkion joins the table at seat #5 
Gorilla2728: bets $0.06
garikban777: folds 
Uncalled bet ($0.06) returned to Gorilla2728
Gorilla2728 collected $0.09 from pot
*** SUMMARY ***
Total pot $0.09 | Rake $0 
Board [8c 2c Tc]
Seat 1: Gorilla2728 (big blind) collected ($0.09)
Seat 2: jaimeco222 folded before Flop (didn't bet)
Seat 3: garikban777 (button) folded on the Flop
Seat 4: Lorpugo (small blind) folded before Flop



PokerStars Hand #240732947308:  Hold'em No Limit ($0.01/$0.02 USD) - 2022/12/27 14:50:00 ET
Table 'Centesima' 6-max Seat #4 is the button
Seat 1: Gorilla2728 ($1.62 in chips) 
Seat 2: jaimeco222 ($2.25 in chips) 
Seat 3: garikban777 ($4.53 in chips) 
Seat 4: Lorpugo ($1.27 in chips) 
Gorilla2728: posts small blind $0.01
jaimeco222: posts big blind $0.02
*** HOLE CARDS ***
Dealt to Lorpugo [7s Ac]
garikban777: folds 
Lorpugo: raises $0.04 to $0.06
Gorilla2728: folds 
jaimeco222: folds 
Uncalled bet ($0.04) returned to Lorpugo
Lorpugo collected $0.05 from pot
Lorpugo: doesn't show hand 
*** SUMMARY ***
Total pot $0.05 | Rake $0 
Seat 1: Gorilla2728 (small blind) folded before Flop
Seat 2: jaimeco222 (big blind) folded before Flop
Seat 3: garikban777 folded before Flop (didn't bet)
Seat 4: Lorpugo (button) collected ($0.05)



PokerStars Hand #240732953202:  Hold'em No Limit ($0.01/$0.02 USD) - 2022/12/27 14:50:14 ET
Table 'Centesima' 6-max Seat #1 is the button
Seat 1: Gorilla2728 ($1.61 in chips) 
Seat 2: jaimeco222 ($2.23 in chips) 
Seat 3: garikban777 ($4.53 in chips) 
Seat 4: Lorpugo ($1.30 in chips) 
jaimeco222: posts small blind $0.01
garikban777: posts big blind $0.02
*** HOLE CARDS ***
Dealt to Lorpugo [Qh 6s]
Lorpugo: folds 
Gorilla2728: folds 
jaimeco222: raises $0.03 to $0.05
garikban777: folds 
Uncalled bet ($0.03) returned to jaimeco222
jaimeco222 collected $0.04 from pot
jaimeco222: doesn't show hand 
*** SUMMARY ***
Total pot $0.04 | Rake $0 
Seat 1: Gorilla2728 (button) folded before Flop (didn't bet)
Seat 2: jaimeco222 (small blind) collected ($0.04)
Seat 3: garikban777 (big blind) folded before Flop
Seat 4: Lorpugo folded before Flop (didn't bet)



PokerStars Hand #240732961508:  Hold'em No Limit ($0.01/$0.02 USD) - 2022/12/27 14:50:32 ET
Table 'Centesima' 6-max Seat #2 is the button
Seat 1: Gorilla2728 ($1.61 in chips) 
Seat 2: jaimeco222 ($2.25 in chips) 
Seat 3: garikban777 ($4.51 in chips) 
Seat 4: Lorpugo ($1.30 in chips) 
garikban777: posts small blind $0.01
Lorpugo: posts big blind $0.02
*** HOLE CARDS ***
Dealt to Lorpugo [Qs Td]
Gorilla2728: raises $0.04 to $0.06
jaimeco222: folds 
garikban777: folds 
Lorpugo: calls $0.04
*** FLOP *** [4d Ks 8d]
Lorpugo: checks 
Gorilla2728: bets $0.07
Lorpugo: folds 
Uncalled bet ($0.07) returned to Gorilla2728
Gorilla2728 collected $0.13 from pot
*** SUMMARY ***
Total pot $0.13 | Rake $0 
Board [4d Ks 8d]
Seat 1: Gorilla2728 collected ($0.13)
Seat 2: jaimeco222 (button) folded before Flop (didn't bet)
Seat 3: garikban777 (small blind) folded before Flop
Seat 4: Lorpugo (big blind) folded on the Flop



PokerStars Hand #240732975021:  Hold'em No Limit ($0.01/$0.02 USD) - 2022/12/27 14:51:03 ET
Table 'Centesima' 6-max Seat #3 is the button
Seat 1: Gorilla2728 ($1.68 in chips) 
Seat 2: jaimeco222 ($2.25 in chips) 
Seat 3: garikban777 ($4.50 in chips) 
Seat 4: Lorpugo ($1.24 in chips) 
Seat 5: Dorkion ($2 in chips) 
Lorpugo: posts small blind $0.01
Dorkion: posts big blind $0.02
*** HOLE CARDS ***
Dealt to Lorpugo [9d 2c]
Gorilla2728: folds 
jaimeco222: folds 
garikban777: raises $0.02 to $0.04
Lorpugo: folds 
Dorkion: calls $0.02
*** FLOP *** [7d 4s Ac]
Dorkion: checks 
garikban777: bets $0.05
Dorkion: calls $0.05
*** TURN *** [7d 4s Ac] [Qs]
Dorkion: checks 
garikban777: checks 
*** RIVER *** [7d 4s Ac Qs] [Qh]
Dorkion: bets $0.06
garikban777: calls $0.06
*** SHOW DOWN ***
Dorkion: shows [3c As] (two pair, Aces and Queens)
garikban777: shows [Ad 2h] (two pair, Aces and Queens)
Dorkion collected $0.15 from pot
garikban777 collected $0.15 from pot
*** SUMMARY ***
Total pot $0.31 | Rake $0.01 
Board [7d 4s Ac Qs Qh]
Seat 1: Gorilla2728 folded before Flop (didn't bet)
Seat 2: jaimeco222 folded before Flop (didn't bet)
Seat 3: garikban777 (button) showed [Ad 2h] and won ($0.15) with two pair, Aces and Queens
Seat 4: Lorpugo (small blind) folded before Flop
Seat 5: Dorkion (big blind) showed [3c As] and won ($0.15) with two pair, Aces and Queens



PokerStars Hand #240732992609:  Hold'em No Limit ($0.01/$0.02 USD) - 2022/12/27 14:51:42 ET
Table 'Centesima' 6-max Seat #4 is the button
Seat 1: Gorilla2728 ($1.68 in chips) 
Seat 2: jaimeco222 ($2.25 in chips) 
Seat 3: garikban777 ($4.50 in chips) 
Seat 4: Lorpugo ($1.23 in chips) 
Seat 5: Dorkion ($2 in chips) 
Seat 6: Lipaa10860 ($2.68 in chips) 
Dorkion: posts small blind $0.01
Lipaa10860: posts big blind $0.02
*** HOLE CARDS ***
Dealt to Lorpugo [Tc Ad]
Gorilla2728: folds 
jaimeco222: folds 
garikban777: raises $0.02 to $0.04
Lorpugo: raises $0.11 to $0.15
Dorkion: folds 
Lipaa10860: folds 
garikban777: folds 
Uncalled bet ($0.11) returned to Lorpugo
Lorpugo collected $0.11 from pot
Lorpugo: doesn't show hand 
*** SUMMARY ***
Total pot $0.11 | Rake $0 
Seat 1: Gorilla2728 folded before Flop (didn't bet)
Seat 2: jaimeco222 folded before Flop (didn't bet)
Seat 3: garikban777 folded before Flop
Seat 4: Lorpugo (button) collected ($0.11)
Seat 5: Dorkion (small blind) folded before Flop
Seat 6: Lipaa10860 (big blind) folded before Flop



PokerStars Hand #240733000751:  Hold'em No Limit ($0.01/$0.02 USD) - 2022/12/27 14:52:00 ET
Table 'Centesima' 6-max Seat #5 is the button
Seat 1: Gorilla2728 ($1.68 in chips) 
Seat 2: jaimeco222 ($2.25 in chips) 
Seat 3: garikban777 ($4.46 in chips) 
Seat 4: Lorpugo ($1.30 in chips) 
Seat 5: Dorkion ($2 in chips) 
Seat 6: Lipaa10860 ($2.66 in chips) 
Lipaa10860: posts small blind $0.01
Gorilla2728: posts big blind $0.02
*** HOLE CARDS ***
Dealt to Lorpugo [3c 5c]
jaimeco222: folds 
garikban777: folds 
Lorpugo: raises $0.04 to $0.06
Dorkion: folds 
Lipaa10860: folds 
Gorilla2728: folds 
Uncalled bet ($0.04) returned to Lorpugo
Lorpugo collected $0.05 from pot
Lorpugo: doesn't show hand 
*** SUMMARY ***
Total pot $0.05 | Rake $0 
Seat 1: Gorilla2728 (big blind) folded before Flop
Seat 2: jaimeco222 folded before Flop (didn't bet)
Seat 3: garikban777 folded before Flop (didn't bet)
Seat 4: Lorpugo collected ($0.05)
Seat 5: Dorkion (button) folded before Flop (didn't bet)
Seat 6: Lipaa10860 (small blind) folded before Flop



PokerStars Hand #240733008778:  Hold'em No Limit ($0.01/$0.02 USD) - 2022/12/27 14:52:18 ET
Table 'Centesima' 6-max Seat #6 is the button
Seat 1: Gorilla2728 ($1.66 in chips) 
Seat 2: jaimeco222 ($2.25 in chips) 
Seat 3: garikban777 ($4.46 in chips) 
Seat 4: Lorpugo ($1.33 in chips) 
Seat 5: Dorkion ($2 in chips) 
Seat 6: Lipaa10860 ($2.65 in chips) 
Gorilla2728: posts small blind $0.01
jaimeco222: posts big blind $0.02
*** HOLE CARDS ***
Dealt to Lorpugo [3d 7d]
garikban777: folds 
Lorpugo: folds 
Dorkion: folds 
Lipaa10860: raises $0.03 to $0.05
Gorilla2728: folds 
jaimeco222: folds 
Uncalled bet ($0.03) returned to Lipaa10860
Lipaa10860 collected $0.05 from pot
Lipaa10860: doesn't show hand 
*** SUMMARY ***
Total pot $0.05 | Rake $0 
Seat 1: Gorilla2728 (small blind) folded before Flop
Seat 2: jaimeco222 (big blind) folded before Flop
Seat 3: garikban777 folded before Flop (didn't bet)
Seat 4: Lorpugo folded before Flop (didn't bet)
Seat 5: Dorkion folded before Flop (didn't bet)
Seat 6: Lipaa10860 (button) collected ($0.05)



PokerStars Hand #240733017661:  Hold'em No Limit ($0.01/$0.02 USD) - 2022/12/27 14:52:38 ET
Table 'Centesima' 6-max Seat #1 is the button
Seat 1: Gorilla2728 ($1.65 in chips) 
Seat 2: jaimeco222 ($2.23 in chips) 
Seat 3: garikban777 ($4.46 in chips) 
Seat 4: Lorpugo ($1.33 in chips) 
Seat 5: Dorkion ($2 in chips) 
Seat 6: Lipaa10860 ($2.68 in chips) 
jaimeco222: posts small blind $0.01
garikban777: posts big blind $0.02
*** HOLE CARDS ***
Dealt to Lorpugo [6h 8d]
Lorpugo: folds 
Dorkion: folds 
Lipaa10860: folds 
Gorilla2728: raises $0.04 to $0.06
jaimeco222: folds 
garikban777: folds 
Uncalled bet ($0.04) returned to Gorilla2728
Gorilla2728 collected $0.05 from pot
*** SUMMARY ***
Total pot $0.05 | Rake $0 
Seat 1: Gorilla2728 (button) collected ($0.05)
Seat 2: jaimeco222 (small blind) folded before Flop
Seat 3: garikban777 (big blind) folded before Flop
Seat 4: Lorpugo folded before Flop (didn't bet)
Seat 5: Dorkion folded before Flop (didn't bet)
Seat 6: Lipaa10860 folded before Flop (didn't bet)



PokerStars Hand #240733026707:  Hold'em No Limit ($0.01/$0.02 USD) - 2022/12/27 14:52:58 ET
Table 'Centesima' 6-max Seat #2 is the button
Seat 1: Gorilla2728 ($1.68 in chips) 
Seat 2: jaimeco222 ($2.22 in chips) 
Seat 3: garikban777 ($4.44 in chips) 
Seat 4: Lorpugo ($1.33 in chips) 
Seat 5: Dorkion ($2 in chips) 
Seat 6: Lipaa10860 ($2.68 in chips) 
garikban777: posts small blind $0.01
Lorpugo: posts big blind $0.02
*** HOLE CARDS ***
Dealt to Lorpugo [7c Tc]
Dorkion: raises $0.04 to $0.06
Lipaa10860: folds 
Gorilla2728: calls $0.06
jaimeco222: folds 
garikban777: folds 
Lorpugo: calls $0.04
*** FLOP *** [8c 2s 6h]
Lorpugo: checks 
Dorkion: checks 
Gorilla2728: checks 
*** TURN *** [8c 2s 6h] [Jd]
Lorpugo: checks 
Dorkion: checks 
Gorilla2728: checks 
*** RIVER *** [8c 2s 6h Jd] [3d]
Lorpugo: bets $0.14
Dorkion: folds 
Gorilla2728: calls $0.14
*** SHOW DOWN ***
Lorpugo: shows [7c Tc] (high card Jack)
Gorilla2728: shows [4d 4h] (a pair of Fours)
Gorilla2728 collected $0.45 from pot
*** SUMMARY ***
Total pot $0.47 | Rake $0.02 
Board [8c 2s 6h Jd 3d]
Seat 1: Gorilla2728 showed [4d 4h] and won ($0.45) with a pair of Fours
Seat 2: jaimeco222 (button) folded before Flop (didn't bet)
Seat 3: garikban777 (small blind) folded before Flop
Seat 4: Lorpugo (big blind) showed [7c Tc] and lost with high card Jack
Seat 5: Dorkion folded on the River
Seat 6: Lipaa10860 folded before Flop (didn't bet)



PokerStars Hand #240733049983:  Hold'em No Limit ($0.01/$0.02 USD) - 2022/12/27 14:53:50 ET
Table 'Centesima' 6-max Seat #3 is the button
Seat 1: Gorilla2728 ($1.93 in chips) 
Seat 2: jaimeco222 ($2.22 in chips) 
Seat 3: garikban777 ($4.43 in chips) 
Seat 4: Lorpugo ($1.13 in chips) 
Seat 5: Dorkion ($2 in chips) 
Seat 6: Lipaa10860 ($2.68 in chips) 
Lorpugo: posts small blind $0.01
Dorkion: posts big blind $0.02
*** HOLE CARDS ***
Dealt to Lorpugo [Ts Th]
Lipaa10860: folds 
Gorilla2728: folds 
jaimeco222: folds 
garikban777: raises $0.04 to $0.06
Lorpugo: raises $0.14 to $0.20
Dorkion: folds 
garikban777: folds 
Uncalled bet ($0.14) returned to Lorpugo
Lorpugo collected $0.14 from pot
Lorpugo: doesn't show hand 
*** SUMMARY ***
Total pot $0.14 | Rake $0 
Seat 1: Gorilla2728 folded before Flop (didn't bet)
Seat 2: jaimeco222 folded before Flop (didn't bet)
Seat 3: garikban777 (button) folded before Flop
Seat 4: Lorpugo (small blind) collected ($0.14)
Seat 5: Dorkion (big blind) folded before Flop
Seat 6: Lipaa10860 folded before Flop (didn't bet)



PokerStars Hand #240733060340:  Hold'em No Limit ($0.01/$0.02 USD) - 2022/12/27 14:54:13 ET
Table 'Centesima' 6-max Seat #4 is the button
Seat 1: Gorilla2728 ($1.93 in chips) 
Seat 2: jaimeco222 ($2.22 in chips) 
Seat 3: garikban777 ($4.37 in chips) 
Seat 4: Lorpugo ($1.21 in chips) 
Seat 5: Dorkion ($2 in chips) 
Seat 6: Lipaa10860 ($2.68 in chips) 
Dorkion: posts small blind $0.01
Lipaa10860: posts big blind $0.02
*** HOLE CARDS ***
Dealt to Lorpugo [9s 5s]
Gorilla2728: raises $0.04 to $0.06
jaimeco222: folds 
garikban777: folds 
Lorpugo: calls $0.06
Dorkion: folds 
Lipaa10860: folds 
*** FLOP *** [Kh Td 4h]
Gorilla2728: checks 
Lorpugo: checks 
*** TURN *** [Kh Td 4h] [3s]
Gorilla2728: bets $0.06
Lorpugo: folds 
Uncalled bet ($0.06) returned to Gorilla2728
Gorilla2728 collected $0.14 from pot
*** SUMMARY ***
Total pot $0.15 | Rake $0.01 
Board [Kh Td 4h 3s]
Seat 1: Gorilla2728 collected ($0.14)
Seat 2: jaimeco222 folded before Flop (didn't bet)
Seat 3: garikban777 folded before Flop (didn't bet)
Seat 4: Lorpugo (button) folded on the Turn
Seat 5: Dorkion (small blind) folded before Flop
Seat 6: Lipaa10860 (big blind) folded before Flop



PokerStars Hand #240733075115:  Hold'em No Limit ($0.01/$0.02 USD) - 2022/12/27 14:54:46 ET
Table 'Centesima' 6-max Seat #5 is the button
Seat 1: Gorilla2728 ($2.01 in chips) 
Seat 2: jaimeco222 ($2.22 in chips) 
Seat 3: garikban777 ($4.37 in chips) 
Seat 4: Lorpugo ($1.15 in chips) 
Seat 5: Dorkion ($2 in chips) 
Seat 6: Lipaa10860 ($2.66 in chips) 
Lipaa10860: posts small blind $0.01
Gorilla2728: posts big blind $0.02
*** HOLE CARDS ***
Dealt to Lorpugo [8d 7c]
jaimeco222: raises $0.04 to $0.06
garikban777: calls $0.06
Lorpugo: folds 
Dorkion: folds 
Lipaa10860: folds 
Gorilla2728: folds 
*** FLOP *** [5s 6h 2s]
jaimeco222: checks 
garikban777: bets $0.06
jaimeco222: folds 
Uncalled bet ($0.06) returned to garikban777
garikban777 collected $0.14 from pot
*** SUMMARY ***
Total pot $0.15 | Rake $0.01 
Board [5s 6h 2s]
Seat 1: Gorilla2728 (big blind) folded before Flop
Seat 2: jaimeco222 folded on the Flop
Seat 3: garikban777 collected ($0.14)
Seat 4: Lorpugo folded before Flop (didn't bet)
Seat 5: Dorkion (button) folded before Flop (didn't bet)
Seat 6: Lipaa10860 (small blind) folded before Flop



PokerStars Hand #240733087618:  Hold'em No Limit ($0.01/$0.02 USD) - 2022/12/27 14:55:18 ET
Table 'Centesima' 6-max Seat #6 is the button
Seat 1: Gorilla2728 ($1.99 in chips) 
Seat 2: jaimeco222 ($2.16 in chips) 
Seat 3: garikban777 ($4.45 in chips) 
Seat 4: Lorpugo ($1.15 in chips) 
Seat 5: Dorkion ($2 in chips) 
Seat 6: Lipaa10860 ($2.65 in chips) 
Gorilla2728: posts small blind $0.01
jaimeco222: posts big blind $0.02
*** HOLE CARDS ***
Dealt to Lorpugo [5c Qs]
garikban777: raises $0.04 to $0.06
Lorpugo: folds 
Dorkion: folds 
Lipaa10860: calls $0.06
Dorkion leaves the table
Gorilla2728: folds 
jaimeco222: calls $0.04
*** FLOP *** [7d As 6h]
jaimeco222: checks 
Merenge84 joins the table at seat #5 
garikban777: bets $0.11
Lipaa10860: calls $0.11
jaimeco222: calls $0.11
*** TURN *** [7d As 6h] [8h]
jaimeco222: checks 
garikban777: checks 
Lipaa10860: bets $0.32
jaimeco222: calls $0.32
garikban777: calls $0.32
*** RIVER *** [7d As 6h 8h] [9d]
jaimeco222: checks 
garikban777: checks 
Lipaa10860: checks 
*** SHOW DOWN ***
jaimeco222: shows [6c Ac] (two pair, Aces and Sixes)
garikban777: shows [7s 7c] (three of a kind, Sevens)
Lipaa10860: mucks hand 
garikban777 collected $1.43 from pot
*** SUMMARY ***
Total pot $1.48 | Rake $0.05 
Board [7d As 6h 8h 9d]
Seat 1: Gorilla2728 (small blind) folded before Flop
Seat 2: jaimeco222 (big blind) showed [6c Ac] and lost with two pair, Aces and Sixes
Seat 3: garikban777 showed [7s 7c] and won ($1.43) with three of a kind, Sevens
Seat 4: Lorpugo folded before Flop (didn't bet)
Seat 5: Dorkion folded before Flop (didn't bet)
Seat 6: Lipaa10860 (button) mucked [Qh Ad]



PokerStars Hand #240733114628:  Hold'em No Limit ($0.01/$0.02 USD) - 2022/12/27 14:56:45 ET
Table 'Centesima' 6-max Seat #1 is the button
Seat 1: Gorilla2728 ($1.98 in chips) 
Seat 2: jaimeco222 ($2 in chips) 
Seat 3: garikban777 ($5.39 in chips) 
Seat 4: Lorpugo ($1.15 in chips) 
Seat 5: Merenge84 ($0.85 in chips) 
Seat 6: Lipaa10860 ($2.16 in chips) 
jaimeco222: posts small blind $0.01
garikban777: posts big blind $0.02
Merenge84: posts big blind $0.02
*** HOLE CARDS ***
Dealt to Lorpugo [Kd Jd]
Lorpugo: raises $0.07 to $0.09
Merenge84: raises $0.76 to $0.85 and is all-in
Lipaa10860: folds 
Gorilla2728: calls $0.85
jaimeco222: folds 
garikban777: folds 
Lorpugo: raises $0.30 to $1.15 and is all-in
Gorilla2728: calls $0.30
*** FLOP *** [8d 9s 7h]
*** TURN *** [8d 9s 7h] [3s]
*** RIVER *** [8d 9s 7h 3s] [9h]
*** SHOW DOWN ***
Lorpugo: shows [Kd Jd] (a pair of Nines)
Gorilla2728: shows [Qh Ah] (a pair of Nines - Ace kicker)
Gorilla2728 collected $0.58 from side pot
Merenge84: shows [5d 5s] (two pair, Nines and Fives)
Merenge84 collected $2.49 from main pot
*** SUMMARY ***
Total pot $3.18 Main pot $2.49. Side pot $0.58. | Rake $0.11 
Board [8d 9s 7h 3s 9h]
Seat 1: Gorilla2728 (button) showed [Qh Ah] and won ($0.58) with a pair of Nines
Seat 2: jaimeco222 (small blind) folded before Flop
Seat 3: garikban777 (big blind) folded before Flop
Seat 4: Lorpugo showed [Kd Jd] and lost with a pair of Nines
Seat 5: Merenge84 showed [5d 5s] and won ($2.49) with two pair, Nines and Fives
Seat 6: Lipaa10860 folded before Flop (didn't bet)



PokerStars Hand #240733141722:  Hold'em No Limit ($0.01/$0.02 USD) - 2022/12/27 14:58:10 ET
Table 'Centesima' 6-max Seat #5 is the button
Seat 1: Gorilla2728 ($1.41 in chips) 
Seat 2: jaimeco222 ($2 in chips) 
Seat 3: garikban777 ($5.58 in chips) 
Seat 4: Lorpugo ($1.60 in chips) 
Seat 5: Merenge84 ($2.34 in chips) 
Seat 6: Lipaa10860 ($2.14 in chips) 
Lipaa10860: posts small blind $0.01
Gorilla2728: posts big blind $0.02
Lorpugo: posts small & big blinds $0.03
*** HOLE CARDS ***
Dealt to Lorpugo [3s 5c]
jaimeco222: folds 
garikban777: folds 
Lorpugo: checks 
Merenge84: raises $0.06 to $0.08
Lipaa10860: folds 
Gorilla2728: folds 
Lorpugo: folds 
Uncalled bet ($0.06) returned to Merenge84
Merenge84 collected $0.08 from pot
*** SUMMARY ***
Total pot $0.08 | Rake $0 
Seat 1: Gorilla2728 (big blind) folded before Flop
Seat 2: jaimeco222 folded before Flop (didn't bet)
Seat 3: garikban777 folded before Flop (didn't bet)
Seat 4: Lorpugo folded before Flop (didn't bet)
Seat 5: Merenge84 (button) collected ($0.08)
Seat 6: Lipaa10860 (small blind) folded before Flop



PokerStars Hand #240733149410:  Hold'em No Limit ($0.01/$0.02 USD) - 2022/12/27 14:58:35 ET
Table 'Centesima' 6-max Seat #6 is the button
Seat 1: Gorilla2728 ($1.39 in chips) 
Seat 2: jaimeco222 ($2 in chips) 
Seat 3: garikban777 ($5.58 in chips) 
Seat 4: Lorpugo ($1.57 in chips) 
Seat 5: Merenge84 ($2.40 in chips) 
Seat 6: Lipaa10860 ($2.13 in chips) 
Gorilla2728: posts small blind $0.01
jaimeco222: posts big blind $0.02
*** HOLE CARDS ***
Dealt to Lorpugo [7c Kc]
garikban777: folds 
Lorpugo: raises $0.04 to $0.06
Merenge84: folds 
Lipaa10860: folds 
Gorilla2728: folds 
jaimeco222: calls $0.04
*** FLOP *** [Ac 2c 8d]
jaimeco222: checks 
Merenge84 leaves the table
Lorpugo: bets $0.07
jaimeco222: folds 
Uncalled bet ($0.07) returned to Lorpugo
Lorpugo collected $0.13 from pot
Lorpugo: doesn't show hand 
*** SUMMARY ***
Total pot $0.13 | Rake $0 
Board [Ac 2c 8d]
Seat 1: Gorilla2728 (small blind) folded before Flop
Seat 2: jaimeco222 (big blind) folded on the Flop
Seat 3: garikban777 folded before Flop (didn't bet)
Seat 4: Lorpugo collected ($0.13)
Seat 5: Merenge84 folded before Flop (didn't bet)
Seat 6: Lipaa10860 (button) folded before Flop (didn't bet)



PokerStars Hand #240733159796:  Hold'em No Limit ($0.01/$0.02 USD) - 2022/12/27 14:59:08 ET
Table 'Centesima' 6-max Seat #1 is the button
Seat 1: Gorilla2728 ($1.38 in chips) 
Seat 2: jaimeco222 ($2 in chips) 
Seat 3: garikban777 ($5.58 in chips) 
Seat 4: Lorpugo ($1.64 in chips) 
Seat 6: Lipaa10860 ($2.13 in chips) 
jaimeco222: posts small blind $0.01
garikban777: posts big blind $0.02
*** HOLE CARDS ***
Dealt to Lorpugo [Jh 4s]
Lorpugo: folds 
Lipaa10860: raises $0.03 to $0.05
Gorilla2728: folds 
Cocoshow369 joins the table at seat #5 
jaimeco222: folds 
garikban777: folds 
Uncalled bet ($0.03) returned to Lipaa10860
Lipaa10860 collected $0.05 from pot
Lipaa10860: doesn't show hand 
*** SUMMARY ***
Total pot $0.05 | Rake $0 
Seat 1: Gorilla2728 (button) folded before Flop (didn't bet)
Seat 2: jaimeco222 (small blind) folded before Flop
Seat 3: garikban777 (big blind) folded before Flop
Seat 4: Lorpugo folded before Flop (didn't bet)
Seat 6: Lipaa10860 collected ($0.05)



PokerStars Hand #240733165357:  Hold'em No Limit ($0.01/$0.02 USD) - 2022/12/27 14:59:25 ET
Table 'Centesima' 6-max Seat #2 is the button
Seat 1: Gorilla2728 ($1.38 in chips) 
Seat 2: jaimeco222 ($2 in chips) 
Seat 3: garikban777 ($5.56 in chips) 
Seat 4: Lorpugo ($1.64 in chips) 
Seat 6: Lipaa10860 ($2.16 in chips) 
garikban777: posts small blind $0.01
Lorpugo: posts big blind $0.02
*** HOLE CARDS ***
Dealt to Lorpugo [7c Td]
Lipaa10860: folds 
Gorilla2728: raises $0.04 to $0.06
jaimeco222: folds 
garikban777: folds 
Lorpugo: folds 
Uncalled bet ($0.04) returned to Gorilla2728
Gorilla2728 collected $0.05 from pot
*** SUMMARY ***
Total pot $0.05 | Rake $0 
Seat 1: Gorilla2728 collected ($0.05)
Seat 2: jaimeco222 (button) folded before Flop (didn't bet)
Seat 3: garikban777 (small blind) folded before Flop
Seat 4: Lorpugo (big blind) folded before Flop
Seat 6: Lipaa10860 folded before Flop (didn't bet)



PokerStars Hand #240733168749:  Hold'em No Limit ($0.01/$0.02 USD) - 2022/12/27 14:59:36 ET
Table 'Centesima' 6-max Seat #3 is the button
Seat 1: Gorilla2728 ($1.41 in chips) 
Seat 2: jaimeco222 ($2 in chips) 
Seat 3: garikban777 ($5.55 in chips) 
Seat 4: Lorpugo ($1.62 in chips) 
Seat 5: Cocoshow369 ($2 in chips) 
Seat 6: Lipaa10860 ($2.16 in chips) 
Lorpugo: posts small blind $0.01
Cocoshow369: posts big blind $0.02
*** HOLE CARDS ***
Dealt to Lorpugo [4d 4h]
Lipaa10860: folds 
Gorilla2728: folds 
jaimeco222: folds 
garikban777: raises $0.04 to $0.06
Lorpugo: calls $0.05
Cocoshow369: folds 
*** FLOP *** [Ks 7h 3c]
Lorpugo: checks 
garikban777: bets $0.09
Lorpugo: calls $0.09
*** TURN *** [Ks 7h 3c] [Td]
Lorpugo: checks 
garikban777: bets $0.20
Lorpugo: folds 
Uncalled bet ($0.20) returned to garikban777
garikban777 collected $0.31 from pot
*** SUMMARY ***
Total pot $0.32 | Rake $0.01 
Board [Ks 7h 3c Td]
Seat 1: Gorilla2728 folded before Flop (didn't bet)
Seat 2: jaimeco222 folded before Flop (didn't bet)
Seat 3: garikban777 (button) collected ($0.31)
Seat 4: Lorpugo (small blind) folded on the Turn
Seat 5: Cocoshow369 (big blind) folded before Flop
Seat 6: Lipaa10860 folded before Flop (didn't bet)



PokerStars Hand #240733181395:  Hold'em No Limit ($0.01/$0.02 USD) - 2022/12/27 15:00:15 ET
Table 'Centesima' 6-max Seat #4 is the button
Seat 1: Gorilla2728 ($1.41 in chips) 
Seat 2: jaimeco222 ($2 in chips) 
Seat 3: garikban777 ($5.71 in chips) 
Seat 4: Lorpugo ($1.47 in chips) 
Seat 5: Cocoshow369 ($2 in chips) 
Seat 6: Lipaa10860 ($2.16 in chips) 
Cocoshow369: posts small blind $0.01
Lipaa10860: posts big blind $0.02
*** HOLE CARDS ***
Dealt to Lorpugo [5d 8c]
Gorilla2728: folds 
jaimeco222: folds 
garikban777: folds 
Lorpugo: folds 
Cocoshow369: calls $0.01
Lipaa10860: checks 
*** FLOP *** [2s 5s Qs]
Cocoshow369: checks 
Lipaa10860: checks 
*** TURN *** [2s 5s Qs] [4h]
Cocoshow369: checks 
Lipaa10860: checks 
*** RIVER *** [2s 5s Qs 4h] [7d]
Cocoshow369: checks 
Lipaa10860: checks 
*** SHOW DOWN ***
Cocoshow369: shows [Jd 3d] (high card Queen)
Lipaa10860: shows [7h 3s] (a pair of Sevens)
Lipaa10860 collected $0.04 from pot
*** SUMMARY ***
Total pot $0.04 | Rake $0 
Board [2s 5s Qs 4h 7d]
Seat 1: Gorilla2728 folded before Flop (didn't bet)
Seat 2: jaimeco222 folded before Flop (didn't bet)
Seat 3: garikban777 folded before Flop (didn't bet)
Seat 4: Lorpugo (button) folded before Flop (didn't bet)
Seat 5: Cocoshow369 (small blind) showed [Jd 3d] and lost with high card Queen
Seat 6: Lipaa10860 (big blind) showed [7h 3s] and won ($0.04) with a pair of Sevens



PokerStars Hand #240733193270:  Hold'em No Limit ($0.01/$0.02 USD) - 2022/12/27 15:00:49 ET
Table 'Centesima' 6-max Seat #5 is the button
Seat 1: Gorilla2728 ($1.41 in chips) 
Seat 2: jaimeco222 ($2 in chips) 
Seat 3: garikban777 ($5.71 in chips) 
Seat 4: Lorpugo ($1.47 in chips) 
Seat 5: Cocoshow369 ($2 in chips) 
Seat 6: Lipaa10860 ($2.18 in chips) 
Lipaa10860: posts small blind $0.01
Gorilla2728: posts big blind $0.02
*** HOLE CARDS ***
Dealt to Lorpugo [Qh 5h]
jaimeco222: folds 
garikban777: raises $0.04 to $0.06
Lorpugo: folds 
Cocoshow369: folds 
Lipaa10860: folds 
Gorilla2728: calls $0.04
*** FLOP *** [7h 8d 2h]
Gorilla2728: checks 
garikban777: checks 
*** TURN *** [7h 8d 2h] [As]
Gorilla2728: checks 
garikban777: checks 
*** RIVER *** [7h 8d 2h As] [Th]
Gorilla2728: bets $0.12
garikban777: calls $0.12
*** SHOW DOWN ***
Gorilla2728: shows [Jd Ts] (a pair of Tens)
garikban777: shows [Ac Ks] (a pair of Aces)
garikban777 collected $0.36 from pot
*** SUMMARY ***
Total pot $0.37 | Rake $0.01 
Board [7h 8d 2h As Th]
Seat 1: Gorilla2728 (big blind) showed [Jd Ts] and lost with a pair of Tens
Seat 2: jaimeco222 folded before Flop (didn't bet)
Seat 3: garikban777 showed [Ac Ks] and won ($0.36) with a pair of Aces
Seat 4: Lorpugo folded before Flop (didn't bet)
Seat 5: Cocoshow369 (button) folded before Flop (didn't bet)
Seat 6: Lipaa10860 (small blind) folded before Flop



PokerStars Hand #240733208727:  Hold'em No Limit ($0.01/$0.02 USD) - 2022/12/27 15:01:31 ET
Table 'Centesima' 6-max Seat #6 is the button
Seat 1: Gorilla2728 ($1.23 in chips) 
Seat 2: jaimeco222 ($2 in chips) 
Seat 3: garikban777 ($5.89 in chips) 
Seat 4: Lorpugo ($1.47 in chips) 
Seat 5: Cocoshow369 ($2 in chips) 
Seat 6: Lipaa10860 ($2.17 in chips) 
Gorilla2728: posts small blind $0.01
jaimeco222: posts big blind $0.02
*** HOLE CARDS ***
Dealt to Lorpugo [7c 4h]
garikban777: folds 
Lorpugo: folds 
Cocoshow369: raises $0.04 to $0.06
Lipaa10860: raises $0.12 to $0.18
Gorilla2728: folds 
jaimeco222: folds 
Cocoshow369: calls $0.12
*** FLOP *** [8h Kc 4c]
Cocoshow369: checks 
Lipaa10860: bets $0.25
Cocoshow369: folds 
Uncalled bet ($0.25) returned to Lipaa10860
Lipaa10860 collected $0.38 from pot
Lipaa10860: doesn't show hand 
*** SUMMARY ***
Total pot $0.39 | Rake $0.01 
Board [8h Kc 4c]
Seat 1: Gorilla2728 (small blind) folded before Flop
Seat 2: jaimeco222 (big blind) folded before Flop
Seat 3: garikban777 folded before Flop (didn't bet)
Seat 4: Lorpugo folded before Flop (didn't bet)
Seat 5: Cocoshow369 folded on the Flop
Seat 6: Lipaa10860 (button) collected ($0.38)



PokerStars Hand #240733224898:  Hold'em No Limit ($0.01/$0.02 USD) - 2022/12/27 15:02:11 ET
Table 'Centesima' 6-max Seat #1 is the button
Seat 1: Gorilla2728 ($1.22 in chips) 
Seat 2: jaimeco222 ($2 in chips) 
Seat 3: garikban777 ($5.89 in chips) 
Seat 4: Lorpugo ($1.47 in chips) 
Seat 5: Cocoshow369 ($2 in chips) 
Seat 6: Lipaa10860 ($2.37 in chips) 
jaimeco222: posts small blind $0.01
garikban777: posts big blind $0.02
*** HOLE CARDS ***
Dealt to Lorpugo [Js Ts]
Lorpugo: raises $0.02 to $0.04
Cocoshow369: folds 
Lipaa10860: folds 
Gorilla2728: folds 
jaimeco222: calls $0.03
garikban777: folds 
*** FLOP *** [7s 5c 4s]
jaimeco222: checks 
Lorpugo: bets $0.05
jaimeco222: calls $0.05
*** TURN *** [7s 5c 4s] [Ah]
jaimeco222: checks 
Lorpugo: bets $0.14
jaimeco222: folds 
Uncalled bet ($0.14) returned to Lorpugo
Lorpugo collected $0.19 from pot
Lorpugo: doesn't show hand 
*** SUMMARY ***
Total pot $0.20 | Rake $0.01 
Board [7s 5c 4s Ah]
Seat 1: Gorilla2728 (button) folded before Flop (didn't bet)
Seat 2: jaimeco222 (small blind) folded on the Turn
Seat 3: garikban777 (big blind) folded before Flop
Seat 4: Lorpugo collected ($0.19)
Seat 5: Cocoshow369 folded before Flop (didn't bet)
Seat 6: Lipaa10860 folded before Flop (didn't bet)



PokerStars Hand #240733245350:  Hold'em No Limit ($0.01/$0.02 USD) - 2022/12/27 15:02:55 ET
Table 'Centesima' 6-max Seat #2 is the button
Seat 1: Gorilla2728 ($1.22 in chips) 
Seat 2: jaimeco222 ($2 in chips) 
Seat 3: garikban777 ($5.87 in chips) 
Seat 4: Lorpugo ($1.57 in chips) 
Seat 5: Cocoshow369 ($2 in chips) 
Seat 6: Lipaa10860 ($2.37 in chips) 
garikban777: posts small blind $0.01
Lorpugo: posts big blind $0.02
*** HOLE CARDS ***
Dealt to Lorpugo [5h 9h]
Cocoshow369: folds 
Lipaa10860: folds 
Gorilla2728: folds 
jaimeco222: raises $0.04 to $0.06
garikban777: calls $0.05
Lorpugo: calls $0.04
*** FLOP *** [Kd 4s Kc]
garikban777: checks 
Lorpugo: checks 
jaimeco222: checks 
*** TURN *** [Kd 4s Kc] [3c]
garikban777: checks 
Lorpugo: checks 
jaimeco222: checks 
*** RIVER *** [Kd 4s Kc 3c] [2s]
garikban777: checks 
Lorpugo: checks 
jaimeco222: bets $0.06
garikban777: folds 
Lorpugo: folds 
Uncalled bet ($0.06) returned to jaimeco222
jaimeco222 collected $0.17 from pot
jaimeco222: doesn't show hand 
*** SUMMARY ***
Total pot $0.18 | Rake $0.01 
Board [Kd 4s Kc 3c 2s]
Seat 1: Gorilla2728 folded before Flop (didn't bet)
Seat 2: jaimeco222 (button) collected ($0.17)
Seat 3: garikban777 (small blind) folded on the River
Seat 4: Lorpugo (big blind) folded on the River
Seat 5: Cocoshow369 folded before Flop (didn't bet)
Seat 6: Lipaa10860 folded before Flop (didn't bet)



PokerStars Hand #240733285914:  Hold'em No Limit ($0.01/$0.02 USD) - 2022/12/27 15:04:26 ET
Table 'Centesima' 6-max Seat #3 is the button
Seat 1: Gorilla2728 ($1.22 in chips) 
Seat 2: jaimeco222 ($2.11 in chips) 
Seat 3: garikban777 ($5.81 in chips) 
Seat 4: Lorpugo ($1.51 in chips) 
Seat 5: Cocoshow369 ($2 in chips) 
Seat 6: Lipaa10860 ($2.37 in chips) 
Lorpugo: posts small blind $0.01
Cocoshow369: posts big blind $0.02
*** HOLE CARDS ***
Dealt to Lorpugo [2c 7c]
Lipaa10860: folds 
Gorilla2728: folds 
jaimeco222: folds 
garikban777: folds 
Lorpugo: folds 
Uncalled bet ($0.01) returned to Cocoshow369
Cocoshow369 collected $0.02 from pot
*** SUMMARY ***
Total pot $0.02 | Rake $0 
Seat 1: Gorilla2728 folded before Flop (didn't bet)
Seat 2: jaimeco222 folded before Flop (didn't bet)
Seat 3: garikban777 (button) folded before Flop (didn't bet)
Seat 4: Lorpugo (small blind) folded before Flop
Seat 5: Cocoshow369 (big blind) collected ($0.02)
Seat 6: Lipaa10860 folded before Flop (didn't bet)



PokerStars Hand #240733293021:  Hold'em No Limit ($0.01/$0.02 USD) - 2022/12/27 15:04:42 ET
Table 'Centesima' 6-max Seat #4 is the button
Seat 1: Gorilla2728 ($1.22 in chips) 
Seat 2: jaimeco222 ($2.11 in chips) 
Seat 3: garikban777 ($5.81 in chips) 
Seat 4: Lorpugo ($1.50 in chips) 
Seat 5: Cocoshow369 ($2.01 in chips) 
Seat 6: Lipaa10860 ($2.37 in chips) 
Cocoshow369: posts small blind $0.01
Lipaa10860: posts big blind $0.02
*** HOLE CARDS ***
Dealt to Lorpugo [Kh Th]
Gorilla2728: folds 
jaimeco222: folds 
garikban777: folds 
Lorpugo: raises $0.04 to $0.06
Cocoshow369: calls $0.05
Lipaa10860: folds 
*** FLOP *** [8h 9s 6s]
Cocoshow369: bets $0.04
Lorpugo: calls $0.04
*** TURN *** [8h 9s 6s] [Tc]
Cocoshow369: checks 
Lorpugo: bets $0.07
Cocoshow369: calls $0.07
*** RIVER *** [8h 9s 6s Tc] [Ks]
Cocoshow369: checks 
Lorpugo: checks 
*** SHOW DOWN ***
Cocoshow369: shows [Ac 6h] (a pair of Sixes)
Lorpugo: shows [Kh Th] (two pair, Kings and Tens)
Lorpugo collected $0.35 from pot
*** SUMMARY ***
Total pot $0.36 | Rake $0.01 
Board [8h 9s 6s Tc Ks]
Seat 1: Gorilla2728 folded before Flop (didn't bet)
Seat 2: jaimeco222 folded before Flop (didn't bet)
Seat 3: garikban777 folded before Flop (didn't bet)
Seat 4: Lorpugo (button) showed [Kh Th] and won ($0.35) with two pair, Kings and Tens
Seat 5: Cocoshow369 (small blind) showed [Ac 6h] and lost with a pair of Sixes
Seat 6: Lipaa10860 (big blind) folded before Flop



PokerStars Hand #240733322302:  Hold'em No Limit ($0.01/$0.02 USD) - 2022/12/27 15:05:43 ET
Table 'Centesima' 6-max Seat #5 is the button
Seat 1: Gorilla2728 ($1.22 in chips) 
Seat 2: jaimeco222 ($2.11 in chips) 
Seat 3: garikban777 ($5.81 in chips) 
Seat 4: Lorpugo ($1.68 in chips) 
Seat 5: Cocoshow369 ($2 in chips) 
Seat 6: Lipaa10860 ($2.35 in chips) 
Lipaa10860: posts small blind $0.01
Gorilla2728: posts big blind $0.02
*** HOLE CARDS ***
Dealt to Lorpugo [8c Ac]
jaimeco222: folds 
garikban777: folds 
Lorpugo: raises $0.04 to $0.06
Cocoshow369: folds 
Lipaa10860: folds 
Gorilla2728: folds 
Uncalled bet ($0.04) returned to Lorpugo
Lorpugo collected $0.05 from pot
Lorpugo: doesn't show hand 
*** SUMMARY ***
Total pot $0.05 | Rake $0 
Seat 1: Gorilla2728 (big blind) folded before Flop
Seat 2: jaimeco222 folded before Flop (didn't bet)
Seat 3: garikban777 folded before Flop (didn't bet)
Seat 4: Lorpugo collected ($0.05)
Seat 5: Cocoshow369 (button) folded before Flop (didn't bet)
Seat 6: Lipaa10860 (small blind) folded before Flop



