PokerStars Hand #240843850321:  Hold'em No Limit ($0.01/$0.02 USD) - 2023/01/01 15:23:09 ET
Table 'Eulalia II' 6-max Seat #1 is the button
Seat 1: roberto29911 ($1.17 in chips) 
Seat 2: Polyneikos ($2.86 in chips) 
Seat 3: Lorpugo ($1.60 in chips) 
Seat 4: xvat7 ($2.31 in chips) 
Seat 5: technotrader ($1.44 in chips) 
Polyneikos: posts small blind $0.01
Lorpugo: posts big blind $0.02
*** HOLE CARDS ***
Dealt to Lorpugo [Ac 9d]
xvat7: folds 
technotrader: folds 
roberto29911: folds 
Polyneikos: folds 
Uncalled bet ($0.01) returned to Lorpugo
Lorpugo collected $0.02 from pot
Lorpugo: doesn't show hand 
*** SUMMARY ***
Total pot $0.02 | Rake $0 
Seat 1: roberto29911 (button) folded before Flop (didn't bet)
Seat 2: Polyneikos (small blind) folded before Flop
Seat 3: Lorpugo (big blind) collected ($0.02)
Seat 4: xvat7 folded before Flop (didn't bet)
Seat 5: technotrader folded before Flop (didn't bet)



PokerStars Hand #240843857237:  Hold'em No Limit ($0.01/$0.02 USD) - 2023/01/01 15:23:23 ET
Table 'Eulalia II' 6-max Seat #2 is the button
Seat 1: roberto29911 ($1.17 in chips) 
Seat 2: Polyneikos ($2.85 in chips) 
Seat 3: Lorpugo ($1.61 in chips) 
Seat 4: xvat7 ($2.31 in chips) 
Seat 5: technotrader ($1.44 in chips) 
Lorpugo: posts small blind $0.01
xvat7: posts big blind $0.02
*** HOLE CARDS ***
Dealt to Lorpugo [Jc Ad]
technotrader: folds 
roberto29911: folds 
Polyneikos: folds 
Lorpugo: raises $0.04 to $0.06
xvat7: calls $0.04
*** FLOP *** [8d 8c 7h]
Lorpugo: checks 
xvat7: checks 
*** TURN *** [8d 8c 7h] [7s]
Lorpugo: bets $0.06
xvat7: calls $0.06
*** RIVER *** [8d 8c 7h 7s] [3h]
Lorpugo: checks 
xvat7: bets $0.16
Lorpugo: calls $0.16
*** SHOW DOWN ***
xvat7: shows [9h Qc] (two pair, Eights and Sevens)
Lorpugo: shows [Jc Ad] (two pair, Eights and Sevens - Ace kicker)
Lorpugo collected $0.54 from pot
*** SUMMARY ***
Total pot $0.56 | Rake $0.02 
Board [8d 8c 7h 7s 3h]
Seat 1: roberto29911 folded before Flop (didn't bet)
Seat 2: Polyneikos (button) folded before Flop (didn't bet)
Seat 3: Lorpugo (small blind) showed [Jc Ad] and won ($0.54) with two pair, Eights and Sevens
Seat 4: xvat7 (big blind) showed [9h Qc] and lost with two pair, Eights and Sevens
Seat 5: technotrader folded before Flop (didn't bet)



PokerStars Hand #240843889098:  Hold'em No Limit ($0.01/$0.02 USD) - 2023/01/01 15:24:28 ET
Table 'Eulalia II' 6-max Seat #3 is the button
Seat 1: roberto29911 ($1.17 in chips) 
Seat 2: Polyneikos ($2.85 in chips) 
Seat 3: Lorpugo ($1.87 in chips) 
Seat 4: xvat7 ($2.03 in chips) 
Seat 5: technotrader ($1.44 in chips) 
xvat7: posts small blind $0.01
technotrader: posts big blind $0.02
*** HOLE CARDS ***
Dealt to Lorpugo [9d Qd]
roberto29911: folds 
FerMontex joins the table at seat #6 
Polyneikos: folds 
Lorpugo: raises $0.04 to $0.06
xvat7: raises $0.18 to $0.24
technotrader: folds 
Lorpugo: folds 
Uncalled bet ($0.18) returned to xvat7
xvat7 collected $0.14 from pot
xvat7: doesn't show hand 
*** SUMMARY ***
Total pot $0.14 | Rake $0 
Seat 1: roberto29911 folded before Flop (didn't bet)
Seat 2: Polyneikos folded before Flop (didn't bet)
Seat 3: Lorpugo (button) folded before Flop
Seat 4: xvat7 (small blind) collected ($0.14)
Seat 5: technotrader (big blind) folded before Flop



PokerStars Hand #240843907457:  Hold'em No Limit ($0.01/$0.02 USD) - 2023/01/01 15:25:05 ET
Table 'Eulalia II' 6-max Seat #4 is the button
Seat 1: roberto29911 ($1.17 in chips) 
Seat 2: Polyneikos ($2.85 in chips) 
Seat 3: Lorpugo ($1.81 in chips) 
Seat 4: xvat7 ($2.11 in chips) 
Seat 5: technotrader ($1.42 in chips) 
Seat 6: FerMontex ($1.60 in chips) 
technotrader: posts small blind $0.01
FerMontex: posts big blind $0.02
*** HOLE CARDS ***
Dealt to Lorpugo [Jd 2h]
roberto29911: folds 
Polyneikos: folds 
Lorpugo: folds 
xvat7: raises $0.03 to $0.05
technotrader: raises $0.15 to $0.20
FerMontex: folds 
xvat7: folds 
Uncalled bet ($0.15) returned to technotrader
technotrader collected $0.12 from pot
technotrader: doesn't show hand 
*** SUMMARY ***
Total pot $0.12 | Rake $0 
Seat 1: roberto29911 folded before Flop (didn't bet)
Seat 2: Polyneikos folded before Flop (didn't bet)
Seat 3: Lorpugo folded before Flop (didn't bet)
Seat 4: xvat7 (button) folded before Flop
Seat 5: technotrader (small blind) collected ($0.12)
Seat 6: FerMontex (big blind) folded before Flop



PokerStars Hand #240843923612:  Hold'em No Limit ($0.01/$0.02 USD) - 2023/01/01 15:25:38 ET
Table 'Eulalia II' 6-max Seat #5 is the button
Seat 1: roberto29911 ($1.17 in chips) 
Seat 2: Polyneikos ($2.85 in chips) 
Seat 3: Lorpugo ($1.81 in chips) 
Seat 4: xvat7 ($2.06 in chips) 
Seat 5: technotrader ($1.49 in chips) 
Seat 6: FerMontex ($1.58 in chips) 
FerMontex: posts small blind $0.01
roberto29911: posts big blind $0.02
*** HOLE CARDS ***
Dealt to Lorpugo [Tc Js]
Polyneikos: folds 
Lorpugo: raises $0.02 to $0.04
xvat7: folds 
technotrader: folds 
FerMontex: folds 
roberto29911: calls $0.02
*** FLOP *** [Qc 7s 5d]
roberto29911: checks 
Lorpugo: checks 
*** TURN *** [Qc 7s 5d] [8s]
roberto29911: checks 
Lorpugo: bets $0.06
roberto29911: folds 
Uncalled bet ($0.06) returned to Lorpugo
Lorpugo collected $0.09 from pot
Lorpugo: doesn't show hand 
*** SUMMARY ***
Total pot $0.09 | Rake $0 
Board [Qc 7s 5d 8s]
Seat 1: roberto29911 (big blind) folded on the Turn
Seat 2: Polyneikos folded before Flop (didn't bet)
Seat 3: Lorpugo collected ($0.09)
Seat 4: xvat7 folded before Flop (didn't bet)
Seat 5: technotrader (button) folded before Flop (didn't bet)
Seat 6: FerMontex (small blind) folded before Flop



PokerStars Hand #240843945270:  Hold'em No Limit ($0.01/$0.02 USD) - 2023/01/01 15:26:21 ET
Table 'Eulalia II' 6-max Seat #6 is the button
Seat 1: roberto29911 ($1.13 in chips) 
Seat 2: Polyneikos ($2.85 in chips) 
Seat 3: Lorpugo ($1.86 in chips) 
Seat 4: xvat7 ($2.06 in chips) 
Seat 5: technotrader ($1.49 in chips) 
Seat 6: FerMontex ($1.57 in chips) 
roberto29911: posts small blind $0.01
Polyneikos: posts big blind $0.02
*** HOLE CARDS ***
Dealt to Lorpugo [Ks 3h]
Lorpugo: folds 
xvat7: raises $0.03 to $0.05
technotrader: folds 
FerMontex: folds 
roberto29911: folds 
Polyneikos: raises $0.15 to $0.20
xvat7: calls $0.15
*** FLOP *** [Td 6h Jd]
Polyneikos: checks 
xvat7: checks 
*** TURN *** [Td 6h Jd] [3c]
Polyneikos: checks 
xvat7: bets $0.20
Polyneikos: folds 
Uncalled bet ($0.20) returned to xvat7
xvat7 collected $0.40 from pot
xvat7: doesn't show hand 
*** SUMMARY ***
Total pot $0.41 | Rake $0.01 
Board [Td 6h Jd 3c]
Seat 1: roberto29911 (small blind) folded before Flop
Seat 2: Polyneikos (big blind) folded on the Turn
Seat 3: Lorpugo folded before Flop (didn't bet)
Seat 4: xvat7 collected ($0.40)
Seat 5: technotrader folded before Flop (didn't bet)
Seat 6: FerMontex (button) folded before Flop (didn't bet)



PokerStars Hand #240843979122:  Hold'em No Limit ($0.01/$0.02 USD) - 2023/01/01 15:27:30 ET
Table 'Eulalia II' 6-max Seat #1 is the button
Seat 1: roberto29911 ($1.12 in chips) 
Seat 2: Polyneikos ($2.65 in chips) 
Seat 3: Lorpugo ($1.86 in chips) 
Seat 4: xvat7 ($2.26 in chips) 
Seat 5: technotrader ($1.49 in chips) 
Seat 6: FerMontex ($1.57 in chips) 
Polyneikos: posts small blind $0.01
Lorpugo: posts big blind $0.02
*** HOLE CARDS ***
Dealt to Lorpugo [7c Kh]
xvat7: folds 
technotrader: calls $0.02
FerMontex: folds 
roberto29911: folds 
Polyneikos: folds 
Lorpugo: checks 
*** FLOP *** [8s Kc 2c]
Lorpugo: checks 
technotrader: bets $0.10
Lorpugo: calls $0.10
*** TURN *** [8s Kc 2c] [3h]
Lorpugo: checks 
technotrader: bets $0.26
Lorpugo: calls $0.26
*** RIVER *** [8s Kc 2c 3h] [5d]
Lorpugo: checks 
technotrader: bets $1.11 and is all-in
Lorpugo: calls $1.11
*** SHOW DOWN ***
technotrader: shows [2s 4s] (a pair of Deuces)
Lorpugo: shows [7c Kh] (a pair of Kings)
Lorpugo collected $2.89 from pot
*** SUMMARY ***
Total pot $2.99 | Rake $0.10 
Board [8s Kc 2c 3h 5d]
Seat 1: roberto29911 (button) folded before Flop (didn't bet)
Seat 2: Polyneikos (small blind) folded before Flop
Seat 3: Lorpugo (big blind) showed [7c Kh] and won ($2.89) with a pair of Kings
Seat 4: xvat7 folded before Flop (didn't bet)
Seat 5: technotrader showed [2s 4s] and lost with a pair of Deuces
Seat 6: FerMontex folded before Flop (didn't bet)



PokerStars Hand #240844006433:  Hold'em No Limit ($0.01/$0.02 USD) - 2023/01/01 15:28:25 ET
Table 'Eulalia II' 6-max Seat #2 is the button
Seat 1: roberto29911 ($1.12 in chips) 
Seat 2: Polyneikos ($2.64 in chips) 
Seat 3: Lorpugo ($3.26 in chips) 
Seat 4: xvat7 ($2.26 in chips) 
Seat 6: FerMontex ($1.57 in chips) 
Lorpugo: posts small blind $0.01
xvat7: posts big blind $0.02
*** HOLE CARDS ***
Dealt to Lorpugo [9d Kc]
FerMontex: calls $0.02
roberto29911: folds 
Polyneikos: folds 
Lorpugo: calls $0.01
xvat7: checks 
*** FLOP *** [Ad 3c Qd]
Lorpugo: checks 
xvat7: bets $0.03
FerMontex has timed out
FerMontex: folds 
Lorpugo: folds 
Uncalled bet ($0.03) returned to xvat7
xvat7 collected $0.06 from pot
xvat7: doesn't show hand 
*** SUMMARY ***
Total pot $0.06 | Rake $0 
Board [Ad 3c Qd]
Seat 1: roberto29911 folded before Flop (didn't bet)
Seat 2: Polyneikos (button) folded before Flop (didn't bet)
Seat 3: Lorpugo (small blind) folded on the Flop
Seat 4: xvat7 (big blind) collected ($0.06)
Seat 6: FerMontex folded on the Flop



PokerStars Hand #240844038348:  Hold'em No Limit ($0.01/$0.02 USD) - 2023/01/01 15:29:30 ET
Table 'Eulalia II' 6-max Seat #3 is the button
Seat 1: roberto29911 ($1.12 in chips) 
Seat 2: Polyneikos ($2.64 in chips) 
Seat 3: Lorpugo ($3.24 in chips) 
Seat 4: xvat7 ($2.30 in chips) 
Seat 5: technotrader ($0.84 in chips) 
xvat7: posts small blind $0.01
technotrader: posts big blind $0.02
*** HOLE CARDS ***
Dealt to Lorpugo [8c 2d]
roberto29911: folds 
Polyneikos: folds 
Lorpugo: folds 
xvat7: folds 
Uncalled bet ($0.01) returned to technotrader
technotrader collected $0.02 from pot
technotrader: doesn't show hand 
*** SUMMARY ***
Total pot $0.02 | Rake $0 
Seat 1: roberto29911 folded before Flop (didn't bet)
Seat 2: Polyneikos folded before Flop (didn't bet)
Seat 3: Lorpugo (button) folded before Flop (didn't bet)
Seat 4: xvat7 (small blind) folded before Flop
Seat 5: technotrader (big blind) collected ($0.02)



PokerStars Hand #240844048559:  Hold'em No Limit ($0.01/$0.02 USD) - 2023/01/01 15:29:51 ET
Table 'Eulalia II' 6-max Seat #4 is the button
Seat 1: roberto29911 ($1.12 in chips) 
Seat 2: Polyneikos ($2.64 in chips) 
Seat 3: Lorpugo ($3.24 in chips) 
Seat 4: xvat7 ($2.29 in chips) 
Seat 5: technotrader ($0.85 in chips) 
technotrader: posts small blind $0.01
roberto29911: posts big blind $0.02
*** HOLE CARDS ***
Dealt to Lorpugo [Qh 2s]
Polyneikos: folds 
Lorpugo: folds 
xvat7: folds 
technotrader: calls $0.01
roberto29911: checks 
*** FLOP *** [Tc 5s 9s]
technotrader: checks 
roberto29911: checks 
*** TURN *** [Tc 5s 9s] [4s]
technotrader: bets $0.02
roberto29911: calls $0.02
*** RIVER *** [Tc 5s 9s 4s] [Ks]
technotrader: checks 
roberto29911: checks 
*** SHOW DOWN ***
technotrader: shows [Ac 4h] (a pair of Fours)
roberto29911: mucks hand 
technotrader collected $0.08 from pot
*** SUMMARY ***
Total pot $0.08 | Rake $0 
Board [Tc 5s 9s 4s Ks]
Seat 1: roberto29911 (big blind) mucked [Jh 4d]
Seat 2: Polyneikos folded before Flop (didn't bet)
Seat 3: Lorpugo folded before Flop (didn't bet)
Seat 4: xvat7 (button) folded before Flop (didn't bet)
Seat 5: technotrader (small blind) showed [Ac 4h] and won ($0.08) with a pair of Fours



PokerStars Hand #240844064387:  Hold'em No Limit ($0.01/$0.02 USD) - 2023/01/01 15:30:23 ET
Table 'Eulalia II' 6-max Seat #5 is the button
Seat 1: roberto29911 ($1.08 in chips) 
Seat 2: Polyneikos ($2.64 in chips) 
Seat 3: Lorpugo ($3.24 in chips) 
Seat 4: xvat7 ($2.29 in chips) 
Seat 5: technotrader ($0.89 in chips) 
roberto29911: posts small blind $0.01
Polyneikos: posts big blind $0.02
*** HOLE CARDS ***
Dealt to Lorpugo [7c Ac]
Lorpugo: raises $0.02 to $0.04
FerMontex is disconnected 
xvat7: folds 
technotrader: folds 
roberto29911: calls $0.03
Polyneikos: raises $0.26 to $0.30
Lorpugo: folds 
roberto29911: folds 
Uncalled bet ($0.26) returned to Polyneikos
Polyneikos collected $0.12 from pot
Polyneikos: doesn't show hand 
*** SUMMARY ***
Total pot $0.12 | Rake $0 
Seat 1: roberto29911 (small blind) folded before Flop
Seat 2: Polyneikos (big blind) collected ($0.12)
Seat 3: Lorpugo folded before Flop
Seat 4: xvat7 folded before Flop (didn't bet)
Seat 5: technotrader (button) folded before Flop (didn't bet)



PokerStars Hand #240844075569:  Hold'em No Limit ($0.01/$0.02 USD) - 2023/01/01 15:30:46 ET
Table 'Eulalia II' 6-max Seat #1 is the button
Seat 1: roberto29911 ($1.04 in chips) 
Seat 2: Polyneikos ($2.72 in chips) 
Seat 3: Lorpugo ($3.20 in chips) 
Seat 4: xvat7 ($2.29 in chips) 
Seat 5: technotrader ($0.89 in chips) 
Polyneikos: posts small blind $0.01
Lorpugo: posts big blind $0.02
*** HOLE CARDS ***
Dealt to Lorpugo [5c 9h]
xvat7: raises $0.03 to $0.05
technotrader: folds 
roberto29911: folds 
Polyneikos: folds 
Lorpugo: folds 
Uncalled bet ($0.03) returned to xvat7
xvat7 collected $0.05 from pot
xvat7: doesn't show hand 
*** SUMMARY ***
Total pot $0.05 | Rake $0 
Seat 1: roberto29911 (button) folded before Flop (didn't bet)
Seat 2: Polyneikos (small blind) folded before Flop
Seat 3: Lorpugo (big blind) folded before Flop
Seat 4: xvat7 collected ($0.05)
Seat 5: technotrader folded before Flop (didn't bet)



PokerStars Hand #240844081587:  Hold'em No Limit ($0.01/$0.02 USD) - 2023/01/01 15:30:58 ET
Table 'Eulalia II' 6-max Seat #2 is the button
Seat 1: roberto29911 ($1.04 in chips) 
Seat 2: Polyneikos ($2.71 in chips) 
Seat 3: Lorpugo ($3.18 in chips) 
Seat 4: xvat7 ($2.32 in chips) 
Seat 5: technotrader ($0.89 in chips) 
Lorpugo: posts small blind $0.01
xvat7: posts big blind $0.02
*** HOLE CARDS ***
Dealt to Lorpugo [7c 3h]
technotrader: folds 
roberto29911: calls $0.02
Polyneikos: raises $0.08 to $0.10
Lorpugo: folds 
xvat7: folds 
roberto29911: calls $0.08
*** FLOP *** [9s 4c 2d]
roberto29911: checks 
Polyneikos: bets $0.07
roberto29911: calls $0.07
*** TURN *** [9s 4c 2d] [Ad]
roberto29911: checks 
Polyneikos: bets $0.27
roberto29911: calls $0.27
*** RIVER *** [9s 4c 2d Ad] [7s]
roberto29911: checks 
Polyneikos: checks 
*** SHOW DOWN ***
roberto29911: shows [As 3s] (a pair of Aces)
Polyneikos: shows [Qs Ac] (a pair of Aces - Queen kicker)
Polyneikos collected $0.88 from pot
*** SUMMARY ***
Total pot $0.91 | Rake $0.03 
Board [9s 4c 2d Ad 7s]
Seat 1: roberto29911 showed [As 3s] and lost with a pair of Aces
Seat 2: Polyneikos (button) showed [Qs Ac] and won ($0.88) with a pair of Aces
Seat 3: Lorpugo (small blind) folded before Flop
Seat 4: xvat7 (big blind) folded before Flop
Seat 5: technotrader folded before Flop (didn't bet)



PokerStars Hand #240844100546:  Hold'em No Limit ($0.01/$0.02 USD) - 2023/01/01 15:31:36 ET
Table 'Eulalia II' 6-max Seat #3 is the button
Seat 1: roberto29911 ($0.60 in chips) 
Seat 2: Polyneikos ($3.15 in chips) 
Seat 3: Lorpugo ($3.17 in chips) 
Seat 4: xvat7 ($2.30 in chips) 
Seat 5: technotrader ($0.89 in chips) 
xvat7: posts small blind $0.01
technotrader: posts big blind $0.02
*** HOLE CARDS ***
Dealt to Lorpugo [3h 4s]
roberto29911: folds 
Polyneikos: folds 
Lorpugo: folds 
xvat7: folds 
Uncalled bet ($0.01) returned to technotrader
technotrader collected $0.02 from pot
technotrader: doesn't show hand 
*** SUMMARY ***
Total pot $0.02 | Rake $0 
Seat 1: roberto29911 folded before Flop (didn't bet)
Seat 2: Polyneikos folded before Flop (didn't bet)
Seat 3: Lorpugo (button) folded before Flop (didn't bet)
Seat 4: xvat7 (small blind) folded before Flop
Seat 5: technotrader (big blind) collected ($0.02)



PokerStars Hand #240844105236:  Hold'em No Limit ($0.01/$0.02 USD) - 2023/01/01 15:31:46 ET
Table 'Eulalia II' 6-max Seat #4 is the button
Seat 1: roberto29911 ($0.60 in chips) 
Seat 2: Polyneikos ($3.15 in chips) 
Seat 3: Lorpugo ($3.17 in chips) 
Seat 4: xvat7 ($2.29 in chips) 
Seat 5: technotrader ($0.90 in chips) 
Seat 6: FerMontex ($1.55 in chips) 
technotrader: posts small blind $0.01
FerMontex: posts big blind $0.02
*** HOLE CARDS ***
Dealt to Lorpugo [4d Ad]
roberto29911: calls $0.02
Polyneikos: folds 
Lorpugo: raises $0.04 to $0.06
xvat7: raises $0.12 to $0.18
technotrader: folds 
FerMontex: calls $0.16
roberto29911: calls $0.16
Lorpugo: folds 
*** FLOP *** [6h Jh 3h]
FerMontex: checks 
roberto29911: checks 
xvat7: bets $0.21
FerMontex: folds 
roberto29911: calls $0.21
*** TURN *** [6h Jh 3h] [7h]
roberto29911: checks 
xvat7: bets $0.50
roberto29911: folds 
Uncalled bet ($0.50) returned to xvat7
xvat7 collected $0.99 from pot
xvat7: doesn't show hand 
*** SUMMARY ***
Total pot $1.03 | Rake $0.04 
Board [6h Jh 3h 7h]
Seat 1: roberto29911 folded on the Turn
Seat 2: Polyneikos folded before Flop (didn't bet)
Seat 3: Lorpugo folded before Flop
Seat 4: xvat7 (button) collected ($0.99)
Seat 5: technotrader (small blind) folded before Flop
Seat 6: FerMontex (big blind) folded on the Flop



PokerStars Hand #240844144590:  Hold'em No Limit ($0.01/$0.02 USD) - 2023/01/01 15:33:06 ET
Table 'Eulalia II' 6-max Seat #5 is the button
Seat 1: roberto29911 ($0.21 in chips) 
Seat 2: Polyneikos ($3.15 in chips) 
Seat 3: Lorpugo ($3.11 in chips) 
Seat 4: xvat7 ($2.89 in chips) 
Seat 5: technotrader ($0.89 in chips) 
Seat 6: FerMontex ($1.37 in chips) 
FerMontex: posts small blind $0.01
roberto29911: posts big blind $0.02
*** HOLE CARDS ***
Dealt to Lorpugo [Qd 6s]
Polyneikos: folds 
Lorpugo: folds 
xvat7: folds 
technotrader: folds 
FerMontex: folds 
Uncalled bet ($0.01) returned to roberto29911
roberto29911 collected $0.02 from pot
*** SUMMARY ***
Total pot $0.02 | Rake $0 
Seat 1: roberto29911 (big blind) collected ($0.02)
Seat 2: Polyneikos folded before Flop (didn't bet)
Seat 3: Lorpugo folded before Flop (didn't bet)
Seat 4: xvat7 folded before Flop (didn't bet)
Seat 5: technotrader (button) folded before Flop (didn't bet)
Seat 6: FerMontex (small blind) folded before Flop



PokerStars Hand #240844151768:  Hold'em No Limit ($0.01/$0.02 USD) - 2023/01/01 15:33:21 ET
Table 'Eulalia II' 6-max Seat #6 is the button
Seat 1: roberto29911 ($0.22 in chips) 
Seat 2: Polyneikos ($3.15 in chips) 
Seat 3: Lorpugo ($3.11 in chips) 
Seat 4: xvat7 ($2.89 in chips) 
Seat 5: technotrader ($0.89 in chips) 
Seat 6: FerMontex ($1.36 in chips) 
roberto29911: posts small blind $0.01
Polyneikos: posts big blind $0.02
*** HOLE CARDS ***
Dealt to Lorpugo [Ks 6d]
Lorpugo: folds 
xvat7: folds 
technotrader: calls $0.02
FerMontex: calls $0.02
roberto29911: raises $0.08 to $0.10
Polyneikos: folds 
technotrader: folds 
FerMontex: calls $0.08
*** FLOP *** [4h Kh Kc]
roberto29911: bets $0.12 and is all-in
FerMontex: calls $0.12
FerMontex has timed out
*** TURN *** [4h Kh Kc] [Qd]
*** RIVER *** [4h Kh Kc Qd] [2c]
*** SHOW DOWN ***
roberto29911: shows [Ah 3c] (a pair of Kings)
FerMontex: shows [7s 7d] (two pair, Kings and Sevens)
FerMontex collected $0.46 from pot
*** SUMMARY ***
Total pot $0.48 | Rake $0.02 
Board [4h Kh Kc Qd 2c]
Seat 1: roberto29911 (small blind) showed [Ah 3c] and lost with a pair of Kings
Seat 2: Polyneikos (big blind) folded before Flop
Seat 3: Lorpugo folded before Flop (didn't bet)
Seat 4: xvat7 folded before Flop (didn't bet)
Seat 5: technotrader folded before Flop
Seat 6: FerMontex (button) showed [7s 7d] and won ($0.46) with two pair, Kings and Sevens



PokerStars Hand #240844176396:  Hold'em No Limit ($0.01/$0.02 USD) - 2023/01/01 15:34:11 ET
Table 'Eulalia II' 6-max Seat #2 is the button
Seat 2: Polyneikos ($3.13 in chips) 
Seat 3: Lorpugo ($3.11 in chips) 
Seat 4: xvat7 ($2.89 in chips) 
Seat 5: technotrader ($0.87 in chips) 
Seat 6: FerMontex ($1.60 in chips) 
Lorpugo: posts small blind $0.01
xvat7: posts big blind $0.02
*** HOLE CARDS ***
Dealt to Lorpugo [Tc 3s]
technotrader: folds 
FerMontex: calls $0.02
roberto29911 leaves the table
Polyneikos: raises $0.08 to $0.10
Lorpugo: folds 
xvat7: calls $0.08
FerMontex: calls $0.08
*** FLOP *** [7h Ts Jd]
xvat7: checks 
FerMontex: checks 
Polyneikos: checks 
*** TURN *** [7h Ts Jd] [4h]
hammers76 joins the table at seat #1 
xvat7: checks 
FerMontex: checks 
Polyneikos: checks 
*** RIVER *** [7h Ts Jd 4h] [3h]
xvat7: checks 
FerMontex: checks 
Polyneikos: checks 
*** SHOW DOWN ***
xvat7: shows [As 9s] (high card Ace)
FerMontex: mucks hand 
Polyneikos: shows [7s Ks] (a pair of Sevens)
Polyneikos collected $0.30 from pot
*** SUMMARY ***
Total pot $0.31 | Rake $0.01 
Board [7h Ts Jd 4h 3h]
Seat 2: Polyneikos (button) showed [7s Ks] and won ($0.30) with a pair of Sevens
Seat 3: Lorpugo (small blind) folded before Flop
Seat 4: xvat7 (big blind) showed [As 9s] and lost with high card Ace
Seat 5: technotrader folded before Flop (didn't bet)
Seat 6: FerMontex mucked [Kc 2c]



PokerStars Hand #240844214689:  Hold'em No Limit ($0.01/$0.02 USD) - 2023/01/01 15:35:30 ET
Table 'Eulalia II' 6-max Seat #3 is the button
Seat 1: hammers76 ($1.60 in chips) 
Seat 2: Polyneikos ($3.33 in chips) 
Seat 3: Lorpugo ($3.10 in chips) 
Seat 4: xvat7 ($2.79 in chips) 
Seat 5: technotrader ($0.87 in chips) 
Seat 6: FerMontex ($1.50 in chips) 
xvat7: posts small blind $0.01
technotrader: posts big blind $0.02
hammers76: posts big blind $0.02
*** HOLE CARDS ***
Dealt to Lorpugo [3d 4d]
FerMontex: calls $0.02
hammers76: checks 
Polyneikos: folds 
Lorpugo: folds 
xvat7: folds 
technotrader: checks 
*** FLOP *** [5s Tc 5c]
technotrader: checks 
FerMontex: checks 
hammers76: bets $0.04
technotrader: raises $0.14 to $0.18
FerMontex: folds 
hammers76: folds 
Uncalled bet ($0.14) returned to technotrader
technotrader collected $0.14 from pot
technotrader: doesn't show hand 
*** SUMMARY ***
Total pot $0.15 | Rake $0.01 
Board [5s Tc 5c]
Seat 1: hammers76 folded on the Flop
Seat 2: Polyneikos folded before Flop (didn't bet)
Seat 3: Lorpugo (button) folded before Flop (didn't bet)
Seat 4: xvat7 (small blind) folded before Flop
Seat 5: technotrader (big blind) collected ($0.14)
Seat 6: FerMontex folded on the Flop



PokerStars Hand #240844237859:  Hold'em No Limit ($0.01/$0.02 USD) - 2023/01/01 15:36:18 ET
Table 'Eulalia II' 6-max Seat #4 is the button
Seat 1: hammers76 ($1.54 in chips) 
Seat 2: Polyneikos ($3.33 in chips) 
Seat 3: Lorpugo ($3.10 in chips) 
Seat 4: xvat7 ($2.78 in chips) 
Seat 5: technotrader ($0.95 in chips) 
Seat 6: FerMontex ($1.48 in chips) 
technotrader: posts small blind $0.01
FerMontex: posts big blind $0.02
*** HOLE CARDS ***
Dealt to Lorpugo [7c 5d]
hammers76: folds 
Polyneikos: folds 
Lorpugo: folds 
xvat7: folds 
technotrader: calls $0.01
FerMontex: checks 
*** FLOP *** [2h Qc 2d]
technotrader: checks 
FerMontex: checks 
*** TURN *** [2h Qc 2d] [2s]
technotrader: bets $0.02
FerMontex: calls $0.02
*** RIVER *** [2h Qc 2d 2s] [Kc]
technotrader: bets $0.20
FerMontex: raises $0.62 to $0.82
technotrader: raises $0.09 to $0.91 and is all-in
FerMontex: calls $0.09
*** SHOW DOWN ***
technotrader: shows [9c Ks] (a full house, Deuces full of Kings)
FerMontex: shows [3c 3h] (a full house, Deuces full of Threes)
technotrader collected $1.83 from pot
*** SUMMARY ***
Total pot $1.90 | Rake $0.07 
Board [2h Qc 2d 2s Kc]
Seat 1: hammers76 folded before Flop (didn't bet)
Seat 2: Polyneikos folded before Flop (didn't bet)
Seat 3: Lorpugo folded before Flop (didn't bet)
Seat 4: xvat7 (button) folded before Flop (didn't bet)
Seat 5: technotrader (small blind) showed [9c Ks] and won ($1.83) with a full house, Deuces full of Kings
Seat 6: FerMontex (big blind) showed [3c 3h] and lost with a full house, Deuces full of Threes



PokerStars Hand #240844264125:  Hold'em No Limit ($0.01/$0.02 USD) - 2023/01/01 15:37:11 ET
Table 'Eulalia II' 6-max Seat #5 is the button
Seat 1: hammers76 ($1.54 in chips) 
Seat 2: Polyneikos ($3.33 in chips) 
Seat 3: Lorpugo ($3.10 in chips) 
Seat 4: xvat7 ($2.78 in chips) 
Seat 5: technotrader ($1.83 in chips) 
Seat 6: FerMontex ($0.53 in chips) 
FerMontex: posts small blind $0.01
hammers76: posts big blind $0.02
*** HOLE CARDS ***
Dealt to Lorpugo [9c 6h]
Polyneikos: folds 
Lorpugo has timed out
Lorpugo: folds 
xvat7: folds 
technotrader: calls $0.02
FerMontex: calls $0.01
hammers76: checks 
*** FLOP *** [8h 5h 7c]
FerMontex: checks 
hammers76: bets $0.04
technotrader: folds 
FerMontex: folds 
Uncalled bet ($0.04) returned to hammers76
hammers76 collected $0.06 from pot
hammers76: doesn't show hand 
*** SUMMARY ***
Total pot $0.06 | Rake $0 
Board [8h 5h 7c]
Seat 1: hammers76 (big blind) collected ($0.06)
Seat 2: Polyneikos folded before Flop (didn't bet)
Seat 3: Lorpugo folded before Flop (didn't bet)
Seat 4: xvat7 folded before Flop (didn't bet)
Seat 5: technotrader (button) folded on the Flop
Seat 6: FerMontex (small blind) folded on the Flop



PokerStars Hand #240844286471:  Hold'em No Limit ($0.01/$0.02 USD) - 2023/01/01 15:37:57 ET
Table 'Eulalia II' 6-max Seat #6 is the button
Seat 1: hammers76 ($1.58 in chips) 
Seat 2: Polyneikos ($3.33 in chips) 
Seat 3: Lorpugo ($3.10 in chips) 
Seat 4: xvat7 ($2.78 in chips) 
Seat 5: technotrader ($1.81 in chips) 
Seat 6: FerMontex ($0.51 in chips) 
hammers76: posts small blind $0.01
Polyneikos: posts big blind $0.02
*** HOLE CARDS ***
Dealt to Lorpugo [Qd 6s]
Lorpugo: folds 
xvat7: folds 
technotrader: calls $0.02
FerMontex: calls $0.02
hammers76: folds 
Polyneikos: checks 
*** FLOP *** [7c Kh Ad]
Polyneikos: checks 
technotrader: checks 
FerMontex: checks 
*** TURN *** [7c Kh Ad] [Ts]
Polyneikos: checks 
technotrader: bets $0.02
FerMontex: calls $0.02
Polyneikos: folds 
*** RIVER *** [7c Kh Ad Ts] [4s]
technotrader: checks 
FerMontex: checks 
*** SHOW DOWN ***
technotrader: shows [3d 3h] (a pair of Threes)
FerMontex: shows [4c 9c] (a pair of Fours)
FerMontex collected $0.11 from pot
*** SUMMARY ***
Total pot $0.11 | Rake $0 
Board [7c Kh Ad Ts 4s]
Seat 1: hammers76 (small blind) folded before Flop
Seat 2: Polyneikos (big blind) folded on the Turn
Seat 3: Lorpugo folded before Flop (didn't bet)
Seat 4: xvat7 folded before Flop (didn't bet)
Seat 5: technotrader showed [3d 3h] and lost with a pair of Threes
Seat 6: FerMontex (button) showed [4c 9c] and won ($0.11) with a pair of Fours



PokerStars Hand #240844304116:  Hold'em No Limit ($0.01/$0.02 USD) - 2023/01/01 15:38:34 ET
Table 'Eulalia II' 6-max Seat #1 is the button
Seat 1: hammers76 ($1.57 in chips) 
Seat 2: Polyneikos ($3.31 in chips) 
Seat 3: Lorpugo ($3.10 in chips) 
Seat 4: xvat7 ($2.78 in chips) 
Seat 5: technotrader ($1.77 in chips) 
Seat 6: FerMontex ($0.58 in chips) 
Polyneikos: posts small blind $0.01
Lorpugo: posts big blind $0.02
*** HOLE CARDS ***
Dealt to Lorpugo [Qd Js]
xvat7: folds 
technotrader: folds 
FerMontex: calls $0.02
hammers76: folds 
Polyneikos: folds 
Lorpugo: checks 
*** FLOP *** [8c 9h 5h]
Lorpugo: checks 
FerMontex: checks 
*** TURN *** [8c 9h 5h] [3s]
Lorpugo: bets $0.03
FerMontex: folds 
Uncalled bet ($0.03) returned to Lorpugo
Lorpugo collected $0.05 from pot
Lorpugo: doesn't show hand 
*** SUMMARY ***
Total pot $0.05 | Rake $0 
Board [8c 9h 5h 3s]
Seat 1: hammers76 (button) folded before Flop (didn't bet)
Seat 2: Polyneikos (small blind) folded before Flop
Seat 3: Lorpugo (big blind) collected ($0.05)
Seat 4: xvat7 folded before Flop (didn't bet)
Seat 5: technotrader folded before Flop (didn't bet)
Seat 6: FerMontex folded on the Turn



PokerStars Hand #240844319138:  Hold'em No Limit ($0.01/$0.02 USD) - 2023/01/01 15:39:04 ET
Table 'Eulalia II' 6-max Seat #2 is the button
Seat 1: hammers76 ($1.57 in chips) 
Seat 2: Polyneikos ($3.30 in chips) 
Seat 3: Lorpugo ($3.13 in chips) 
Seat 4: xvat7 ($2.78 in chips) 
Seat 5: technotrader ($1.77 in chips) 
Seat 6: FerMontex ($0.56 in chips) 
Lorpugo: posts small blind $0.01
xvat7: posts big blind $0.02
*** HOLE CARDS ***
Dealt to Lorpugo [Qc 5c]
technotrader: folds 
FerMontex: calls $0.02
hammers76: raises $0.06 to $0.08
Polyneikos: folds 
Lorpugo: folds 
xvat7: folds 
FerMontex: folds 
Uncalled bet ($0.06) returned to hammers76
hammers76 collected $0.07 from pot
hammers76: doesn't show hand 
*** SUMMARY ***
Total pot $0.07 | Rake $0 
Seat 1: hammers76 collected ($0.07)
Seat 2: Polyneikos (button) folded before Flop (didn't bet)
Seat 3: Lorpugo (small blind) folded before Flop
Seat 4: xvat7 (big blind) folded before Flop
Seat 5: technotrader folded before Flop (didn't bet)
Seat 6: FerMontex folded before Flop



PokerStars Hand #240844330394:  Hold'em No Limit ($0.01/$0.02 USD) - 2023/01/01 15:39:28 ET
Table 'Eulalia II' 6-max Seat #3 is the button
Seat 1: hammers76 ($1.62 in chips) 
Seat 2: Polyneikos ($3.30 in chips) 
Seat 3: Lorpugo ($3.12 in chips) 
Seat 4: xvat7 ($2.76 in chips) 
Seat 5: technotrader ($1.77 in chips) 
Seat 6: FerMontex ($0.54 in chips) 
xvat7: posts small blind $0.01
technotrader: posts big blind $0.02
*** HOLE CARDS ***
Dealt to Lorpugo [2c 8d]
FerMontex: raises $0.52 to $0.54 and is all-in
hammers76: folds 
Polyneikos has timed out
Polyneikos: folds 
Lorpugo: folds 
xvat7: folds 
technotrader: calls $0.52
*** FLOP *** [As Jh 7h]
*** TURN *** [As Jh 7h] [7c]
*** RIVER *** [As Jh 7h 7c] [5d]
*** SHOW DOWN ***
technotrader: shows [Ah Js] (two pair, Aces and Jacks)
FerMontex: shows [Qc Kc] (a pair of Sevens)
technotrader collected $1.05 from pot
Polyneikos leaves the table
*** SUMMARY ***
Total pot $1.09 | Rake $0.04 
Board [As Jh 7h 7c 5d]
Seat 1: hammers76 folded before Flop (didn't bet)
Seat 2: Polyneikos folded before Flop (didn't bet)
Seat 3: Lorpugo (button) folded before Flop (didn't bet)
Seat 4: xvat7 (small blind) folded before Flop
Seat 5: technotrader (big blind) showed [Ah Js] and won ($1.05) with two pair, Aces and Jacks
Seat 6: FerMontex showed [Qc Kc] and lost with a pair of Sevens



PokerStars Hand #240844353184:  Hold'em No Limit ($0.01/$0.02 USD) - 2023/01/01 15:40:14 ET
Table 'Eulalia II' 6-max Seat #4 is the button
Seat 1: hammers76 ($1.62 in chips) 
Seat 3: Lorpugo ($3.12 in chips) 
Seat 4: xvat7 ($2.75 in chips) 
Seat 5: technotrader ($2.28 in chips) 
technotrader: posts small blind $0.01
hammers76: posts big blind $0.02
*** HOLE CARDS ***
Dealt to Lorpugo [4d 8s]
FerMontex leaves the table
Lorpugo: folds 
xvat7: folds 
technotrader: calls $0.01
hammers76: raises $0.06 to $0.08
technotrader: folds 
Uncalled bet ($0.06) returned to hammers76
hammers76 collected $0.04 from pot
hammers76: doesn't show hand 
*** SUMMARY ***
Total pot $0.04 | Rake $0 
Seat 1: hammers76 (big blind) collected ($0.04)
Seat 3: Lorpugo folded before Flop (didn't bet)
Seat 4: xvat7 (button) folded before Flop (didn't bet)
Seat 5: technotrader (small blind) folded before Flop



PokerStars Hand #240844368788:  Hold'em No Limit ($0.01/$0.02 USD) - 2023/01/01 15:40:46 ET
Table 'Eulalia II' 6-max Seat #5 is the button
Seat 1: hammers76 ($1.64 in chips) 
Seat 3: Lorpugo ($3.12 in chips) 
Seat 4: xvat7 ($2.75 in chips) 
Seat 5: technotrader ($2.26 in chips) 
hammers76: posts small blind $0.01
Lorpugo: posts big blind $0.02
*** HOLE CARDS ***
Dealt to Lorpugo [4d Kd]
xvat7: raises $0.03 to $0.05
technotrader: raises $0.27 to $0.32
hammers76: folds 
Lorpugo: folds 
xvat7: folds 
Uncalled bet ($0.27) returned to technotrader
technotrader collected $0.13 from pot
technotrader: doesn't show hand 
*** SUMMARY ***
Total pot $0.13 | Rake $0 
Seat 1: hammers76 (small blind) folded before Flop
Seat 3: Lorpugo (big blind) folded before Flop
Seat 4: xvat7 folded before Flop
Seat 5: technotrader (button) collected ($0.13)



PokerStars Hand #240844377224:  Hold'em No Limit ($0.01/$0.02 USD) - 2023/01/01 15:41:03 ET
Table 'Eulalia II' 6-max Seat #1 is the button
Seat 1: hammers76 ($1.63 in chips) 
Seat 3: Lorpugo ($3.10 in chips) 
Seat 5: technotrader ($2.34 in chips) 
Lorpugo: posts small blind $0.01
technotrader: posts big blind $0.02
*** HOLE CARDS ***
Dealt to Lorpugo [3h 7s]
hammers76: folds 
xvat7 leaves the table
Lorpugo: folds 
Uncalled bet ($0.01) returned to technotrader
technotrader collected $0.02 from pot
technotrader: doesn't show hand 
*** SUMMARY ***
Total pot $0.02 | Rake $0 
Seat 1: hammers76 (button) folded before Flop (didn't bet)
Seat 3: Lorpugo (small blind) folded before Flop
Seat 5: technotrader (big blind) collected ($0.02)



PokerStars Hand #240844380256:  Hold'em No Limit ($0.01/$0.02 USD) - 2023/01/01 15:41:10 ET
Table 'Eulalia II' 6-max Seat #3 is the button
Seat 1: hammers76 ($1.63 in chips) 
Seat 3: Lorpugo ($3.09 in chips) 
Seat 5: technotrader ($2.35 in chips) 
technotrader: posts small blind $0.01
hammers76: posts big blind $0.02
*** HOLE CARDS ***
Dealt to Lorpugo [As 5s]
Lorpugo: raises $0.04 to $0.06
technotrader: folds 
hammers76: folds 
Uncalled bet ($0.04) returned to Lorpugo
Lorpugo collected $0.05 from pot
Lorpugo: doesn't show hand 
*** SUMMARY ***
Total pot $0.05 | Rake $0 
Seat 1: hammers76 (big blind) folded before Flop
Seat 3: Lorpugo (button) collected ($0.05)
Seat 5: technotrader (small blind) folded before Flop



PokerStars Hand #240844384776:  Hold'em No Limit ($0.01/$0.02 USD) - 2023/01/01 15:41:19 ET
Table 'Eulalia II' 6-max Seat #5 is the button
Seat 1: hammers76 ($1.61 in chips) 
Seat 3: Lorpugo ($3.12 in chips) 
Seat 5: technotrader ($2.34 in chips) 
hammers76: posts small blind $0.01
Lorpugo: posts big blind $0.02
*** HOLE CARDS ***
Dealt to Lorpugo [3h 7h]
technotrader: folds 
hammers76: folds 
Uncalled bet ($0.01) returned to Lorpugo
Lorpugo collected $0.02 from pot
Lorpugo: doesn't show hand 
*** SUMMARY ***
Total pot $0.02 | Rake $0 
Seat 1: hammers76 (small blind) folded before Flop
Seat 3: Lorpugo (big blind) collected ($0.02)
Seat 5: technotrader (button) folded before Flop (didn't bet)



PokerStars Hand #240844387716:  Hold'em No Limit ($0.01/$0.02 USD) - 2023/01/01 15:41:25 ET
Table 'Eulalia II' 6-max Seat #1 is the button
Seat 1: hammers76 ($1.60 in chips) 
Seat 3: Lorpugo ($3.13 in chips) 
Seat 5: technotrader ($2.34 in chips) 
Lorpugo: posts small blind $0.01
technotrader: posts big blind $0.02
*** HOLE CARDS ***
Dealt to Lorpugo [7s 2c]
hammers76: folds 
Lorpugo: raises $0.04 to $0.06
technotrader: folds 
Uncalled bet ($0.04) returned to Lorpugo
Lorpugo collected $0.04 from pot
Lorpugo: doesn't show hand 
*** SUMMARY ***
Total pot $0.04 | Rake $0 
Seat 1: hammers76 (button) folded before Flop (didn't bet)
Seat 3: Lorpugo (small blind) collected ($0.04)
Seat 5: technotrader (big blind) folded before Flop



PokerStars Hand #240844395401:  Hold'em No Limit ($0.01/$0.02 USD) - 2023/01/01 15:41:41 ET
Table 'Eulalia II' 6-max Seat #3 is the button
Seat 1: hammers76 ($1.60 in chips) 
Seat 3: Lorpugo ($3.15 in chips) 
Seat 5: technotrader ($2.32 in chips) 
technotrader: posts small blind $0.01
hammers76: posts big blind $0.02
*** HOLE CARDS ***
Dealt to Lorpugo [6h 6d]
Lorpugo: raises $0.04 to $0.06
technotrader: raises $0.12 to $0.18
hammers76: folds 
Lorpugo: folds 
Uncalled bet ($0.12) returned to technotrader
technotrader collected $0.14 from pot
technotrader: doesn't show hand 
*** SUMMARY ***
Total pot $0.14 | Rake $0 
Seat 1: hammers76 (big blind) folded before Flop
Seat 3: Lorpugo (button) folded before Flop
Seat 5: technotrader (small blind) collected ($0.14)



PokerStars Hand #240844404630:  Hold'em No Limit ($0.01/$0.02 USD) - 2023/01/01 15:42:00 ET
Table 'Eulalia II' 6-max Seat #5 is the button
Seat 1: hammers76 ($1.58 in chips) 
Seat 3: Lorpugo ($3.09 in chips) 
Seat 5: technotrader ($2.40 in chips) 
hammers76: posts small blind $0.01
Lorpugo: posts big blind $0.02
*** HOLE CARDS ***
Dealt to Lorpugo [8h 9d]
technotrader: folds 
hammers76: raises $0.04 to $0.06
Lorpugo: calls $0.04
*** FLOP *** [Qd 2s Qh]
hammers76: checks 
Lorpugo: bets $0.06
hammers76: calls $0.06
*** TURN *** [Qd 2s Qh] [4s]
hammers76: checks 
Lorpugo: checks 
*** RIVER *** [Qd 2s Qh 4s] [8s]
hammers76: bets $0.16
Lorpugo: calls $0.16
*** SHOW DOWN ***
hammers76: shows [Ah Kd] (a pair of Queens)
Lorpugo: shows [8h 9d] (two pair, Queens and Eights)
Lorpugo collected $0.54 from pot
*** SUMMARY ***
Total pot $0.56 | Rake $0.02 
Board [Qd 2s Qh 4s 8s]
Seat 1: hammers76 (small blind) showed [Ah Kd] and lost with a pair of Queens
Seat 3: Lorpugo (big blind) showed [8h 9d] and won ($0.54) with two pair, Queens and Eights
Seat 5: technotrader (button) folded before Flop (didn't bet)



PokerStars Hand #240844430571:  Hold'em No Limit ($0.01/$0.02 USD) - 2023/01/01 15:42:53 ET
Table 'Eulalia II' 6-max Seat #1 is the button
Seat 1: hammers76 ($1.30 in chips) 
Seat 3: Lorpugo ($3.35 in chips) 
Seat 5: technotrader ($2.40 in chips) 
Lorpugo: posts small blind $0.01
technotrader: posts big blind $0.02
*** HOLE CARDS ***
Dealt to Lorpugo [2d As]
hammers76: folds 
Lorpugo: raises $0.04 to $0.06
technotrader: raises $0.44 to $0.50
Lorpugo: folds 
Uncalled bet ($0.44) returned to technotrader
technotrader collected $0.12 from pot
technotrader: doesn't show hand 
*** SUMMARY ***
Total pot $0.12 | Rake $0 
Seat 1: hammers76 (button) folded before Flop (didn't bet)
Seat 3: Lorpugo (small blind) folded before Flop
Seat 5: technotrader (big blind) collected ($0.12)



PokerStars Hand #240844439685:  Hold'em No Limit ($0.01/$0.02 USD) - 2023/01/01 15:43:12 ET
Table 'Eulalia II' 6-max Seat #3 is the button
Seat 1: hammers76 ($1.30 in chips) 
Seat 3: Lorpugo ($3.29 in chips) 
Seat 5: technotrader ($2.46 in chips) 
technotrader: posts small blind $0.01
hammers76: posts big blind $0.02
*** HOLE CARDS ***
Dealt to Lorpugo [Kc 7c]
Lorpugo: raises $0.04 to $0.06
technotrader: raises $0.44 to $0.50
hammers76: folds 
Lorpugo: folds 
Uncalled bet ($0.44) returned to technotrader
technotrader collected $0.14 from pot
technotrader: doesn't show hand 
*** SUMMARY ***
Total pot $0.14 | Rake $0 
Seat 1: hammers76 (big blind) folded before Flop
Seat 3: Lorpugo (button) folded before Flop
Seat 5: technotrader (small blind) collected ($0.14)



PokerStars Hand #240844449249:  Hold'em No Limit ($0.01/$0.02 USD) - 2023/01/01 15:43:32 ET
Table 'Eulalia II' 6-max Seat #5 is the button
Seat 1: hammers76 ($1.28 in chips) 
Seat 3: Lorpugo ($3.23 in chips) 
Seat 5: technotrader ($2.54 in chips) 
hammers76: posts small blind $0.01
Lorpugo: posts big blind $0.02
*** HOLE CARDS ***
Dealt to Lorpugo [4s 5d]
technotrader: folds 
hammers76: calls $0.01
Lorpugo: checks 
*** FLOP *** [8d Jc Tc]
hammers76: checks 
Lorpugo: checks 
*** TURN *** [8d Jc Tc] [Qs]
hammers76: bets $0.04
Lorpugo: folds 
Uncalled bet ($0.04) returned to hammers76
hammers76 collected $0.04 from pot
hammers76: doesn't show hand 
*** SUMMARY ***
Total pot $0.04 | Rake $0 
Board [8d Jc Tc Qs]
Seat 1: hammers76 (small blind) collected ($0.04)
Seat 3: Lorpugo (big blind) folded on the Turn
Seat 5: technotrader (button) folded before Flop (didn't bet)



PokerStars Hand #240844461024:  Hold'em No Limit ($0.01/$0.02 USD) - 2023/01/01 15:43:56 ET
Table 'Eulalia II' 6-max Seat #1 is the button
Seat 1: hammers76 ($1.30 in chips) 
Seat 3: Lorpugo ($3.21 in chips) 
Seat 5: technotrader ($2.54 in chips) 
Lorpugo: posts small blind $0.01
technotrader: posts big blind $0.02
*** HOLE CARDS ***
Dealt to Lorpugo [7c Qc]
hammers76: raises $0.02 to $0.04
Lorpugo: calls $0.03
technotrader: folds 
*** FLOP *** [Ad 4d 5s]
Lorpugo: checks 
hammers76: checks 
*** TURN *** [Ad 4d 5s] [3c]
Lorpugo: bets $0.03
hammers76: folds 
Uncalled bet ($0.03) returned to Lorpugo
Lorpugo collected $0.10 from pot
Lorpugo: doesn't show hand 
*** SUMMARY ***
Total pot $0.10 | Rake $0 
Board [Ad 4d 5s 3c]
Seat 1: hammers76 (button) folded on the Turn
Seat 3: Lorpugo (small blind) collected ($0.10)
Seat 5: technotrader (big blind) folded before Flop



PokerStars Hand #240844476256:  Hold'em No Limit ($0.01/$0.02 USD) - 2023/01/01 15:44:27 ET
Table 'Eulalia II' 6-max Seat #3 is the button
Seat 1: hammers76 ($1.26 in chips) 
Seat 3: Lorpugo ($3.27 in chips) 
Seat 5: technotrader ($2.52 in chips) 
technotrader: posts small blind $0.01
hammers76: posts big blind $0.02
*** HOLE CARDS ***
Dealt to Lorpugo [5h 6d]
Lorpugo: raises $0.02 to $0.04
technotrader: folds 
hammers76: calls $0.02
*** FLOP *** [Ks 6h 6c]
hammers76: checks 
Lorpugo: bets $0.05
hammers76: folds 
Uncalled bet ($0.05) returned to Lorpugo
Lorpugo collected $0.09 from pot
Lorpugo: doesn't show hand 
*** SUMMARY ***
Total pot $0.09 | Rake $0 
Board [Ks 6h 6c]
Seat 1: hammers76 (big blind) folded on the Flop
Seat 3: Lorpugo (button) collected ($0.09)
Seat 5: technotrader (small blind) folded before Flop



PokerStars Hand #240844486732:  Hold'em No Limit ($0.01/$0.02 USD) - 2023/01/01 15:44:49 ET
Table 'Eulalia II' 6-max Seat #5 is the button
Seat 1: hammers76 ($1.22 in chips) 
Seat 3: Lorpugo ($3.32 in chips) 
Seat 5: technotrader ($2.51 in chips) 
hammers76: posts small blind $0.01
Lorpugo: posts big blind $0.02
*** HOLE CARDS ***
Dealt to Lorpugo [Jc 9s]
technotrader: folds 
hammers76: raises $0.04 to $0.06
Lorpugo: calls $0.04
*** FLOP *** [4d 7h 7c]
hammers76: checks 
Lorpugo: checks 
*** TURN *** [4d 7h 7c] [5d]
hammers76: bets $0.08
Lorpugo: folds 
Uncalled bet ($0.08) returned to hammers76
hammers76 collected $0.12 from pot
hammers76: doesn't show hand 
*** SUMMARY ***
Total pot $0.12 | Rake $0 
Board [4d 7h 7c 5d]
Seat 1: hammers76 (small blind) collected ($0.12)
Seat 3: Lorpugo (big blind) folded on the Turn
Seat 5: technotrader (button) folded before Flop (didn't bet)



PokerStars Hand #240844502009:  Hold'em No Limit ($0.01/$0.02 USD) - 2023/01/01 15:45:21 ET
Table 'Eulalia II' 6-max Seat #1 is the button
Seat 1: hammers76 ($1.28 in chips) 
Seat 3: Lorpugo ($3.26 in chips) 
Seat 5: technotrader ($2.51 in chips) 
Lorpugo: posts small blind $0.01
technotrader: posts big blind $0.02
*** HOLE CARDS ***
Dealt to Lorpugo [4c 6c]
hammers76: raises $0.02 to $0.04
Lorpugo: calls $0.03
technotrader: folds 
*** FLOP *** [6s Td 5s]
Lorpugo: checks 
hammers76: checks 
*** TURN *** [6s Td 5s] [Qc]
Lorpugo: bets $0.02
hammers76: folds 
Uncalled bet ($0.02) returned to Lorpugo
Lorpugo collected $0.10 from pot
Lorpugo: doesn't show hand 
*** SUMMARY ***
Total pot $0.10 | Rake $0 
Board [6s Td 5s Qc]
Seat 1: hammers76 (button) folded on the Turn
Seat 3: Lorpugo (small blind) collected ($0.10)
Seat 5: technotrader (big blind) folded before Flop



PokerStars Hand #240844513447:  Hold'em No Limit ($0.01/$0.02 USD) - 2023/01/01 15:45:44 ET
Table 'Eulalia II' 6-max Seat #3 is the button
Seat 1: hammers76 ($1.24 in chips) 
Seat 3: Lorpugo ($3.32 in chips) 
Seat 5: technotrader ($2.49 in chips) 
technotrader: posts small blind $0.01
hammers76: posts big blind $0.02
*** HOLE CARDS ***
Dealt to Lorpugo [Td 2h]
Lorpugo: folds 
technotrader: calls $0.01
hammers76: checks 
*** FLOP *** [5c Ts 8c]
technotrader: bets $0.02
hammers76: folds 
Uncalled bet ($0.02) returned to technotrader
technotrader collected $0.04 from pot
technotrader: doesn't show hand 
*** SUMMARY ***
Total pot $0.04 | Rake $0 
Board [5c Ts 8c]
Seat 1: hammers76 (big blind) folded on the Flop
Seat 3: Lorpugo (button) folded before Flop (didn't bet)
Seat 5: technotrader (small blind) collected ($0.04)



PokerStars Hand #240844521435:  Hold'em No Limit ($0.01/$0.02 USD) - 2023/01/01 15:46:01 ET
Table 'Eulalia II' 6-max Seat #5 is the button
Seat 1: hammers76 ($1.22 in chips) 
Seat 3: Lorpugo ($3.32 in chips) 
Seat 5: technotrader ($2.51 in chips) 
hammers76: posts small blind $0.01
Lorpugo: posts big blind $0.02
*** HOLE CARDS ***
Dealt to Lorpugo [Js Ah]
technotrader: folds 
hammers76: calls $0.01
Lorpugo: raises $0.06 to $0.08
hammers76: calls $0.06
*** FLOP *** [Tc 8c 7d]
hammers76: checks 
Lorpugo: checks 
*** TURN *** [Tc 8c 7d] [8h]
hammers76: checks 
Lorpugo: bets $0.08
hammers76: folds 
Uncalled bet ($0.08) returned to Lorpugo
Lorpugo collected $0.15 from pot
Lorpugo: doesn't show hand 
*** SUMMARY ***
Total pot $0.16 | Rake $0.01 
Board [Tc 8c 7d 8h]
Seat 1: hammers76 (small blind) folded on the Turn
Seat 3: Lorpugo (big blind) collected ($0.15)
Seat 5: technotrader (button) folded before Flop (didn't bet)



PokerStars Hand #240844536074:  Hold'em No Limit ($0.01/$0.02 USD) - 2023/01/01 15:46:32 ET
Table 'Eulalia II' 6-max Seat #1 is the button
Seat 1: hammers76 ($1.14 in chips) 
Seat 3: Lorpugo ($3.39 in chips) 
Seat 5: technotrader ($2.51 in chips) 
Lorpugo: posts small blind $0.01
technotrader: posts big blind $0.02
*** HOLE CARDS ***
Dealt to Lorpugo [3d 7h]
hammers76: folds 
Lorpugo: folds 
Uncalled bet ($0.01) returned to technotrader
technotrader collected $0.02 from pot
technotrader: doesn't show hand 
*** SUMMARY ***
Total pot $0.02 | Rake $0 
Seat 1: hammers76 (button) folded before Flop (didn't bet)
Seat 3: Lorpugo (small blind) folded before Flop
Seat 5: technotrader (big blind) collected ($0.02)



PokerStars Hand #240844539141:  Hold'em No Limit ($0.01/$0.02 USD) - 2023/01/01 15:46:38 ET
Table 'Eulalia II' 6-max Seat #3 is the button
Seat 1: hammers76 ($1.14 in chips) 
Seat 3: Lorpugo ($3.38 in chips) 
Seat 5: technotrader ($2.52 in chips) 
technotrader: posts small blind $0.01
hammers76: posts big blind $0.02
*** HOLE CARDS ***
Dealt to Lorpugo [3h 9s]
Lorpugo: folds 
technotrader: calls $0.01
hammers76: checks 
*** FLOP *** [Kd 7h 8d]
technotrader: checks 
hammers76: checks 
*** TURN *** [Kd 7h 8d] [4d]
technotrader: bets $0.02
hammers76: folds 
Uncalled bet ($0.02) returned to technotrader
technotrader collected $0.04 from pot
technotrader: doesn't show hand 
*** SUMMARY ***
Total pot $0.04 | Rake $0 
Board [Kd 7h 8d 4d]
Seat 1: hammers76 (big blind) folded on the Turn
Seat 3: Lorpugo (button) folded before Flop (didn't bet)
Seat 5: technotrader (small blind) collected ($0.04)



PokerStars Hand #240844551939:  Hold'em No Limit ($0.01/$0.02 USD) - 2023/01/01 15:47:05 ET
Table 'Eulalia II' 6-max Seat #5 is the button
Seat 1: hammers76 ($1.12 in chips) 
Seat 3: Lorpugo ($3.38 in chips) 
Seat 5: technotrader ($2.54 in chips) 
hammers76: posts small blind $0.01
Lorpugo: posts big blind $0.02
*** HOLE CARDS ***
Dealt to Lorpugo [Qh Tc]
technotrader: calls $0.02
hammers76: folds 
Lorpugo: checks 
*** FLOP *** [6h 7s Ts]
Lorpugo: checks 
technotrader: bets $0.02
Lorpugo: calls $0.02
*** TURN *** [6h 7s Ts] [5s]
Lorpugo: checks 
technotrader: checks 
*** RIVER *** [6h 7s Ts 5s] [7h]
Lorpugo: checks 
technotrader: bets $0.06
Lorpugo: calls $0.06
*** SHOW DOWN ***
technotrader: shows [9d Ks] (a pair of Sevens)
Lorpugo: shows [Qh Tc] (two pair, Tens and Sevens)
Lorpugo collected $0.20 from pot
*** SUMMARY ***
Total pot $0.21 | Rake $0.01 
Board [6h 7s Ts 5s 7h]
Seat 1: hammers76 (small blind) folded before Flop
Seat 3: Lorpugo (big blind) showed [Qh Tc] and won ($0.20) with two pair, Tens and Sevens
Seat 5: technotrader (button) showed [9d Ks] and lost with a pair of Sevens



PokerStars Hand #240844570357:  Hold'em No Limit ($0.01/$0.02 USD) - 2023/01/01 15:47:43 ET
Table 'Eulalia II' 6-max Seat #1 is the button
Seat 1: hammers76 ($1.11 in chips) 
Seat 3: Lorpugo ($3.48 in chips) 
Seat 5: technotrader ($2.44 in chips) 
Lorpugo: posts small blind $0.01
technotrader: posts big blind $0.02
*** HOLE CARDS ***
Dealt to Lorpugo [5h 6d]
hammers76: folds 
Lorpugo: raises $0.02 to $0.04
technotrader: raises $0.16 to $0.20
Lorpugo: folds 
Uncalled bet ($0.16) returned to technotrader
technotrader collected $0.08 from pot
technotrader: doesn't show hand 
*** SUMMARY ***
Total pot $0.08 | Rake $0 
Seat 1: hammers76 (button) folded before Flop (didn't bet)
Seat 3: Lorpugo (small blind) folded before Flop
Seat 5: technotrader (big blind) collected ($0.08)



PokerStars Hand #240844576816:  Hold'em No Limit ($0.01/$0.02 USD) - 2023/01/01 15:47:57 ET
Table 'Eulalia II' 6-max Seat #3 is the button
Seat 1: hammers76 ($1.11 in chips) 
Seat 3: Lorpugo ($3.44 in chips) 
Seat 5: technotrader ($2.48 in chips) 
technotrader: posts small blind $0.01
hammers76: posts big blind $0.02
*** HOLE CARDS ***
Dealt to Lorpugo [Td Jc]
Lorpugo: raises $0.02 to $0.04
technotrader: folds 
hammers76: folds 
Uncalled bet ($0.02) returned to Lorpugo
Lorpugo collected $0.05 from pot
Lorpugo: doesn't show hand 
*** SUMMARY ***
Total pot $0.05 | Rake $0 
Seat 1: hammers76 (big blind) folded before Flop
Seat 3: Lorpugo (button) collected ($0.05)
Seat 5: technotrader (small blind) folded before Flop



PokerStars Hand #240844581347:  Hold'em No Limit ($0.01/$0.02 USD) - 2023/01/01 15:48:06 ET
Table 'Eulalia II' 6-max Seat #5 is the button
Seat 1: hammers76 ($1.09 in chips) 
Seat 3: Lorpugo ($3.47 in chips) 
Seat 5: technotrader ($2.47 in chips) 
hammers76: posts small blind $0.01
Lorpugo: posts big blind $0.02
*** HOLE CARDS ***
Dealt to Lorpugo [8h 2s]
technotrader: folds 
hammers76: calls $0.01
gosutitts joins the table at seat #6 
Lorpugo: checks 
*** FLOP *** [3h 4c Ts]
hammers76: checks 
Lorpugo: bets $0.02
hammers76: folds 
Uncalled bet ($0.02) returned to Lorpugo
Lorpugo collected $0.04 from pot
Lorpugo: doesn't show hand 
*** SUMMARY ***
Total pot $0.04 | Rake $0 
Board [3h 4c Ts]
Seat 1: hammers76 (small blind) folded on the Flop
Seat 3: Lorpugo (big blind) collected ($0.04)
Seat 5: technotrader (button) folded before Flop (didn't bet)



PokerStars Hand #240844591879:  Hold'em No Limit ($0.01/$0.02 USD) - 2023/01/01 15:48:28 ET
Table 'Eulalia II' 6-max Seat #1 is the button
Seat 1: hammers76 ($1.07 in chips) 
Seat 3: Lorpugo ($3.49 in chips) 
Seat 5: technotrader ($2.47 in chips) 
Lorpugo: posts small blind $0.01
technotrader: posts big blind $0.02
*** HOLE CARDS ***
Dealt to Lorpugo [9s 8d]
hammers76: folds 
Lorpugo: raises $0.02 to $0.04
technotrader: folds 
Uncalled bet ($0.02) returned to Lorpugo
Lorpugo collected $0.04 from pot
Lorpugo: doesn't show hand 
*** SUMMARY ***
Total pot $0.04 | Rake $0 
Seat 1: hammers76 (button) folded before Flop (didn't bet)
Seat 3: Lorpugo (small blind) collected ($0.04)
Seat 5: technotrader (big blind) folded before Flop



PokerStars Hand #240844596858:  Hold'em No Limit ($0.01/$0.02 USD) - 2023/01/01 15:48:39 ET
Table 'Eulalia II' 6-max Seat #3 is the button
Seat 1: hammers76 ($1.07 in chips) 
Seat 3: Lorpugo ($3.51 in chips) 
Seat 5: technotrader ($2.45 in chips) 
Seat 6: gosutitts ($2 in chips) 
technotrader: posts small blind $0.01
gosutitts: posts big blind $0.02
*** HOLE CARDS ***
Dealt to Lorpugo [6h 5s]
hammers76: raises $0.04 to $0.06
Lorpugo: folds 
technotrader: folds 
gosutitts: folds 
Uncalled bet ($0.04) returned to hammers76
hammers76 collected $0.05 from pot
hammers76: doesn't show hand 
*** SUMMARY ***
Total pot $0.05 | Rake $0 
Seat 1: hammers76 collected ($0.05)
Seat 3: Lorpugo (button) folded before Flop (didn't bet)
Seat 5: technotrader (small blind) folded before Flop
Seat 6: gosutitts (big blind) folded before Flop



PokerStars Hand #240844604743:  Hold'em No Limit ($0.01/$0.02 USD) - 2023/01/01 15:48:55 ET
Table 'Eulalia II' 6-max Seat #5 is the button
Seat 1: hammers76 ($1.10 in chips) 
Seat 3: Lorpugo ($3.51 in chips) 
Seat 5: technotrader ($2.44 in chips) 
Seat 6: gosutitts ($2 in chips) 
gosutitts: posts small blind $0.01
hammers76: posts big blind $0.02
*** HOLE CARDS ***
Dealt to Lorpugo [9c 9h]
Lorpugo: raises $0.02 to $0.04
technotrader: folds 
gosutitts: raises $0.16 to $0.20
hammers76: folds 
Lorpugo: folds 
Uncalled bet ($0.16) returned to gosutitts
gosutitts collected $0.10 from pot
gosutitts: doesn't show hand 
*** SUMMARY ***
Total pot $0.10 | Rake $0 
Seat 1: hammers76 (big blind) folded before Flop
Seat 3: Lorpugo folded before Flop
Seat 5: technotrader (button) folded before Flop (didn't bet)
Seat 6: gosutitts (small blind) collected ($0.10)



PokerStars Hand #240844617197:  Hold'em No Limit ($0.01/$0.02 USD) - 2023/01/01 15:49:21 ET
Table 'Eulalia II' 6-max Seat #6 is the button
Seat 1: hammers76 ($1.08 in chips) 
Seat 3: Lorpugo ($3.47 in chips) 
Seat 5: technotrader ($2.44 in chips) 
Seat 6: gosutitts ($2.06 in chips) 
hammers76: posts small blind $0.01
Lorpugo: posts big blind $0.02
*** HOLE CARDS ***
Dealt to Lorpugo [4s Qh]
technotrader: calls $0.02
gosutitts: raises $0.06 to $0.08
hammers76: folds 
Lorpugo: folds 
technotrader: raises $2.36 to $2.44 and is all-in
gosutitts: folds 
Uncalled bet ($2.36) returned to technotrader
technotrader collected $0.19 from pot
technotrader: doesn't show hand 
*** SUMMARY ***
Total pot $0.19 | Rake $0 
Seat 1: hammers76 (small blind) folded before Flop
Seat 3: Lorpugo (big blind) folded before Flop
Seat 5: technotrader collected ($0.19)
Seat 6: gosutitts (button) folded before Flop



PokerStars Hand #240844626338:  Hold'em No Limit ($0.01/$0.02 USD) - 2023/01/01 15:49:41 ET
Table 'Eulalia II' 6-max Seat #1 is the button
Seat 1: hammers76 ($1.07 in chips) 
Seat 3: Lorpugo ($3.45 in chips) 
Seat 5: technotrader ($2.55 in chips) 
Seat 6: gosutitts ($2 in chips) 
Lorpugo: posts small blind $0.01
technotrader: posts big blind $0.02
*** HOLE CARDS ***
Dealt to Lorpugo [8s 5d]
gosutitts: folds 
hammers76: raises $0.04 to $0.06
Lorpugo: folds 
technotrader: folds 
Uncalled bet ($0.04) returned to hammers76
hammers76 collected $0.05 from pot
hammers76: doesn't show hand 
*** SUMMARY ***
Total pot $0.05 | Rake $0 
Seat 1: hammers76 (button) collected ($0.05)
Seat 3: Lorpugo (small blind) folded before Flop
Seat 5: technotrader (big blind) folded before Flop
Seat 6: gosutitts folded before Flop (didn't bet)



PokerStars Hand #240844634921:  Hold'em No Limit ($0.01/$0.02 USD) - 2023/01/01 15:49:58 ET
Table 'Eulalia II' 6-max Seat #3 is the button
Seat 1: hammers76 ($1.10 in chips) 
Seat 3: Lorpugo ($3.44 in chips) 
Seat 5: technotrader ($2.53 in chips) 
Seat 6: gosutitts ($2 in chips) 
technotrader: posts small blind $0.01
gosutitts: posts big blind $0.02
*** HOLE CARDS ***
Dealt to Lorpugo [5d 7c]
hammers76: folds 
Lorpugo: folds 
technotrader: calls $0.01
gosutitts: checks 
*** FLOP *** [3c 5c 3s]
technotrader: bets $0.06
lucas_hood88 joins the table at seat #2 
gosutitts: raises $0.13 to $0.19
schnappfisch joins the table at seat #4 
technotrader: raises $0.85 to $1.04
gosutitts: folds 
Uncalled bet ($0.85) returned to technotrader
technotrader collected $0.41 from pot
technotrader: doesn't show hand 
*** SUMMARY ***
Total pot $0.42 | Rake $0.01 
Board [3c 5c 3s]
Seat 1: hammers76 folded before Flop (didn't bet)
Seat 3: Lorpugo (button) folded before Flop (didn't bet)
Seat 5: technotrader (small blind) collected ($0.41)
Seat 6: gosutitts (big blind) folded on the Flop



PokerStars Hand #240844653837:  Hold'em No Limit ($0.01/$0.02 USD) - 2023/01/01 15:50:39 ET
Table 'Eulalia II' 6-max Seat #5 is the button
Seat 1: hammers76 ($1.10 in chips) 
Seat 3: Lorpugo ($3.44 in chips) 
Seat 4: schnappfisch ($0.80 in chips) 
Seat 5: technotrader ($2.73 in chips) 
Seat 6: gosutitts ($2 in chips) 
gosutitts: posts small blind $0.01
hammers76: posts big blind $0.02
schnappfisch: posts big blind $0.02
*** HOLE CARDS ***
Dealt to Lorpugo [6c 3d]
Lorpugo: folds 
schnappfisch: checks 
technotrader: folds 
gosutitts: raises $0.07 to $0.09
hammers76: folds 
schnappfisch: calls $0.07
*** FLOP *** [3c Kc Ts]
gosutitts: checks 
schnappfisch: checks 
*** TURN *** [3c Kc Ts] [4c]
gosutitts: bets $0.06
schnappfisch: raises $0.06 to $0.12
gosutitts: folds 
Uncalled bet ($0.06) returned to schnappfisch
schnappfisch collected $0.31 from pot
*** SUMMARY ***
Total pot $0.32 | Rake $0.01 
Board [3c Kc Ts 4c]
Seat 1: hammers76 (big blind) folded before Flop
Seat 3: Lorpugo folded before Flop (didn't bet)
Seat 4: schnappfisch collected ($0.31)
Seat 5: technotrader (button) folded before Flop (didn't bet)
Seat 6: gosutitts (small blind) folded on the Turn



PokerStars Hand #240844674071:  Hold'em No Limit ($0.01/$0.02 USD) - 2023/01/01 15:51:22 ET
Table 'Eulalia II' 6-max Seat #6 is the button
Seat 1: hammers76 ($1.08 in chips) 
Seat 2: lucas_hood88 ($2 in chips) 
Seat 3: Lorpugo ($3.44 in chips) 
Seat 4: schnappfisch ($0.96 in chips) 
Seat 5: technotrader ($2.73 in chips) 
Seat 6: gosutitts ($2 in chips) 
hammers76: posts small blind $0.01
lucas_hood88: posts big blind $0.02
*** HOLE CARDS ***
Dealt to Lorpugo [Td 4d]
Lorpugo: folds 
schnappfisch: folds 
technotrader: calls $0.02
gosutitts: folds 
hammers76: calls $0.01
lucas_hood88: checks 
*** FLOP *** [Jh 9c As]
hammers76: checks 
lucas_hood88: checks 
technotrader: checks 
*** TURN *** [Jh 9c As] [Tc]
hammers76: checks 
lucas_hood88: bets $0.03
technotrader: raises $0.07 to $0.10
hammers76: folds 
lucas_hood88: folds 
Uncalled bet ($0.07) returned to technotrader
technotrader collected $0.12 from pot
technotrader: doesn't show hand 
*** SUMMARY ***
Total pot $0.12 | Rake $0 
Board [Jh 9c As Tc]
Seat 1: hammers76 (small blind) folded on the Turn
Seat 2: lucas_hood88 (big blind) folded on the Turn
Seat 3: Lorpugo folded before Flop (didn't bet)
Seat 4: schnappfisch folded before Flop (didn't bet)
Seat 5: technotrader collected ($0.12)
Seat 6: gosutitts (button) folded before Flop (didn't bet)



PokerStars Hand #240844701899:  Hold'em No Limit ($0.01/$0.02 USD) - 2023/01/01 15:52:20 ET
Table 'Eulalia II' 6-max Seat #1 is the button
Seat 1: hammers76 ($1.06 in chips) 
Seat 2: lucas_hood88 ($2 in chips) 
Seat 3: Lorpugo ($3.44 in chips) 
Seat 4: schnappfisch ($0.96 in chips) 
Seat 5: technotrader ($2.80 in chips) 
Seat 6: gosutitts ($2 in chips) 
lucas_hood88: posts small blind $0.01
Lorpugo: posts big blind $0.02
*** HOLE CARDS ***
Dealt to Lorpugo [Qc Jc]
schnappfisch: folds 
technotrader: calls $0.02
gosutitts: folds 
hammers76: folds 
lucas_hood88: folds 
Lorpugo: checks 
*** FLOP *** [4s Ac Jh]
Lorpugo: checks 
technotrader: bets $0.06
Lorpugo: calls $0.06
*** TURN *** [4s Ac Jh] [6c]
Lorpugo: checks 
technotrader: bets $0.20
Lorpugo: calls $0.20
*** RIVER *** [4s Ac Jh 6c] [3c]
Lorpugo: checks 
technotrader: checks 
*** SHOW DOWN ***
Lorpugo: shows [Qc Jc] (a flush, Ace high)
technotrader: mucks hand 
Lorpugo collected $0.55 from pot
*** SUMMARY ***
Total pot $0.57 | Rake $0.02 
Board [4s Ac Jh 6c 3c]
Seat 1: hammers76 (button) folded before Flop (didn't bet)
Seat 2: lucas_hood88 (small blind) folded before Flop
Seat 3: Lorpugo (big blind) showed [Qc Jc] and won ($0.55) with a flush, Ace high
Seat 4: schnappfisch folded before Flop (didn't bet)
Seat 5: technotrader mucked [Qd Kd]
Seat 6: gosutitts folded before Flop (didn't bet)



PokerStars Hand #240844725572:  Hold'em No Limit ($0.01/$0.02 USD) - 2023/01/01 15:53:10 ET
Table 'Eulalia II' 6-max Seat #2 is the button
Seat 1: hammers76 ($1.06 in chips) 
Seat 2: lucas_hood88 ($2 in chips) 
Seat 3: Lorpugo ($3.71 in chips) 
Seat 4: schnappfisch ($0.96 in chips) 
Seat 5: technotrader ($2.52 in chips) 
Seat 6: gosutitts ($2 in chips) 
Lorpugo: posts small blind $0.01
schnappfisch: posts big blind $0.02
*** HOLE CARDS ***
Dealt to Lorpugo [8s Qd]
technotrader: folds 
gosutitts: folds 
hammers76: folds 
lucas_hood88: raises $0.03 to $0.05
Lorpugo: folds 
schnappfisch: calls $0.03
*** FLOP *** [Kc 5c 2s]
schnappfisch: checks 
lucas_hood88: bets $0.08
schnappfisch: folds 
Uncalled bet ($0.08) returned to lucas_hood88
lucas_hood88 collected $0.11 from pot
lucas_hood88: doesn't show hand 
*** SUMMARY ***
Total pot $0.11 | Rake $0 
Board [Kc 5c 2s]
Seat 1: hammers76 folded before Flop (didn't bet)
Seat 2: lucas_hood88 (button) collected ($0.11)
Seat 3: Lorpugo (small blind) folded before Flop
Seat 4: schnappfisch (big blind) folded on the Flop
Seat 5: technotrader folded before Flop (didn't bet)
Seat 6: gosutitts folded before Flop (didn't bet)



PokerStars Hand #240844746103:  Hold'em No Limit ($0.01/$0.02 USD) - 2023/01/01 15:53:54 ET
Table 'Eulalia II' 6-max Seat #3 is the button
Seat 1: hammers76 ($1.06 in chips) 
Seat 2: lucas_hood88 ($2.06 in chips) 
Seat 3: Lorpugo ($3.70 in chips) 
Seat 4: schnappfisch ($0.91 in chips) 
Seat 5: technotrader ($2.52 in chips) 
Seat 6: gosutitts ($2 in chips) 
schnappfisch: posts small blind $0.01
technotrader: posts big blind $0.02
*** HOLE CARDS ***
Dealt to Lorpugo [5d 8h]
gosutitts: folds 
hammers76: folds 
lucas_hood88: folds 
Lorpugo: folds 
schnappfisch: calls $0.01
technotrader: raises $0.02 to $0.04
schnappfisch: calls $0.02
*** FLOP *** [6d Jd 5h]
schnappfisch: checks 
technotrader: bets $0.12
schnappfisch: folds 
Uncalled bet ($0.12) returned to technotrader
technotrader collected $0.08 from pot
technotrader: doesn't show hand 
*** SUMMARY ***
Total pot $0.08 | Rake $0 
Board [6d Jd 5h]
Seat 1: hammers76 folded before Flop (didn't bet)
Seat 2: lucas_hood88 folded before Flop (didn't bet)
Seat 3: Lorpugo (button) folded before Flop (didn't bet)
Seat 4: schnappfisch (small blind) folded on the Flop
Seat 5: technotrader (big blind) collected ($0.08)
Seat 6: gosutitts folded before Flop (didn't bet)



PokerStars Hand #240844760900:  Hold'em No Limit ($0.01/$0.02 USD) - 2023/01/01 15:54:25 ET
Table 'Eulalia II' 6-max Seat #5 is the button
Seat 1: hammers76 ($1.06 in chips) 
Seat 2: lucas_hood88 ($2.06 in chips) 
Seat 3: Lorpugo ($3.70 in chips) 
Seat 5: technotrader ($2.56 in chips) 
Seat 6: gosutitts ($2 in chips) 
gosutitts: posts small blind $0.01
hammers76: posts big blind $0.02
*** HOLE CARDS ***
Dealt to Lorpugo [Jd 2c]
lucas_hood88: folds 
Lorpugo: folds 
technotrader: calls $0.02
gosutitts: raises $0.08 to $0.10
hammers76: folds 
technotrader: calls $0.08
*** FLOP *** [3h Td Th]
gosutitts: checks 
technotrader: bets $0.22
gosutitts: raises $1.63 to $1.85
technotrader: folds 
Uncalled bet ($1.63) returned to gosutitts
gosutitts collected $0.64 from pot
gosutitts: doesn't show hand 
*** SUMMARY ***
Total pot $0.66 | Rake $0.02 
Board [3h Td Th]
Seat 1: hammers76 (big blind) folded before Flop
Seat 2: lucas_hood88 folded before Flop (didn't bet)
Seat 3: Lorpugo folded before Flop (didn't bet)
Seat 5: technotrader (button) folded on the Flop
Seat 6: gosutitts (small blind) collected ($0.64)



PokerStars Hand #240844787160:  Hold'em No Limit ($0.01/$0.02 USD) - 2023/01/01 15:55:26 ET
Table 'Eulalia II' 6-max Seat #6 is the button
Seat 1: hammers76 ($1.04 in chips) 
Seat 2: lucas_hood88 ($2.06 in chips) 
Seat 3: Lorpugo ($3.70 in chips) 
Seat 4: schnappfisch ($0.87 in chips) 
Seat 5: technotrader ($2.24 in chips) 
Seat 6: gosutitts ($2.32 in chips) 
hammers76: posts small blind $0.01
lucas_hood88: posts big blind $0.02
*** HOLE CARDS ***
Dealt to Lorpugo [7d Th]
Lorpugo: folds 
schnappfisch: folds 
technotrader: folds 
gosutitts: folds 
schnappfisch leaves the table
hammers76: raises $0.02 to $0.04
lucas_hood88: calls $0.02
*** FLOP *** [Jc 3d 2d]
hammers76: bets $0.03
nico1nied joins the table at seat #4 
lucas_hood88: raises $0.05 to $0.08
hammers76: calls $0.05
*** TURN *** [Jc 3d 2d] [6h]
hammers76: bets $0.08
lucas_hood88: folds 
Uncalled bet ($0.08) returned to hammers76
hammers76 collected $0.23 from pot
hammers76: doesn't show hand 
*** SUMMARY ***
Total pot $0.24 | Rake $0.01 
Board [Jc 3d 2d 6h]
Seat 1: hammers76 (small blind) collected ($0.23)
Seat 2: lucas_hood88 (big blind) folded on the Turn
Seat 3: Lorpugo folded before Flop (didn't bet)
Seat 4: schnappfisch folded before Flop (didn't bet)
Seat 5: technotrader folded before Flop (didn't bet)
Seat 6: gosutitts (button) folded before Flop (didn't bet)



PokerStars Hand #240844797755:  Hold'em No Limit ($0.01/$0.02 USD) - 2023/01/01 15:56:05 ET
Table 'Eulalia II' 6-max Seat #1 is the button
Seat 1: hammers76 ($1.15 in chips) 
Seat 2: lucas_hood88 ($2 in chips) 
Seat 3: Lorpugo ($3.70 in chips) 
Seat 5: technotrader ($2.24 in chips) 
Seat 6: gosutitts ($2.32 in chips) 
lucas_hood88: posts small blind $0.01
Lorpugo: posts big blind $0.02
*** HOLE CARDS ***
Dealt to Lorpugo [9h 7s]
technotrader: calls $0.02
gosutitts: folds 
hammers76: folds 
lucas_hood88: raises $0.06 to $0.08
Lorpugo: folds 
technotrader: raises $0.44 to $0.52
lucas_hood88: folds 
Uncalled bet ($0.44) returned to technotrader
technotrader collected $0.18 from pot
technotrader: doesn't show hand 
*** SUMMARY ***
Total pot $0.18 | Rake $0 
Seat 1: hammers76 (button) folded before Flop (didn't bet)
Seat 2: lucas_hood88 (small blind) folded before Flop
Seat 3: Lorpugo (big blind) folded before Flop
Seat 5: technotrader collected ($0.18)
Seat 6: gosutitts folded before Flop (didn't bet)



PokerStars Hand #240844803590:  Hold'em No Limit ($0.01/$0.02 USD) - 2023/01/01 15:56:27 ET
Table 'Eulalia II' 6-max Seat #2 is the button
Seat 1: hammers76 ($1.15 in chips) 
Seat 2: lucas_hood88 ($2 in chips) 
Seat 3: Lorpugo ($3.68 in chips) 
Seat 4: nico1nied ($2 in chips) 
Seat 5: technotrader ($2.34 in chips) 
Seat 6: gosutitts ($2.32 in chips) 
Lorpugo: posts small blind $0.01
nico1nied: posts big blind $0.02
*** HOLE CARDS ***
Dealt to Lorpugo [3d 7c]
technotrader: folds 
gosutitts: folds 
hammers76: folds 
lucas_hood88: raises $0.03 to $0.05
Lorpugo: folds 
nico1nied: folds 
Uncalled bet ($0.03) returned to lucas_hood88
lucas_hood88 collected $0.05 from pot
lucas_hood88: doesn't show hand 
*** SUMMARY ***
Total pot $0.05 | Rake $0 
Seat 1: hammers76 folded before Flop (didn't bet)
Seat 2: lucas_hood88 (button) collected ($0.05)
Seat 3: Lorpugo (small blind) folded before Flop
Seat 4: nico1nied (big blind) folded before Flop
Seat 5: technotrader folded before Flop (didn't bet)
Seat 6: gosutitts folded before Flop (didn't bet)



PokerStars Hand #240844808001:  Hold'em No Limit ($0.01/$0.02 USD) - 2023/01/01 15:56:43 ET
Table 'Eulalia II' 6-max Seat #3 is the button
Seat 1: hammers76 ($1.15 in chips) 
Seat 2: lucas_hood88 ($2.03 in chips) 
Seat 3: Lorpugo ($3.67 in chips) 
Seat 4: nico1nied ($2 in chips) 
Seat 5: technotrader ($2.34 in chips) 
Seat 6: gosutitts ($2.32 in chips) 
nico1nied: posts small blind $0.01
technotrader: posts big blind $0.02
*** HOLE CARDS ***
Dealt to Lorpugo [Ac 4c]
gosutitts: folds 
hammers76: folds 
lucas_hood88: raises $0.03 to $0.05
Lorpugo: calls $0.05
nico1nied: folds 
technotrader: raises $0.07 to $0.12
lucas_hood88: folds 
Lorpugo: calls $0.07
*** FLOP *** [Jd 8s 5c]
technotrader: bets $0.12
Lorpugo: folds 
Uncalled bet ($0.12) returned to technotrader
technotrader collected $0.29 from pot
technotrader: doesn't show hand 
*** SUMMARY ***
Total pot $0.30 | Rake $0.01 
Board [Jd 8s 5c]
Seat 1: hammers76 folded before Flop (didn't bet)
Seat 2: lucas_hood88 folded before Flop
Seat 3: Lorpugo (button) folded on the Flop
Seat 4: nico1nied (small blind) folded before Flop
Seat 5: technotrader (big blind) collected ($0.29)
Seat 6: gosutitts folded before Flop (didn't bet)



PokerStars Hand #240844821853:  Hold'em No Limit ($0.01/$0.02 USD) - 2023/01/01 15:57:32 ET
Table 'Eulalia II' 6-max Seat #4 is the button
Seat 1: hammers76 ($1.15 in chips) 
Seat 2: lucas_hood88 ($2 in chips) 
Seat 3: Lorpugo ($3.55 in chips) 
Seat 4: nico1nied ($2 in chips) 
Seat 5: technotrader ($2.51 in chips) 
Seat 6: gosutitts ($2.32 in chips) 
technotrader: posts small blind $0.01
gosutitts: posts big blind $0.02
*** HOLE CARDS ***
Dealt to Lorpugo [2s 6s]
hammers76: folds 
hammers76 leaves the table
lucas_hood88: raises $0.03 to $0.05
Lorpugo: folds 
nico1nied: folds 
technotrader: folds 
gosutitts: folds 
Uncalled bet ($0.03) returned to lucas_hood88
lucas_hood88 collected $0.05 from pot
lucas_hood88: doesn't show hand 
*** SUMMARY ***
Total pot $0.05 | Rake $0 
Seat 1: hammers76 folded before Flop (didn't bet)
Seat 2: lucas_hood88 collected ($0.05)
Seat 3: Lorpugo folded before Flop (didn't bet)
Seat 4: nico1nied (button) folded before Flop (didn't bet)
Seat 5: technotrader (small blind) folded before Flop
Seat 6: gosutitts (big blind) folded before Flop



PokerStars Hand #240844826293:  Hold'em No Limit ($0.01/$0.02 USD) - 2023/01/01 15:57:48 ET
Table 'Eulalia II' 6-max Seat #5 is the button
Seat 2: lucas_hood88 ($2.03 in chips) 
Seat 3: Lorpugo ($3.55 in chips) 
Seat 4: nico1nied ($2 in chips) 
Seat 5: technotrader ($2.50 in chips) 
Seat 6: gosutitts ($2.30 in chips) 
gosutitts: posts small blind $0.01
lucas_hood88: posts big blind $0.02
*** HOLE CARDS ***
Dealt to Lorpugo [Ac Qd]
Lorpugo: raises $0.02 to $0.04
nico1nied: calls $0.04
technotrader: folds 
gosutitts: folds 
lucas_hood88: raises $0.12 to $0.16
Lorpugo: calls $0.12
nico1nied: folds 
*** FLOP *** [2d 7s 6h]
lucas_hood88: bets $0.27
spartan987 joins the table at seat #1 
Lorpugo: folds 
Uncalled bet ($0.27) returned to lucas_hood88
lucas_hood88 collected $0.36 from pot
lucas_hood88: doesn't show hand 
*** SUMMARY ***
Total pot $0.37 | Rake $0.01 
Board [2d 7s 6h]
Seat 2: lucas_hood88 (big blind) collected ($0.36)
Seat 3: Lorpugo folded on the Flop
Seat 4: nico1nied folded before Flop
Seat 5: technotrader (button) folded before Flop (didn't bet)
Seat 6: gosutitts (small blind) folded before Flop



PokerStars Hand #240844839512:  Hold'em No Limit ($0.01/$0.02 USD) - 2023/01/01 15:58:35 ET
Table 'Eulalia II' 6-max Seat #6 is the button
Seat 2: lucas_hood88 ($2.23 in chips) 
Seat 3: Lorpugo ($3.39 in chips) 
Seat 4: nico1nied ($2 in chips) 
Seat 5: technotrader ($2.50 in chips) 
Seat 6: gosutitts ($2.29 in chips) 
lucas_hood88: posts small blind $0.01
Lorpugo: posts big blind $0.02
*** HOLE CARDS ***
Dealt to Lorpugo [3h 7c]
nico1nied: raises $0.04 to $0.06
technotrader: folds 
gosutitts: raises $0.12 to $0.18
lucas_hood88: folds 
Lorpugo: folds 
nico1nied: folds 
Uncalled bet ($0.12) returned to gosutitts
gosutitts collected $0.15 from pot
gosutitts: doesn't show hand 
*** SUMMARY ***
Total pot $0.15 | Rake $0 
Seat 2: lucas_hood88 (small blind) folded before Flop
Seat 3: Lorpugo (big blind) folded before Flop
Seat 4: nico1nied folded before Flop
Seat 5: technotrader folded before Flop (didn't bet)
Seat 6: gosutitts (button) collected ($0.15)



PokerStars Hand #240844844060:  Hold'em No Limit ($0.01/$0.02 USD) - 2023/01/01 15:58:51 ET
Table 'Eulalia II' 6-max Seat #2 is the button
Seat 2: lucas_hood88 ($2.22 in chips) 
Seat 3: Lorpugo ($3.37 in chips) 
Seat 4: nico1nied ($2 in chips) 
Seat 5: technotrader ($2.50 in chips) 
Seat 6: gosutitts ($2.38 in chips) 
Lorpugo: posts small blind $0.01
nico1nied: posts big blind $0.02
*** HOLE CARDS ***
Dealt to Lorpugo [9h 6h]
technotrader: folds 
gosutitts: folds 
lucas_hood88: folds 
Lorpugo: raises $0.04 to $0.06
nico1nied: raises $0.12 to $0.18
Lorpugo: folds 
Uncalled bet ($0.12) returned to nico1nied
nico1nied collected $0.12 from pot
nico1nied: doesn't show hand 
*** SUMMARY ***
Total pot $0.12 | Rake $0 
Seat 2: lucas_hood88 (button) folded before Flop (didn't bet)
Seat 3: Lorpugo (small blind) folded before Flop
Seat 4: nico1nied (big blind) collected ($0.12)
Seat 5: technotrader folded before Flop (didn't bet)
Seat 6: gosutitts folded before Flop (didn't bet)



PokerStars Hand #240844851257:  Hold'em No Limit ($0.01/$0.02 USD) - 2023/01/01 15:59:17 ET
Table 'Eulalia II' 6-max Seat #3 is the button
Seat 2: lucas_hood88 ($2.22 in chips) 
Seat 3: Lorpugo ($3.31 in chips) 
Seat 4: nico1nied ($2.06 in chips) 
Seat 5: technotrader ($2.50 in chips) 
Seat 6: gosutitts ($2.38 in chips) 
nico1nied: posts small blind $0.01
technotrader: posts big blind $0.02
*** HOLE CARDS ***
Dealt to Lorpugo [6s Td]
gosutitts: raises $0.04 to $0.06
lucas_hood88: folds 
Lorpugo: folds 
nico1nied: folds 
technotrader: calls $0.04
*** FLOP *** [3c 7c 2d]
technotrader: bets $0.10
gosutitts: raises $0.23 to $0.33
technotrader: raises $0.57 to $0.90
gosutitts: raises $1.42 to $2.32 and is all-in
technotrader: folds 
Uncalled bet ($1.42) returned to gosutitts
gosutitts collected $1.86 from pot
gosutitts: doesn't show hand 
*** SUMMARY ***
Total pot $1.93 | Rake $0.07 
Board [3c 7c 2d]
Seat 2: lucas_hood88 folded before Flop (didn't bet)
Seat 3: Lorpugo (button) folded before Flop (didn't bet)
Seat 4: nico1nied (small blind) folded before Flop
Seat 5: technotrader (big blind) folded on the Flop
Seat 6: gosutitts collected ($1.86)



PokerStars Hand #240844866434:  Hold'em No Limit ($0.01/$0.02 USD) - 2023/01/01 16:00:10 ET
Table 'Eulalia II' 6-max Seat #4 is the button
Seat 2: lucas_hood88 ($2.22 in chips) 
Seat 3: Lorpugo ($3.31 in chips) 
Seat 4: nico1nied ($2.05 in chips) 
Seat 5: technotrader ($1.54 in chips) 
Seat 6: gosutitts ($3.28 in chips) 
technotrader: posts small blind $0.01
gosutitts: posts big blind $0.02
*** HOLE CARDS ***
Dealt to Lorpugo [Tc 9c]
lucas_hood88: folds 
Lorpugo: raises $0.04 to $0.06
nico1nied: folds 
technotrader: raises $0.12 to $0.18
gosutitts: folds 
Lorpugo: calls $0.12
*** FLOP *** [5s Kh Jd]
technotrader: bets $1.36 and is all-in
Lorpugo: folds 
Uncalled bet ($1.36) returned to technotrader
technotrader collected $0.37 from pot
technotrader: doesn't show hand 
*** SUMMARY ***
Total pot $0.38 | Rake $0.01 
Board [5s Kh Jd]
Seat 2: lucas_hood88 folded before Flop (didn't bet)
Seat 3: Lorpugo folded on the Flop
Seat 4: nico1nied (button) folded before Flop (didn't bet)
Seat 5: technotrader (small blind) collected ($0.37)
Seat 6: gosutitts (big blind) folded before Flop



PokerStars Hand #240844874986:  Hold'em No Limit ($0.01/$0.02 USD) - 2023/01/01 16:00:37 ET
Table 'Eulalia II' 6-max Seat #5 is the button
Seat 1: spartan987 ($0.80 in chips) 
Seat 2: lucas_hood88 ($2.22 in chips) 
Seat 3: Lorpugo ($3.13 in chips) 
Seat 4: nico1nied ($2.05 in chips) 
Seat 5: technotrader ($1.73 in chips) 
Seat 6: gosutitts ($3.26 in chips) 
gosutitts: posts small blind $0.01
spartan987: posts big blind $0.02
*** HOLE CARDS ***
Dealt to Lorpugo [8s As]
lucas_hood88: folds 
Lorpugo: raises $0.02 to $0.04
nico1nied: calls $0.04
technotrader: calls $0.04
gosutitts: folds 
spartan987: calls $0.02
*** FLOP *** [5s 7d 4d]
spartan987: bets $0.02
Lorpugo: raises $0.10 to $0.12
nico1nied: folds 
technotrader: raises $1.57 to $1.69 and is all-in
spartan987: calls $0.74 and is all-in
Lorpugo: folds 
Uncalled bet ($0.93) returned to technotrader
*** TURN *** [5s 7d 4d] [2c]
*** RIVER *** [5s 7d 4d 2c] [3d]
*** SHOW DOWN ***
spartan987: shows [6s 8d] (a straight, Four to Eight)
technotrader: shows [Td Qs] (high card Queen)
spartan987 cashed out the hand for $1.67 | Cash Out Fee $0.02
*** SUMMARY ***
Total pot $1.81 | Rake $0.06 
Board [5s 7d 4d 2c 3d]
Seat 1: spartan987 (big blind) showed [6s 8d] and won ($1.75) with a straight, Four to Eight (pot not awarded as player cashed out)
Seat 2: lucas_hood88 folded before Flop (didn't bet)
Seat 3: Lorpugo folded on the Flop
Seat 4: nico1nied folded on the Flop
Seat 5: technotrader (button) showed [Td Qs] and lost with high card Queen
Seat 6: gosutitts (small blind) folded before Flop



PokerStars Hand #240844899413:  Hold'em No Limit ($0.01/$0.02 USD) - 2023/01/01 16:01:48 ET
Table 'Eulalia II' 6-max Seat #6 is the button
Seat 1: spartan987 ($1.67 in chips) 
Seat 2: lucas_hood88 ($2.22 in chips) 
Seat 3: Lorpugo ($2.97 in chips) 
Seat 4: nico1nied ($2.01 in chips) 
Seat 5: technotrader ($0.93 in chips) 
Seat 6: gosutitts ($3.25 in chips) 
spartan987: posts small blind $0.01
lucas_hood88: posts big blind $0.02
*** HOLE CARDS ***
Dealt to Lorpugo [Ah 8d]
Lorpugo: raises $0.02 to $0.04
nico1nied: folds 
technotrader: folds 
gosutitts: folds 
spartan987: calls $0.03
lucas_hood88: folds 
*** FLOP *** [5s 6d Ks]
spartan987: bets $0.02
Lorpugo: calls $0.02
*** TURN *** [5s 6d Ks] [Td]
spartan987: checks 
Lorpugo: checks 
*** RIVER *** [5s 6d Ks Td] [4c]
spartan987: checks 
Lorpugo: checks 
*** SHOW DOWN ***
spartan987: shows [9d 5d] (a pair of Fives)
Lorpugo: mucks hand 
spartan987 collected $0.14 from pot
*** SUMMARY ***
Total pot $0.14 | Rake $0 
Board [5s 6d Ks Td 4c]
Seat 1: spartan987 (small blind) showed [9d 5d] and won ($0.14) with a pair of Fives
Seat 2: lucas_hood88 (big blind) folded before Flop
Seat 3: Lorpugo mucked [Ah 8d]
Seat 4: nico1nied folded before Flop (didn't bet)
Seat 5: technotrader folded before Flop (didn't bet)
Seat 6: gosutitts (button) folded before Flop (didn't bet)



PokerStars Hand #240844917946:  Hold'em No Limit ($0.01/$0.02 USD) - 2023/01/01 16:02:32 ET
Table 'Eulalia II' 6-max Seat #1 is the button
Seat 1: spartan987 ($1.75 in chips) 
Seat 2: lucas_hood88 ($2.20 in chips) 
Seat 3: Lorpugo ($2.91 in chips) 
Seat 4: nico1nied ($2.01 in chips) 
Seat 5: technotrader ($0.93 in chips) 
Seat 6: gosutitts ($3.25 in chips) 
lucas_hood88: posts small blind $0.01
Lorpugo: posts big blind $0.02
*** HOLE CARDS ***
Dealt to Lorpugo [2s 7s]
nico1nied: folds 
technotrader: folds 
gosutitts: raises $0.04 to $0.06
spartan987 has timed out
spartan987: folds 
lucas_hood88: folds 
Lorpugo: folds 
Uncalled bet ($0.04) returned to gosutitts
gosutitts collected $0.05 from pot
gosutitts: doesn't show hand 
*** SUMMARY ***
Total pot $0.05 | Rake $0 
Seat 1: spartan987 (button) folded before Flop (didn't bet)
Seat 2: lucas_hood88 (small blind) folded before Flop
Seat 3: Lorpugo (big blind) folded before Flop
Seat 4: nico1nied folded before Flop (didn't bet)
Seat 5: technotrader folded before Flop (didn't bet)
Seat 6: gosutitts collected ($0.05)



PokerStars Hand #240844932065:  Hold'em No Limit ($0.01/$0.02 USD) - 2023/01/01 16:03:04 ET
Table 'Eulalia II' 6-max Seat #2 is the button
Seat 1: spartan987 ($1.75 in chips) 
Seat 2: lucas_hood88 ($2.19 in chips) 
Seat 3: Lorpugo ($2.89 in chips) 
Seat 4: nico1nied ($2.01 in chips) 
Seat 5: technotrader ($0.93 in chips) 
Seat 6: gosutitts ($3.28 in chips) 
Lorpugo: posts small blind $0.01
nico1nied: posts big blind $0.02
*** HOLE CARDS ***
Dealt to Lorpugo [4s 5d]
technotrader: calls $0.02
gosutitts: raises $0.06 to $0.08
spartan987: folds 
lucas_hood88: folds 
Lorpugo: folds 
nico1nied: folds 
technotrader: calls $0.06
*** FLOP *** [2h Qh 6s]
technotrader: bets $0.85 and is all-in
gosutitts: folds 
Uncalled bet ($0.85) returned to technotrader
technotrader collected $0.18 from pot
technotrader: doesn't show hand 
*** SUMMARY ***
Total pot $0.19 | Rake $0.01 
Board [2h Qh 6s]
Seat 1: spartan987 folded before Flop (didn't bet)
Seat 2: lucas_hood88 (button) folded before Flop (didn't bet)
Seat 3: Lorpugo (small blind) folded before Flop
Seat 4: nico1nied (big blind) folded before Flop
Seat 5: technotrader collected ($0.18)
Seat 6: gosutitts folded on the Flop



PokerStars Hand #240844943624:  Hold'em No Limit ($0.01/$0.02 USD) - 2023/01/01 16:03:28 ET
Table 'Eulalia II' 6-max Seat #3 is the button
Seat 1: spartan987 ($1.75 in chips) 
Seat 2: lucas_hood88 ($2.19 in chips) 
Seat 3: Lorpugo ($2.88 in chips) 
Seat 4: nico1nied ($2 in chips) 
Seat 5: technotrader ($1.03 in chips) 
Seat 6: gosutitts ($3.20 in chips) 
nico1nied: posts small blind $0.01
technotrader: posts big blind $0.02
*** HOLE CARDS ***
Dealt to Lorpugo [9s Ts]
gosutitts: folds 
spartan987: folds 
lucas_hood88: folds 
Lorpugo: raises $0.04 to $0.06
nico1nied: folds 
technotrader: calls $0.04
*** FLOP *** [Kh 4s 9c]
technotrader: bets $0.06
Lorpugo: calls $0.06
*** TURN *** [Kh 4s 9c] [Qc]
technotrader: checks 
Lorpugo: checks 
*** RIVER *** [Kh 4s 9c Qc] [Td]
technotrader: bets $0.10
Lorpugo: calls $0.10
*** SHOW DOWN ***
technotrader: shows [3s 5s] (high card King)
Lorpugo: shows [9s Ts] (two pair, Tens and Nines)
Lorpugo collected $0.43 from pot
*** SUMMARY ***
Total pot $0.45 | Rake $0.02 
Board [Kh 4s 9c Qc Td]
Seat 1: spartan987 folded before Flop (didn't bet)
Seat 2: lucas_hood88 folded before Flop (didn't bet)
Seat 3: Lorpugo (button) showed [9s Ts] and won ($0.43) with two pair, Tens and Nines
Seat 4: nico1nied (small blind) folded before Flop
Seat 5: technotrader (big blind) showed [3s 5s] and lost with high card King
Seat 6: gosutitts folded before Flop (didn't bet)



PokerStars Hand #240844968174:  Hold'em No Limit ($0.01/$0.02 USD) - 2023/01/01 16:04:20 ET
Table 'Eulalia II' 6-max Seat #4 is the button
Seat 1: spartan987 ($1.75 in chips) 
Seat 2: lucas_hood88 ($2.19 in chips) 
Seat 3: Lorpugo ($3.09 in chips) 
Seat 4: nico1nied ($2 in chips) 
Seat 5: technotrader ($0.81 in chips) 
Seat 6: gosutitts ($3.20 in chips) 
technotrader: posts small blind $0.01
gosutitts: posts big blind $0.02
*** HOLE CARDS ***
Dealt to Lorpugo [Qs 3d]
spartan987: calls $0.02
lucas_hood88: folds 
Lorpugo: folds 
nico1nied: folds 
technotrader: calls $0.01
gosutitts: raises $0.08 to $0.10
spartan987: calls $0.08
technotrader: calls $0.08
*** FLOP *** [9c 7c 8s]
technotrader: bets $0.71 and is all-in
gosutitts: folds 
spartan987: calls $0.71
*** TURN *** [9c 7c 8s] [Ts]
*** RIVER *** [9c 7c 8s Ts] [9d]
*** SHOW DOWN ***
technotrader: shows [7h 4c] (two pair, Nines and Sevens)
spartan987: shows [9s 6d] (a straight, Six to Ten)
spartan987 cashed out the hand for $1.30 | Cash Out Fee $0.01
*** SUMMARY ***
Total pot $1.72 | Rake $0.06 
Board [9c 7c 8s Ts 9d]
Seat 1: spartan987 showed [9s 6d] and won ($1.66) with a straight, Six to Ten (pot not awarded as player cashed out)
Seat 2: lucas_hood88 folded before Flop (didn't bet)
Seat 3: Lorpugo folded before Flop (didn't bet)
Seat 4: nico1nied (button) folded before Flop (didn't bet)
Seat 5: technotrader (small blind) showed [7h 4c] and lost with two pair, Nines and Sevens
Seat 6: gosutitts (big blind) folded on the Flop



PokerStars Hand #240844990633:  Hold'em No Limit ($0.01/$0.02 USD) - 2023/01/01 16:05:07 ET
Table 'Eulalia II' 6-max Seat #6 is the button
Seat 1: spartan987 ($2.24 in chips) 
Seat 2: lucas_hood88 ($2.19 in chips) 
Seat 3: Lorpugo ($3.09 in chips) 
Seat 4: nico1nied ($2 in chips) 
Seat 6: gosutitts ($3.10 in chips) 
spartan987: posts small blind $0.01
lucas_hood88: posts big blind $0.02
*** HOLE CARDS ***
Dealt to Lorpugo [4c 6s]
Lorpugo: folds 
technotrader leaves the table
nico1nied: raises $0.04 to $0.06
gosutitts: folds 
spartan987: folds 
moonwalker2503 joins the table at seat #5 
lucas_hood88: calls $0.04
*** FLOP *** [Tc 4s 8d]
lucas_hood88: checks 
nico1nied: bets $0.04
lucas_hood88: raises $0.08 to $0.12
nico1nied: calls $0.08
*** TURN *** [Tc 4s 8d] [9s]
lucas_hood88: checks 
nico1nied: bets $0.18
lucas_hood88: calls $0.18
*** RIVER *** [Tc 4s 8d 9s] [4h]
lucas_hood88: checks 
nico1nied: checks 
*** SHOW DOWN ***
lucas_hood88: shows [Qs 9d] (two pair, Nines and Fours)
nico1nied: mucks hand 
lucas_hood88 collected $0.70 from pot
*** SUMMARY ***
Total pot $0.73 | Rake $0.03 
Board [Tc 4s 8d 9s 4h]
Seat 1: spartan987 (small blind) folded before Flop
Seat 2: lucas_hood88 (big blind) showed [Qs 9d] and won ($0.70) with two pair, Nines and Fours
Seat 3: Lorpugo folded before Flop (didn't bet)
Seat 4: nico1nied mucked [Kc Ad]
Seat 6: gosutitts (button) folded before Flop (didn't bet)



PokerStars Hand #240845024482:  Hold'em No Limit ($0.01/$0.02 USD) - 2023/01/01 16:06:17 ET
Table 'Eulalia II' 6-max Seat #1 is the button
Seat 1: spartan987 ($2.23 in chips) 
Seat 2: lucas_hood88 ($2.53 in chips) 
Seat 3: Lorpugo ($3.09 in chips) 
Seat 4: nico1nied ($2 in chips) 
Seat 5: moonwalker2503 ($1.60 in chips) 
Seat 6: gosutitts ($3.10 in chips) 
lucas_hood88: posts small blind $0.01
Lorpugo: posts big blind $0.02
moonwalker2503: posts big blind $0.02
*** HOLE CARDS ***
Dealt to Lorpugo [Kd Ac]
nico1nied: calls $0.02
moonwalker2503: checks 
gosutitts: folds 
spartan987: calls $0.02
lucas_hood88: folds 
Lorpugo: raises $0.12 to $0.14
nico1nied: folds 
moonwalker2503: folds 
spartan987: calls $0.12
*** FLOP *** [5s Qc 6h]
Lorpugo: checks 
spartan987: bets $0.16
Lorpugo: calls $0.16
*** TURN *** [5s Qc 6h] [8h]
Lorpugo: checks 
spartan987: checks 
*** RIVER *** [5s Qc 6h 8h] [Ah]
Lorpugo: checks 
spartan987: checks 
*** SHOW DOWN ***
Lorpugo: shows [Kd Ac] (a pair of Aces)
spartan987: shows [As 6c] (two pair, Aces and Sixes)
spartan987 collected $0.63 from pot
*** SUMMARY ***
Total pot $0.65 | Rake $0.02 
Board [5s Qc 6h 8h Ah]
Seat 1: spartan987 (button) showed [As 6c] and won ($0.63) with two pair, Aces and Sixes
Seat 2: lucas_hood88 (small blind) folded before Flop
Seat 3: Lorpugo (big blind) showed [Kd Ac] and lost with a pair of Aces
Seat 4: nico1nied folded before Flop
Seat 5: moonwalker2503 folded before Flop (didn't bet)
Seat 6: gosutitts folded before Flop (didn't bet)



PokerStars Hand #240845048783:  Hold'em No Limit ($0.01/$0.02 USD) - 2023/01/01 16:07:07 ET
Table 'Eulalia II' 6-max Seat #2 is the button
Seat 1: spartan987 ($2.56 in chips) 
Seat 2: lucas_hood88 ($2.52 in chips) 
Seat 3: Lorpugo ($2.79 in chips) 
Seat 5: moonwalker2503 ($1.58 in chips) 
Seat 6: gosutitts ($3.10 in chips) 
Lorpugo: posts small blind $0.01
moonwalker2503: posts big blind $0.02
*** HOLE CARDS ***
Dealt to Lorpugo [Ks 4h]
gosutitts: raises $0.04 to $0.06
spartan987: folds 
lucas_hood88: folds 
nico1nied leaves the table
Lorpugo: folds 
moonwalker2503: folds 
Uncalled bet ($0.04) returned to gosutitts
gosutitts collected $0.05 from pot
gosutitts: doesn't show hand 
*** SUMMARY ***
Total pot $0.05 | Rake $0 
Seat 1: spartan987 folded before Flop (didn't bet)
Seat 2: lucas_hood88 (button) folded before Flop (didn't bet)
Seat 3: Lorpugo (small blind) folded before Flop
Seat 5: moonwalker2503 (big blind) folded before Flop
Seat 6: gosutitts collected ($0.05)



PokerStars Hand #240845056746:  Hold'em No Limit ($0.01/$0.02 USD) - 2023/01/01 16:07:24 ET
Table 'Eulalia II' 6-max Seat #3 is the button
Seat 1: spartan987 ($2.56 in chips) 
Seat 2: lucas_hood88 ($2.52 in chips) 
Seat 3: Lorpugo ($2.78 in chips) 
Seat 5: moonwalker2503 ($1.56 in chips) 
moonwalker2503: posts small blind $0.01
spartan987: posts big blind $0.02
*** HOLE CARDS ***
Dealt to Lorpugo [Js 8c]
benbowers1 joins the table at seat #4 
lucas_hood88: raises $0.06 to $0.08
Lorpugo: folds 
moonwalker2503: folds 
spartan987: folds 
Uncalled bet ($0.06) returned to lucas_hood88
lucas_hood88 collected $0.05 from pot
lucas_hood88: doesn't show hand 
*** SUMMARY ***
Total pot $0.05 | Rake $0 
Seat 1: spartan987 (big blind) folded before Flop
Seat 2: lucas_hood88 collected ($0.05)
Seat 3: Lorpugo (button) folded before Flop (didn't bet)
Seat 5: moonwalker2503 (small blind) folded before Flop



PokerStars Hand #240845064436:  Hold'em No Limit ($0.01/$0.02 USD) - 2023/01/01 16:07:40 ET
Table 'Eulalia II' 6-max Seat #5 is the button
Seat 1: spartan987 ($2.54 in chips) 
Seat 2: lucas_hood88 ($2.55 in chips) 
Seat 3: Lorpugo ($2.78 in chips) 
Seat 5: moonwalker2503 ($1.55 in chips) 
spartan987: posts small blind $0.01
lucas_hood88: posts big blind $0.02
*** HOLE CARDS ***
Dealt to Lorpugo [6h Kh]
Lorpugo: raises $0.02 to $0.04
moonwalker2503: folds 
spartan987: raises $0.02 to $0.06
lucas_hood88: folds 
Lorpugo: calls $0.02
*** FLOP *** [2s Ad 9d]
spartan987: checks 
Lorpugo: bets $0.02
spartan987: calls $0.02
*** TURN *** [2s Ad 9d] [2c]
spartan987: checks 
gosutitts leaves the table
Lorpugo: bets $0.02
spartan987: calls $0.02
*** RIVER *** [2s Ad 9d 2c] [Ac]
kendosch joins the table at seat #6 
spartan987: checks 
Lorpugo: bets $0.02
spartan987: calls $0.02
*** SHOW DOWN ***
Lorpugo: shows [6h Kh] (two pair, Aces and Deuces)
spartan987: mucks hand 
Lorpugo collected $0.25 from pot
*** SUMMARY ***
Total pot $0.26 | Rake $0.01 
Board [2s Ad 9d 2c Ac]
Seat 1: spartan987 (small blind) mucked [Jh 7s]
Seat 2: lucas_hood88 (big blind) folded before Flop
Seat 3: Lorpugo showed [6h Kh] and won ($0.25) with two pair, Aces and Deuces
Seat 5: moonwalker2503 (button) folded before Flop (didn't bet)



PokerStars Hand #240845084540:  Hold'em No Limit ($0.01/$0.02 USD) - 2023/01/01 16:08:22 ET
Table 'Eulalia II' 6-max Seat #1 is the button
Seat 1: spartan987 ($2.42 in chips) 
Seat 2: lucas_hood88 ($2.53 in chips) 
Seat 3: Lorpugo ($2.91 in chips) 
Seat 4: benbowers1 ($2 in chips) 
Seat 5: moonwalker2503 ($1.55 in chips) 
Seat 6: kendosch ($2 in chips) 
lucas_hood88: posts small blind $0.01
Lorpugo: posts big blind $0.02
benbowers1: posts big blind $0.02
kendosch: posts big blind $0.02
*** HOLE CARDS ***
Dealt to Lorpugo [Ks Kc]
benbowers1: checks 
moonwalker2503: folds 
kendosch: checks 
spartan987: folds 
lucas_hood88: calls $0.01
Lorpugo: raises $0.10 to $0.12
benbowers1: folds 
kendosch: folds 
lucas_hood88: folds 
Uncalled bet ($0.10) returned to Lorpugo
Lorpugo collected $0.08 from pot
Lorpugo: doesn't show hand 
*** SUMMARY ***
Total pot $0.08 | Rake $0 
Seat 1: spartan987 (button) folded before Flop (didn't bet)
Seat 2: lucas_hood88 (small blind) folded before Flop
Seat 3: Lorpugo (big blind) collected ($0.08)
Seat 4: benbowers1 folded before Flop (didn't bet)
Seat 5: moonwalker2503 folded before Flop (didn't bet)
Seat 6: kendosch folded before Flop (didn't bet)



PokerStars Hand #240845094078:  Hold'em No Limit ($0.01/$0.02 USD) - 2023/01/01 16:08:41 ET
Table 'Eulalia II' 6-max Seat #2 is the button
Seat 1: spartan987 ($2.42 in chips) 
Seat 2: lucas_hood88 ($2.51 in chips) 
Seat 3: Lorpugo ($2.97 in chips) 
Seat 4: benbowers1 ($1.98 in chips) 
Seat 5: moonwalker2503 ($1.55 in chips) 
Seat 6: kendosch ($1.98 in chips) 
Lorpugo: posts small blind $0.01
benbowers1: posts big blind $0.02
*** HOLE CARDS ***
Dealt to Lorpugo [Jh 5c]
moonwalker2503: calls $0.02
kendosch: folds 
spartan987: raises $0.32 to $0.34
lucas_hood88: folds 
Lorpugo: folds 
benbowers1: folds 
moonwalker2503: folds 
Uncalled bet ($0.32) returned to spartan987
spartan987 collected $0.07 from pot
*** SUMMARY ***
Total pot $0.07 | Rake $0 
Seat 1: spartan987 collected ($0.07)
Seat 2: lucas_hood88 (button) folded before Flop (didn't bet)
Seat 3: Lorpugo (small blind) folded before Flop
Seat 4: benbowers1 (big blind) folded before Flop
Seat 5: moonwalker2503 folded before Flop
Seat 6: kendosch folded before Flop (didn't bet)



PokerStars Hand #240845105975:  Hold'em No Limit ($0.01/$0.02 USD) - 2023/01/01 16:09:06 ET
Table 'Eulalia II' 6-max Seat #3 is the button
Seat 1: spartan987 ($2.47 in chips) 
Seat 2: lucas_hood88 ($2.51 in chips) 
Seat 3: Lorpugo ($2.96 in chips) 
Seat 4: benbowers1 ($1.96 in chips) 
Seat 5: moonwalker2503 ($1.53 in chips) 
Seat 6: kendosch ($1.98 in chips) 
benbowers1: posts small blind $0.01
moonwalker2503: posts big blind $0.02
*** HOLE CARDS ***
Dealt to Lorpugo [9d 9h]
kendosch: folds 
spartan987: calls $0.02
lucas_hood88: folds 
Lorpugo: raises $0.12 to $0.14
benbowers1: calls $0.13
moonwalker2503: calls $0.12
spartan987: calls $0.12
*** FLOP *** [Qd 6d Td]
benbowers1: checks 
moonwalker2503: bets $0.08
spartan987: raises $0.10 to $0.18
Lorpugo: folds 
benbowers1: calls $0.18
moonwalker2503: calls $0.10
*** TURN *** [Qd 6d Td] [Ah]
benbowers1: checks 
moonwalker2503: bets $0.02
spartan987: raises $0.14 to $0.16
benbowers1: folds 
moonwalker2503: calls $0.14
*** RIVER *** [Qd 6d Td Ah] [Js]
moonwalker2503: checks 
spartan987: checks 
*** SHOW DOWN ***
moonwalker2503: shows [Ad Qh] (two pair, Aces and Queens)
spartan987: shows [3d 5d] (a flush, Queen high)
spartan987 collected $1.37 from pot
*** SUMMARY ***
Total pot $1.42 | Rake $0.05 
Board [Qd 6d Td Ah Js]
Seat 1: spartan987 showed [3d 5d] and won ($1.37) with a flush, Queen high
Seat 2: lucas_hood88 folded before Flop (didn't bet)
Seat 3: Lorpugo (button) folded on the Flop
Seat 4: benbowers1 (small blind) folded on the Turn
Seat 5: moonwalker2503 (big blind) showed [Ad Qh] and lost with two pair, Aces and Queens
Seat 6: kendosch folded before Flop (didn't bet)



PokerStars Hand #240845132540:  Hold'em No Limit ($0.01/$0.02 USD) - 2023/01/01 16:10:01 ET
Table 'Eulalia II' 6-max Seat #4 is the button
Seat 1: spartan987 ($3.36 in chips) 
Seat 2: lucas_hood88 ($2.51 in chips) 
Seat 3: Lorpugo ($2.82 in chips) 
Seat 4: benbowers1 ($1.64 in chips) 
Seat 5: moonwalker2503 ($1.05 in chips) 
Seat 6: kendosch ($1.98 in chips) 
moonwalker2503: posts small blind $0.01
kendosch: posts big blind $0.02
*** HOLE CARDS ***
Dealt to Lorpugo [5c 6h]
spartan987: calls $0.02
lucas_hood88: folds 
Lorpugo: folds 
benbowers1: calls $0.02
moonwalker2503: calls $0.01
kendosch: raises $0.04 to $0.06
spartan987: calls $0.04
benbowers1: calls $0.04
moonwalker2503: calls $0.04
*** FLOP *** [3c 6s 5s]
moonwalker2503: bets $0.02
kendosch: calls $0.02
spartan987: calls $0.02
benbowers1: folds 
*** TURN *** [3c 6s 5s] [Tc]
moonwalker2503: bets $0.02
kendosch: folds 
spartan987: calls $0.02
*** RIVER *** [3c 6s 5s Tc] [As]
moonwalker2503: bets $0.33
spartan987: folds 
Uncalled bet ($0.33) returned to moonwalker2503
moonwalker2503 collected $0.33 from pot
*** SUMMARY ***
Total pot $0.34 | Rake $0.01 
Board [3c 6s 5s Tc As]
Seat 1: spartan987 folded on the River
Seat 2: lucas_hood88 folded before Flop (didn't bet)
Seat 3: Lorpugo folded before Flop (didn't bet)
Seat 4: benbowers1 (button) folded on the Flop
Seat 5: moonwalker2503 (small blind) collected ($0.33)
Seat 6: kendosch (big blind) folded on the Turn



PokerStars Hand #240845166599:  Hold'em No Limit ($0.01/$0.02 USD) - 2023/01/01 16:11:12 ET
Table 'Eulalia II' 6-max Seat #5 is the button
Seat 1: spartan987 ($3.26 in chips) 
Seat 2: lucas_hood88 ($2.51 in chips) 
Seat 3: Lorpugo ($2.82 in chips) 
Seat 4: benbowers1 ($1.58 in chips) 
Seat 5: moonwalker2503 ($1.28 in chips) 
Seat 6: kendosch ($1.90 in chips) 
kendosch: posts small blind $0.01
spartan987: posts big blind $0.02
*** HOLE CARDS ***
Dealt to Lorpugo [2s 8d]
lucas_hood88: raises $0.03 to $0.05
Lorpugo: folds 
benbowers1: folds 
moonwalker2503: folds 
kendosch: folds 
spartan987: raises $0.03 to $0.08
lucas_hood88: calls $0.03
*** FLOP *** [Ac Qs Td]
spartan987: checks 
lucas_hood88: checks 
*** TURN *** [Ac Qs Td] [9c]
spartan987: bets $0.08
lucas_hood88: calls $0.08
*** RIVER *** [Ac Qs Td 9c] [2h]
spartan987: bets $0.16
lucas_hood88: folds 
Uncalled bet ($0.16) returned to spartan987
spartan987 collected $0.32 from pot
*** SUMMARY ***
Total pot $0.33 | Rake $0.01 
Board [Ac Qs Td 9c 2h]
Seat 1: spartan987 (big blind) collected ($0.32)
Seat 2: lucas_hood88 folded on the River
Seat 3: Lorpugo folded before Flop (didn't bet)
Seat 4: benbowers1 folded before Flop (didn't bet)
Seat 5: moonwalker2503 (button) folded before Flop (didn't bet)
Seat 6: kendosch (small blind) folded before Flop



