PokerStars Hand #240755520208:  Hold'em No Limit ($0.01/$0.02 USD) - 2022/12/28 14:00:03 ET
Table 'Rosselia II' 6-max Seat #3 is the button
Seat 1: Kol.Al.Ol. ($2 in chips) 
Seat 3: spiderman714 ($2.92 in chips) 
Seat 4: Overdiewings ($2.11 in chips) 
Seat 5: Lorpugo ($1.60 in chips) 
Seat 6: ale 4550 ($4.10 in chips) 
Overdiewings: posts small blind $0.01
Lorpugo: posts big blind $0.02
*** HOLE CARDS ***
Dealt to Lorpugo [Ac 6h]
ale 4550: folds 
Kol.Al.Ol.: folds 
spiderman714: folds 
Overdiewings: folds 
Uncalled bet ($0.01) returned to Lorpugo
Lorpugo collected $0.02 from pot
Lorpugo: doesn't show hand 
*** SUMMARY ***
Total pot $0.02 | Rake $0 
Seat 1: Kol.Al.Ol. folded before Flop (didn't bet)
Seat 3: spiderman714 (button) folded before Flop (didn't bet)
Seat 4: Overdiewings (small blind) folded before Flop
Seat 5: Lorpugo (big blind) collected ($0.02)
Seat 6: ale 4550 folded before Flop (didn't bet)



PokerStars Hand #240755524782:  Hold'em No Limit ($0.01/$0.02 USD) - 2022/12/28 14:00:18 ET
Table 'Rosselia II' 6-max Seat #5 is the button
Seat 1: Kol.Al.Ol. ($2 in chips) 
Seat 3: spiderman714 ($2.92 in chips) 
Seat 5: Lorpugo ($1.61 in chips) 
Seat 6: ale 4550 ($4.10 in chips) 
ale 4550: posts small blind $0.01
Kol.Al.Ol.: posts big blind $0.02
*** HOLE CARDS ***
Dealt to Lorpugo [8d 2c]
spiderman714: raises $0.02 to $0.04
Overdiewings leaves the table
Lorpugo: folds 
ale 4550: folds 
Kol.Al.Ol.: folds 
Uncalled bet ($0.02) returned to spiderman714
spiderman714 collected $0.05 from pot
spiderman714: doesn't show hand 
*** SUMMARY ***
Total pot $0.05 | Rake $0 
Seat 1: Kol.Al.Ol. (big blind) folded before Flop
Seat 3: spiderman714 collected ($0.05)
Seat 5: Lorpugo (button) folded before Flop (didn't bet)
Seat 6: ale 4550 (small blind) folded before Flop



PokerStars Hand #240755529763:  Hold'em No Limit ($0.01/$0.02 USD) - 2022/12/28 14:00:33 ET
Table 'Rosselia II' 6-max Seat #6 is the button
Seat 1: Kol.Al.Ol. ($2 in chips) 
Seat 2: pendo3 ($2 in chips) 
Seat 3: spiderman714 ($2.95 in chips) 
Seat 5: Lorpugo ($1.61 in chips) 
Seat 6: ale 4550 ($4.09 in chips) 
Kol.Al.Ol.: posts small blind $0.01
pendo3: posts big blind $0.02
*** HOLE CARDS ***
Dealt to Lorpugo [Ad 4d]
spiderman714: raises $0.04 to $0.06
Lorpugo: folds 
spalona guma joins the table at seat #4 
ale 4550: folds 
Kol.Al.Ol.: calls $0.05
pendo3: calls $0.04
*** FLOP *** [Js 8d 2h]
Kol.Al.Ol.: checks 
pendo3: checks 
spiderman714: bets $0.17
Kol.Al.Ol.: folds 
pendo3: folds 
Uncalled bet ($0.17) returned to spiderman714
spiderman714 collected $0.17 from pot
spiderman714: doesn't show hand 
*** SUMMARY ***
Total pot $0.18 | Rake $0.01 
Board [Js 8d 2h]
Seat 1: Kol.Al.Ol. (small blind) folded on the Flop
Seat 2: pendo3 (big blind) folded on the Flop
Seat 3: spiderman714 collected ($0.17)
Seat 5: Lorpugo folded before Flop (didn't bet)
Seat 6: ale 4550 (button) folded before Flop (didn't bet)



PokerStars Hand #240755549284:  Hold'em No Limit ($0.01/$0.02 USD) - 2022/12/28 14:01:31 ET
Table 'Rosselia II' 6-max Seat #1 is the button
Seat 1: Kol.Al.Ol. ($2 in chips) 
Seat 2: pendo3 ($1.94 in chips) 
Seat 3: spiderman714 ($3.06 in chips) 
Seat 4: spalona guma ($1.60 in chips) 
Seat 5: Lorpugo ($1.61 in chips) 
Seat 6: ale 4550 ($4.09 in chips) 
pendo3: posts small blind $0.01
spiderman714: posts big blind $0.02
spalona guma: posts big blind $0.02
*** HOLE CARDS ***
Dealt to Lorpugo [8h Ts]
spalona guma: checks 
Lorpugo: folds 
ale 4550: folds 
Kol.Al.Ol.: folds 
pendo3: folds 
spiderman714: checks 
*** FLOP *** [Qd Kd 8c]
spiderman714: checks 
spalona guma: bets $0.03
spiderman714: folds 
Uncalled bet ($0.03) returned to spalona guma
spalona guma collected $0.05 from pot
*** SUMMARY ***
Total pot $0.05 | Rake $0 
Board [Qd Kd 8c]
Seat 1: Kol.Al.Ol. (button) folded before Flop (didn't bet)
Seat 2: pendo3 (small blind) folded before Flop
Seat 3: spiderman714 (big blind) folded on the Flop
Seat 4: spalona guma collected ($0.05)
Seat 5: Lorpugo folded before Flop (didn't bet)
Seat 6: ale 4550 folded before Flop (didn't bet)



PokerStars Hand #240755562658:  Hold'em No Limit ($0.01/$0.02 USD) - 2022/12/28 14:02:06 ET
Table 'Rosselia II' 6-max Seat #2 is the button
Seat 1: Kol.Al.Ol. ($2 in chips) 
Seat 2: pendo3 ($1.93 in chips) 
Seat 3: spiderman714 ($3.04 in chips) 
Seat 4: spalona guma ($1.63 in chips) 
Seat 5: Lorpugo ($1.61 in chips) 
Seat 6: ale 4550 ($4.09 in chips) 
spiderman714: posts small blind $0.01
spalona guma: posts big blind $0.02
*** HOLE CARDS ***
Dealt to Lorpugo [9d 6c]
Lorpugo: folds 
ale 4550: folds 
Kol.Al.Ol.: folds 
pendo3: raises $0.04 to $0.06
spiderman714: raises $0.22 to $0.28
spalona guma: folds 
pendo3: raises $0.36 to $0.64
spiderman714: raises $2.40 to $3.04 and is all-in
pendo3: calls $1.29 and is all-in
Uncalled bet ($1.11) returned to spiderman714
*** FLOP *** [3h 7s 7d]
*** TURN *** [3h 7s 7d] [9h]
*** RIVER *** [3h 7s 7d 9h] [Jh]
*** SHOW DOWN ***
spiderman714: shows [Kh Ad] (a pair of Sevens)
pendo3: shows [As Ah] (two pair, Aces and Sevens)
pendo3 collected $3.74 from pot
spiderman714 cashed out the hand for $0.25
*** SUMMARY ***
Total pot $3.88 | Rake $0.14 
Board [3h 7s 7d 9h Jh]
Seat 1: Kol.Al.Ol. folded before Flop (didn't bet)
Seat 2: pendo3 (button) showed [As Ah] and won ($3.74) with two pair, Aces and Sevens
Seat 3: spiderman714 (small blind) showed [Kh Ad] and lost with a pair of Sevens (cashed out).
Seat 4: spalona guma (big blind) folded before Flop
Seat 5: Lorpugo folded before Flop (didn't bet)
Seat 6: ale 4550 folded before Flop (didn't bet)



PokerStars Hand #240755584736:  Hold'em No Limit ($0.01/$0.02 USD) - 2022/12/28 14:03:03 ET
Table 'Rosselia II' 6-max Seat #3 is the button
Seat 1: Kol.Al.Ol. ($2 in chips) 
Seat 2: pendo3 ($3.74 in chips) 
Seat 3: spiderman714 ($2 in chips) 
Seat 4: spalona guma ($1.61 in chips) 
Seat 5: Lorpugo ($1.61 in chips) 
Seat 6: ale 4550 ($4.09 in chips) 
spalona guma: posts small blind $0.01
Lorpugo: posts big blind $0.02
*** HOLE CARDS ***
Dealt to Lorpugo [3s 5d]
ale 4550: folds 
Kol.Al.Ol.: raises $0.02 to $0.04
pendo3: folds 
spiderman714: raises $0.02 to $0.06
spalona guma: calls $0.05
Lorpugo: folds 
Kol.Al.Ol.: calls $0.02
*** FLOP *** [2s 2h 7s]
spalona guma: checks 
Kol.Al.Ol.: checks 
spiderman714: bets $0.09
spalona guma: calls $0.09
Kol.Al.Ol.: folds 
*** TURN *** [2s 2h 7s] [5h]
spalona guma: checks 
spiderman714: bets $1.85 and is all-in
spalona guma: folds 
Uncalled bet ($1.85) returned to spiderman714
spiderman714 collected $0.37 from pot
spiderman714: doesn't show hand 
*** SUMMARY ***
Total pot $0.38 | Rake $0.01 
Board [2s 2h 7s 5h]
Seat 1: Kol.Al.Ol. folded on the Flop
Seat 2: pendo3 folded before Flop (didn't bet)
Seat 3: spiderman714 (button) collected ($0.37)
Seat 4: spalona guma (small blind) folded on the Turn
Seat 5: Lorpugo (big blind) folded before Flop
Seat 6: ale 4550 folded before Flop (didn't bet)



PokerStars Hand #240755601554:  Hold'em No Limit ($0.01/$0.02 USD) - 2022/12/28 14:03:40 ET
Table 'Rosselia II' 6-max Seat #4 is the button
Seat 1: Kol.Al.Ol. ($2 in chips) 
Seat 2: pendo3 ($3.74 in chips) 
Seat 3: spiderman714 ($2.22 in chips) 
Seat 4: spalona guma ($1.46 in chips) 
Seat 5: Lorpugo ($1.59 in chips) 
Seat 6: ale 4550 ($4.09 in chips) 
Lorpugo: posts small blind $0.01
ale 4550: posts big blind $0.02
*** HOLE CARDS ***
Dealt to Lorpugo [9s 4h]
Kol.Al.Ol.: folds 
pendo3 has timed out
pendo3: folds 
spiderman714: raises $0.04 to $0.06
spalona guma: folds 
Lorpugo: folds 
ale 4550: calls $0.04
*** FLOP *** [4c 6s 8h]
ale 4550: checks 
spiderman714: bets $0.16
ale 4550: folds 
Uncalled bet ($0.16) returned to spiderman714
spiderman714 collected $0.13 from pot
spiderman714: doesn't show hand 
*** SUMMARY ***
Total pot $0.13 | Rake $0 
Board [4c 6s 8h]
Seat 1: Kol.Al.Ol. folded before Flop (didn't bet)
Seat 2: pendo3 folded before Flop (didn't bet)
Seat 3: spiderman714 collected ($0.13)
Seat 4: spalona guma (button) folded before Flop (didn't bet)
Seat 5: Lorpugo (small blind) folded before Flop
Seat 6: ale 4550 (big blind) folded on the Flop



PokerStars Hand #240755619705:  Hold'em No Limit ($0.01/$0.02 USD) - 2022/12/28 14:04:23 ET
Table 'Rosselia II' 6-max Seat #5 is the button
Seat 2: pendo3 ($3.74 in chips) 
Seat 3: spiderman714 ($2.29 in chips) 
Seat 4: spalona guma ($1.46 in chips) 
Seat 5: Lorpugo ($1.58 in chips) 
Seat 6: ale 4550 ($4.03 in chips) 
ale 4550: posts small blind $0.01
Kol.Al.Ol. has timed out
pendo3: posts big blind $0.02
*** HOLE CARDS ***
Dealt to Lorpugo [3s 6c]
Kol.Al.Ol. is disconnected 
spiderman714: raises $0.02 to $0.04
spalona guma: folds 
Lorpugo: folds 
ale 4550: folds 
pendo3: calls $0.02
*** FLOP *** [8h 6s 3h]
pendo3: checks 
spiderman714: bets $0.04
pendo3: folds 
Uncalled bet ($0.04) returned to spiderman714
spiderman714 collected $0.09 from pot
spiderman714: doesn't show hand 
*** SUMMARY ***
Total pot $0.09 | Rake $0 
Board [8h 6s 3h]
Seat 2: pendo3 (big blind) folded on the Flop
Seat 3: spiderman714 collected ($0.09)
Seat 4: spalona guma folded before Flop (didn't bet)
Seat 5: Lorpugo (button) folded before Flop (didn't bet)
Seat 6: ale 4550 (small blind) folded before Flop



PokerStars Hand #240755635465:  Hold'em No Limit ($0.01/$0.02 USD) - 2022/12/28 14:04:59 ET
Table 'Rosselia II' 6-max Seat #6 is the button
Seat 2: pendo3 ($3.70 in chips) 
Seat 3: spiderman714 ($2.34 in chips) 
Seat 4: spalona guma ($1.46 in chips) 
Seat 5: Lorpugo ($1.58 in chips) 
Seat 6: ale 4550 ($4.02 in chips) 
pendo3: posts small blind $0.01
spiderman714: posts big blind $0.02
*** HOLE CARDS ***
Dealt to Lorpugo [5d 8h]
spalona guma: calls $0.02
Lorpugo has timed out
Lorpugo: folds 
ale 4550: folds 
pendo3: folds 
spiderman714: checks 
*** FLOP *** [9c 3d 8s]
spiderman714: checks 
spalona guma: bets $0.02
spiderman714: calls $0.02
*** TURN *** [9c 3d 8s] [Ah]
spiderman714: checks 
spalona guma: bets $0.05
spiderman714: folds 
Uncalled bet ($0.05) returned to spalona guma
spalona guma collected $0.09 from pot
*** SUMMARY ***
Total pot $0.09 | Rake $0 
Board [9c 3d 8s Ah]
Seat 2: pendo3 (small blind) folded before Flop
Seat 3: spiderman714 (big blind) folded on the Turn
Seat 4: spalona guma collected ($0.09)
Seat 5: Lorpugo folded before Flop (didn't bet)
Seat 6: ale 4550 (button) folded before Flop (didn't bet)



PokerStars Hand #240755651205:  Hold'em No Limit ($0.01/$0.02 USD) - 2022/12/28 14:05:35 ET
Table 'Rosselia II' 6-max Seat #2 is the button
Seat 2: pendo3 ($3.69 in chips) 
Seat 3: spiderman714 ($2.30 in chips) 
Seat 4: spalona guma ($1.51 in chips) 
Seat 5: Lorpugo ($1.58 in chips) 
Seat 6: ale 4550 ($4.02 in chips) 
spiderman714: posts small blind $0.01
spalona guma: posts big blind $0.02
*** HOLE CARDS ***
Dealt to Lorpugo [Jc 3s]
Lorpugo: folds 
ale 4550: raises $0.03 to $0.05
pendo3: folds 
spiderman714: folds 
spalona guma: calls $0.03
*** FLOP *** [6c Th Jh]
spalona guma: checks 
ale 4550: bets $0.08
spalona guma: calls $0.08
*** TURN *** [6c Th Jh] [2c]
spalona guma: checks 
ale 4550: bets $0.20
spalona guma: folds 
Uncalled bet ($0.20) returned to ale 4550
ale 4550 collected $0.26 from pot
ale 4550: doesn't show hand 
*** SUMMARY ***
Total pot $0.27 | Rake $0.01 
Board [6c Th Jh 2c]
Seat 2: pendo3 (button) folded before Flop (didn't bet)
Seat 3: spiderman714 (small blind) folded before Flop
Seat 4: spalona guma (big blind) folded on the Turn
Seat 5: Lorpugo folded before Flop (didn't bet)
Seat 6: ale 4550 collected ($0.26)



PokerStars Hand #240755678871:  Hold'em No Limit ($0.01/$0.02 USD) - 2022/12/28 14:06:39 ET
Table 'Rosselia II' 6-max Seat #3 is the button
Seat 2: pendo3 ($3.69 in chips) 
Seat 3: spiderman714 ($2.29 in chips) 
Seat 4: spalona guma ($1.38 in chips) 
Seat 5: Lorpugo ($1.58 in chips) 
Seat 6: ale 4550 ($4.15 in chips) 
spalona guma: posts small blind $0.01
Lorpugo: posts big blind $0.02
*** HOLE CARDS ***
Dealt to Lorpugo [Kd 3c]
ale 4550: folds 
pendo3: folds 
spiderman714: folds 
spalona guma: calls $0.01
Lorpugo: checks 
*** FLOP *** [8c Td 9h]
spalona guma: checks 
Lorpugo: checks 
*** TURN *** [8c Td 9h] [7s]
spalona guma: checks 
Lorpugo: bets $0.02
spalona guma: folds 
Uncalled bet ($0.02) returned to Lorpugo
Lorpugo collected $0.04 from pot
Lorpugo: doesn't show hand 
*** SUMMARY ***
Total pot $0.04 | Rake $0 
Board [8c Td 9h 7s]
Seat 2: pendo3 folded before Flop (didn't bet)
Seat 3: spiderman714 (button) folded before Flop (didn't bet)
Seat 4: spalona guma (small blind) folded on the Turn
Seat 5: Lorpugo (big blind) collected ($0.04)
Seat 6: ale 4550 folded before Flop (didn't bet)



PokerStars Hand #240755690418:  Hold'em No Limit ($0.01/$0.02 USD) - 2022/12/28 14:07:06 ET
Table 'Rosselia II' 6-max Seat #4 is the button
Seat 2: pendo3 ($3.69 in chips) 
Seat 3: spiderman714 ($2.29 in chips) 
Seat 4: spalona guma ($1.36 in chips) 
Seat 5: Lorpugo ($1.60 in chips) 
Seat 6: ale 4550 ($4.15 in chips) 
Lorpugo: posts small blind $0.01
ale 4550: posts big blind $0.02
*** HOLE CARDS ***
Dealt to Lorpugo [5s 3c]
pendo3: folds 
spiderman714: folds 
spalona guma: calls $0.02
Lorpugo: folds 
ale 4550: checks 
*** FLOP *** [Js Ac As]
ale 4550: checks 
spalona guma: checks 
*** TURN *** [Js Ac As] [Td]
ale 4550: bets $0.02
spalona guma: calls $0.02
*** RIVER *** [Js Ac As Td] [7c]
ale 4550: checks 
spalona guma: bets $0.09
ale 4550: folds 
Uncalled bet ($0.09) returned to spalona guma
spalona guma collected $0.09 from pot
*** SUMMARY ***
Total pot $0.09 | Rake $0 
Board [Js Ac As Td 7c]
Seat 2: pendo3 folded before Flop (didn't bet)
Seat 3: spiderman714 folded before Flop (didn't bet)
Seat 4: spalona guma (button) collected ($0.09)
Seat 5: Lorpugo (small blind) folded before Flop
Seat 6: ale 4550 (big blind) folded on the River



PokerStars Hand #240755709876:  Hold'em No Limit ($0.01/$0.02 USD) - 2022/12/28 14:07:51 ET
Table 'Rosselia II' 6-max Seat #5 is the button
Seat 2: pendo3 ($3.69 in chips) 
Seat 3: spiderman714 ($2.29 in chips) 
Seat 4: spalona guma ($1.41 in chips) 
Seat 5: Lorpugo ($1.59 in chips) 
Seat 6: ale 4550 ($4.11 in chips) 
ale 4550: posts small blind $0.01
pendo3: posts big blind $0.02
*** HOLE CARDS ***
Dealt to Lorpugo [Jh 4h]
spiderman714: folds 
spalona guma: calls $0.02
Lorpugo: folds 
ale 4550: folds 
pendo3: raises $0.06 to $0.08
spalona guma: calls $0.06
*** FLOP *** [As 7s Td]
pendo3: checks 
spalona guma: checks 
*** TURN *** [As 7s Td] [2s]
pendo3: bets $0.08
spalona guma: folds 
Uncalled bet ($0.08) returned to pendo3
pendo3 collected $0.16 from pot
pendo3: doesn't show hand 
*** SUMMARY ***
Total pot $0.17 | Rake $0.01 
Board [As 7s Td 2s]
Seat 2: pendo3 (big blind) collected ($0.16)
Seat 3: spiderman714 folded before Flop (didn't bet)
Seat 4: spalona guma folded on the Turn
Seat 5: Lorpugo (button) folded before Flop (didn't bet)
Seat 6: ale 4550 (small blind) folded before Flop



PokerStars Hand #240755725542:  Hold'em No Limit ($0.01/$0.02 USD) - 2022/12/28 14:08:27 ET
Table 'Rosselia II' 6-max Seat #6 is the button
Seat 2: pendo3 ($3.77 in chips) 
Seat 3: spiderman714 ($2.29 in chips) 
Seat 4: spalona guma ($1.33 in chips) 
Seat 5: Lorpugo ($1.59 in chips) 
Seat 6: ale 4550 ($4.10 in chips) 
pendo3: posts small blind $0.01
spiderman714: posts big blind $0.02
*** HOLE CARDS ***
Dealt to Lorpugo [6h 2d]
spalona guma: calls $0.02
Lorpugo: folds 
ale 4550: folds 
pendo3: folds 
spiderman714: checks 
*** FLOP *** [4s 2c 5c]
spiderman714: checks 
spalona guma: checks 
*** TURN *** [4s 2c 5c] [3s]
spiderman714: checks 
spalona guma: checks 
*** RIVER *** [4s 2c 5c 3s] [5d]
spiderman714: checks 
spalona guma: checks 
*** SHOW DOWN ***
spiderman714: shows [Td 7c] (a pair of Fives)
spalona guma: shows [Qc 9s] (a pair of Fives - Queen kicker)
spalona guma collected $0.05 from pot
*** SUMMARY ***
Total pot $0.05 | Rake $0 
Board [4s 2c 5c 3s 5d]
Seat 2: pendo3 (small blind) folded before Flop
Seat 3: spiderman714 (big blind) showed [Td 7c] and lost with a pair of Fives
Seat 4: spalona guma showed [Qc 9s] and won ($0.05) with a pair of Fives
Seat 5: Lorpugo folded before Flop (didn't bet)
Seat 6: ale 4550 (button) folded before Flop (didn't bet)



PokerStars Hand #240755735917:  Hold'em No Limit ($0.01/$0.02 USD) - 2022/12/28 14:08:51 ET
Table 'Rosselia II' 6-max Seat #2 is the button
Seat 2: pendo3 ($3.76 in chips) 
Seat 3: spiderman714 ($2.27 in chips) 
Seat 4: spalona guma ($1.36 in chips) 
Seat 5: Lorpugo ($1.59 in chips) 
Seat 6: ale 4550 ($4.10 in chips) 
spiderman714: posts small blind $0.01
spalona guma: posts big blind $0.02
*** HOLE CARDS ***
Dealt to Lorpugo [3c 5h]
Lorpugo: folds 
ale 4550: folds 
pendo3: folds 
spiderman714: folds 
Uncalled bet ($0.01) returned to spalona guma
spalona guma collected $0.02 from pot
*** SUMMARY ***
Total pot $0.02 | Rake $0 
Seat 2: pendo3 (button) folded before Flop (didn't bet)
Seat 3: spiderman714 (small blind) folded before Flop
Seat 4: spalona guma (big blind) collected ($0.02)
Seat 5: Lorpugo folded before Flop (didn't bet)
Seat 6: ale 4550 folded before Flop (didn't bet)



PokerStars Hand #240755739891:  Hold'em No Limit ($0.01/$0.02 USD) - 2022/12/28 14:09:00 ET
Table 'Rosselia II' 6-max Seat #3 is the button
Seat 2: pendo3 ($3.76 in chips) 
Seat 3: spiderman714 ($2.26 in chips) 
Seat 4: spalona guma ($1.37 in chips) 
Seat 5: Lorpugo ($1.59 in chips) 
Seat 6: ale 4550 ($4.10 in chips) 
spalona guma: posts small blind $0.01
Lorpugo: posts big blind $0.02
*** HOLE CARDS ***
Dealt to Lorpugo [9c Qh]
ale 4550: raises $0.03 to $0.05
pendo3: folds 
spiderman714: folds 
spalona guma: calls $0.04
Lorpugo: folds 
*** FLOP *** [As 6h 2s]
spalona guma: checks 
ale 4550: bets $0.09
spalona guma: calls $0.09
*** TURN *** [As 6h 2s] [8d]
spalona guma: checks 
ale 4550: bets $0.42
spalona guma: calls $0.42
*** RIVER *** [As 6h 2s 8d] [Ad]
spalona guma: checks 
ale 4550: bets $0.36
spalona guma: calls $0.36
*** SHOW DOWN ***
ale 4550: shows [Qs Ah] (three of a kind, Aces)
spalona guma: mucks hand 
ale 4550 collected $1.79 from pot
*** SUMMARY ***
Total pot $1.86 | Rake $0.07 
Board [As 6h 2s 8d Ad]
Seat 2: pendo3 folded before Flop (didn't bet)
Seat 3: spiderman714 (button) folded before Flop (didn't bet)
Seat 4: spalona guma (small blind) mucked [Jc Jd]
Seat 5: Lorpugo (big blind) folded before Flop
Seat 6: ale 4550 showed [Qs Ah] and won ($1.79) with three of a kind, Aces



PokerStars Hand #240755761483:  Hold'em No Limit ($0.01/$0.02 USD) - 2022/12/28 14:09:50 ET
Table 'Rosselia II' 6-max Seat #4 is the button
Seat 2: pendo3 ($3.76 in chips) 
Seat 3: spiderman714 ($2.26 in chips) 
Seat 4: spalona guma ($0.45 in chips) 
Seat 5: Lorpugo ($1.57 in chips) 
Seat 6: ale 4550 ($4.97 in chips) 
Lorpugo: posts small blind $0.01
ale 4550: posts big blind $0.02
*** HOLE CARDS ***
Dealt to Lorpugo [7c 5d]
pendo3: calls $0.02
spiderman714: raises $0.06 to $0.08
spalona guma: folds 
Lorpugo: folds 
ale 4550: folds 
pendo3: calls $0.06
*** FLOP *** [5h Ad Ts]
pendo3: checks 
spiderman714: bets $0.08
pendo3: calls $0.08
*** TURN *** [5h Ad Ts] [Qd]
pendo3: checks 
spiderman714: bets $0.12
pendo3: raises $0.12 to $0.24
spiderman714: folds 
Uncalled bet ($0.12) returned to pendo3
pendo3 collected $0.57 from pot
pendo3: doesn't show hand 
*** SUMMARY ***
Total pot $0.59 | Rake $0.02 
Board [5h Ad Ts Qd]
Seat 2: pendo3 collected ($0.57)
Seat 3: spiderman714 folded on the Turn
Seat 4: spalona guma (button) folded before Flop (didn't bet)
Seat 5: Lorpugo (small blind) folded before Flop
Seat 6: ale 4550 (big blind) folded before Flop



PokerStars Hand #240755785559:  Hold'em No Limit ($0.01/$0.02 USD) - 2022/12/28 14:10:46 ET
Table 'Rosselia II' 6-max Seat #5 is the button
Seat 2: pendo3 ($4.05 in chips) 
Seat 3: spiderman714 ($2 in chips) 
Seat 4: spalona guma ($0.45 in chips) 
Seat 5: Lorpugo ($1.56 in chips) 
Seat 6: ale 4550 ($4.95 in chips) 
ale 4550: posts small blind $0.01
pendo3: posts big blind $0.02
*** HOLE CARDS ***
Dealt to Lorpugo [2s Th]
spiderman714: raises $0.02 to $0.04
spalona guma: folds 
Lorpugo: folds 
ale 4550: folds 
pendo3: folds 
Uncalled bet ($0.02) returned to spiderman714
spiderman714 collected $0.05 from pot
spiderman714: doesn't show hand 
*** SUMMARY ***
Total pot $0.05 | Rake $0 
Seat 2: pendo3 (big blind) folded before Flop
Seat 3: spiderman714 collected ($0.05)
Seat 4: spalona guma folded before Flop (didn't bet)
Seat 5: Lorpugo (button) folded before Flop (didn't bet)
Seat 6: ale 4550 (small blind) folded before Flop



PokerStars Hand #240755792649:  Hold'em No Limit ($0.01/$0.02 USD) - 2022/12/28 14:11:02 ET
Table 'Rosselia II' 6-max Seat #6 is the button
Seat 2: pendo3 ($4.03 in chips) 
Seat 3: spiderman714 ($2.03 in chips) 
Seat 4: spalona guma ($0.45 in chips) 
Seat 5: Lorpugo ($1.56 in chips) 
Seat 6: ale 4550 ($4.94 in chips) 
pendo3: posts small blind $0.01
spiderman714: posts big blind $0.02
*** HOLE CARDS ***
Dealt to Lorpugo [5c 8c]
spalona guma: raises $0.02 to $0.04
Lorpugo: folds 
ale 4550: folds 
pendo3: folds 
spiderman714: folds 
Uncalled bet ($0.02) returned to spalona guma
spalona guma collected $0.05 from pot
*** SUMMARY ***
Total pot $0.05 | Rake $0 
Seat 2: pendo3 (small blind) folded before Flop
Seat 3: spiderman714 (big blind) folded before Flop
Seat 4: spalona guma collected ($0.05)
Seat 5: Lorpugo folded before Flop (didn't bet)
Seat 6: ale 4550 (button) folded before Flop (didn't bet)



PokerStars Hand #240755799080:  Hold'em No Limit ($0.01/$0.02 USD) - 2022/12/28 14:11:17 ET
Table 'Rosselia II' 6-max Seat #2 is the button
Seat 2: pendo3 ($4.02 in chips) 
Seat 3: spiderman714 ($2.01 in chips) 
Seat 4: spalona guma ($0.48 in chips) 
Seat 5: Lorpugo ($1.56 in chips) 
Seat 6: ale 4550 ($4.94 in chips) 
spiderman714: posts small blind $0.01
spalona guma: posts big blind $0.02
*** HOLE CARDS ***
Dealt to Lorpugo [Qc 3c]
Lorpugo: folds 
ale 4550: folds 
pendo3: raises $0.04 to $0.06
spiderman714: raises $0.18 to $0.24
spalona guma: folds 
pendo3: folds 
Uncalled bet ($0.18) returned to spiderman714
spiderman714 collected $0.14 from pot
spiderman714: doesn't show hand 
*** SUMMARY ***
Total pot $0.14 | Rake $0 
Seat 2: pendo3 (button) folded before Flop
Seat 3: spiderman714 (small blind) collected ($0.14)
Seat 4: spalona guma (big blind) folded before Flop
Seat 5: Lorpugo folded before Flop (didn't bet)
Seat 6: ale 4550 folded before Flop (didn't bet)



PokerStars Hand #240755813525:  Hold'em No Limit ($0.01/$0.02 USD) - 2022/12/28 14:11:50 ET
Table 'Rosselia II' 6-max Seat #3 is the button
Seat 2: pendo3 ($3.96 in chips) 
Seat 3: spiderman714 ($2.09 in chips) 
Seat 4: spalona guma ($0.46 in chips) 
Seat 5: Lorpugo ($1.56 in chips) 
Seat 6: ale 4550 ($4.94 in chips) 
spalona guma: posts small blind $0.01
Lorpugo: posts big blind $0.02
*** HOLE CARDS ***
Dealt to Lorpugo [Qd 4h]
ale 4550: folds 
pendo3: folds 
spiderman714: raises $0.04 to $0.06
spalona guma: calls $0.05
Lorpugo: folds 
*** FLOP *** [Td 2c 6h]
spalona guma: checks 
spiderman714: bets $0.07
spalona guma: calls $0.07
*** TURN *** [Td 2c 6h] [9c]
spalona guma: checks 
spiderman714: checks 
*** RIVER *** [Td 2c 6h 9c] [Qc]
spalona guma: checks 
spiderman714: checks 
*** SHOW DOWN ***
spalona guma: shows [Kd 8s] (high card King)
spiderman714: shows [3d 3c] (a pair of Threes)
spiderman714 collected $0.27 from pot
*** SUMMARY ***
Total pot $0.28 | Rake $0.01 
Board [Td 2c 6h 9c Qc]
Seat 2: pendo3 folded before Flop (didn't bet)
Seat 3: spiderman714 (button) showed [3d 3c] and won ($0.27) with a pair of Threes
Seat 4: spalona guma (small blind) showed [Kd 8s] and lost with high card King
Seat 5: Lorpugo (big blind) folded before Flop
Seat 6: ale 4550 folded before Flop (didn't bet)



PokerStars Hand #240755827313:  Hold'em No Limit ($0.01/$0.02 USD) - 2022/12/28 14:12:22 ET
Table 'Rosselia II' 6-max Seat #4 is the button
Seat 2: pendo3 ($3.96 in chips) 
Seat 3: spiderman714 ($2.23 in chips) 
Seat 4: spalona guma ($0.33 in chips) 
Seat 5: Lorpugo ($1.54 in chips) 
Seat 6: ale 4550 ($4.94 in chips) 
Lorpugo: posts small blind $0.01
ale 4550: posts big blind $0.02
*** HOLE CARDS ***
Dealt to Lorpugo [9c 9h]
pendo3: folds 
spiderman714: folds 
spalona guma: calls $0.02
Lorpugo: raises $0.06 to $0.08
ale 4550: folds 
spalona guma: calls $0.06
*** FLOP *** [7h Jc Qd]
Lorpugo: checks 
spalona guma: checks 
*** TURN *** [7h Jc Qd] [8d]
Lorpugo: bets $0.06
spalona guma: calls $0.06
*** RIVER *** [7h Jc Qd 8d] [Ah]
Lorpugo: checks 
spalona guma: checks 
*** SHOW DOWN ***
Lorpugo: shows [9c 9h] (a pair of Nines)
spalona guma: mucks hand 
Lorpugo collected $0.29 from pot
*** SUMMARY ***
Total pot $0.30 | Rake $0.01 
Board [7h Jc Qd 8d Ah]
Seat 2: pendo3 folded before Flop (didn't bet)
Seat 3: spiderman714 folded before Flop (didn't bet)
Seat 4: spalona guma (button) mucked [7d 6d]
Seat 5: Lorpugo (small blind) showed [9c 9h] and won ($0.29) with a pair of Nines
Seat 6: ale 4550 (big blind) folded before Flop



PokerStars Hand #240755852188:  Hold'em No Limit ($0.01/$0.02 USD) - 2022/12/28 14:13:20 ET
Table 'Rosselia II' 6-max Seat #5 is the button
Seat 2: pendo3 ($3.96 in chips) 
Seat 3: spiderman714 ($2.23 in chips) 
Seat 4: spalona guma ($0.19 in chips) 
Seat 5: Lorpugo ($1.69 in chips) 
Seat 6: ale 4550 ($4.92 in chips) 
ale 4550: posts small blind $0.01
pendo3: posts big blind $0.02
*** HOLE CARDS ***
Dealt to Lorpugo [5h Jh]
spiderman714: folds 
spalona guma: calls $0.02
Lorpugo: folds 
ale 4550: folds 
pendo3: checks 
*** FLOP *** [Kd Td 8d]
pendo3: checks 
spalona guma: checks 
*** TURN *** [Kd Td 8d] [6h]
pendo3: checks 
spalona guma: bets $0.02
pendo3: folds 
Uncalled bet ($0.02) returned to spalona guma
spalona guma collected $0.05 from pot
Kol.Al.Ol. leaves the table
*** SUMMARY ***
Total pot $0.05 | Rake $0 
Board [Kd Td 8d 6h]
Seat 2: pendo3 (big blind) folded on the Turn
Seat 3: spiderman714 folded before Flop (didn't bet)
Seat 4: spalona guma collected ($0.05)
Seat 5: Lorpugo (button) folded before Flop (didn't bet)
Seat 6: ale 4550 (small blind) folded before Flop



PokerStars Hand #240755870106:  Hold'em No Limit ($0.01/$0.02 USD) - 2022/12/28 14:14:01 ET
Table 'Rosselia II' 6-max Seat #6 is the button
Seat 2: pendo3 ($3.94 in chips) 
Seat 3: spiderman714 ($2.23 in chips) 
Seat 4: spalona guma ($0.22 in chips) 
Seat 5: Lorpugo ($1.69 in chips) 
Seat 6: ale 4550 ($4.91 in chips) 
pendo3: posts small blind $0.01
spiderman714: posts big blind $0.02
*** HOLE CARDS ***
Dealt to Lorpugo [9s 3d]
spalona guma: calls $0.02
Lorpugo: folds 
ale 4550: folds 
pendo3: folds 
spiderman714: checks 
*** FLOP *** [As Th 9d]
spiderman714: checks 
spalona guma: bets $0.02
spiderman714: folds 
Uncalled bet ($0.02) returned to spalona guma
spalona guma collected $0.05 from pot
*** SUMMARY ***
Total pot $0.05 | Rake $0 
Board [As Th 9d]
Seat 2: pendo3 (small blind) folded before Flop
Seat 3: spiderman714 (big blind) folded on the Flop
Seat 4: spalona guma collected ($0.05)
Seat 5: Lorpugo folded before Flop (didn't bet)
Seat 6: ale 4550 (button) folded before Flop (didn't bet)



PokerStars Hand #240755878144:  Hold'em No Limit ($0.01/$0.02 USD) - 2022/12/28 14:14:20 ET
Table 'Rosselia II' 6-max Seat #2 is the button
Seat 2: pendo3 ($3.93 in chips) 
Seat 3: spiderman714 ($2.21 in chips) 
Seat 4: spalona guma ($0.25 in chips) 
Seat 5: Lorpugo ($1.69 in chips) 
Seat 6: ale 4550 ($4.91 in chips) 
spiderman714: posts small blind $0.01
spalona guma: posts big blind $0.02
*** HOLE CARDS ***
Dealt to Lorpugo [7s 6c]
Lorpugo: folds 
ale 4550: raises $0.03 to $0.05
pendo3: raises $0.05 to $0.10
spiderman714: folds 
spalona guma: calls $0.08
ale 4550: calls $0.05
*** FLOP *** [2d 7d 2s]
spalona guma: checks 
ale 4550: checks 
pendo3: bets $0.18
spalona guma: calls $0.15 and is all-in
ale 4550: folds 
Uncalled bet ($0.03) returned to pendo3
*** TURN *** [2d 7d 2s] [3c]
*** RIVER *** [2d 7d 2s 3c] [Th]
*** SHOW DOWN ***
spalona guma: shows [4h Ad] (a pair of Deuces)
pendo3: shows [Qc Qs] (two pair, Queens and Deuces)
pendo3 collected $0.59 from pot
*** SUMMARY ***
Total pot $0.61 | Rake $0.02 
Board [2d 7d 2s 3c Th]
Seat 2: pendo3 (button) showed [Qc Qs] and won ($0.59) with two pair, Queens and Deuces
Seat 3: spiderman714 (small blind) folded before Flop
Seat 4: spalona guma (big blind) showed [4h Ad] and lost with a pair of Deuces
Seat 5: Lorpugo folded before Flop (didn't bet)
Seat 6: ale 4550 folded on the Flop



PokerStars Hand #240755898573:  Hold'em No Limit ($0.01/$0.02 USD) - 2022/12/28 14:15:07 ET
Table 'Rosselia II' 6-max Seat #3 is the button
Seat 2: pendo3 ($4.27 in chips) 
Seat 3: spiderman714 ($2.20 in chips) 
Seat 5: Lorpugo ($1.69 in chips) 
Lorpugo: posts small blind $0.01
pendo3: posts big blind $0.02
*** HOLE CARDS ***
Dealt to Lorpugo [As 5h]
ale 4550 leaves the table
spiderman714: folds 
Lorpugo: raises $0.04 to $0.06
pendo3: folds 
Uncalled bet ($0.04) returned to Lorpugo
Lorpugo collected $0.04 from pot
Lorpugo: doesn't show hand 
*** SUMMARY ***
Total pot $0.04 | Rake $0 
Seat 2: pendo3 (big blind) folded before Flop
Seat 3: spiderman714 (button) folded before Flop (didn't bet)
Seat 5: Lorpugo (small blind) collected ($0.04)



PokerStars Hand #240755904296:  Hold'em No Limit ($0.01/$0.02 USD) - 2022/12/28 14:15:20 ET
Table 'Rosselia II' 6-max Seat #5 is the button
Seat 2: pendo3 ($4.25 in chips) 
Seat 3: spiderman714 ($2.20 in chips) 
Seat 5: Lorpugo ($1.71 in chips) 
pendo3: posts small blind $0.01
spiderman714: posts big blind $0.02
*** HOLE CARDS ***
Dealt to Lorpugo [9h Qc]
spalona guma leaves the table
Lorpugo: raises $0.04 to $0.06
pendo3: folds 
spiderman714: raises $0.18 to $0.24
Lorpugo: folds 
Uncalled bet ($0.18) returned to spiderman714
spiderman714 collected $0.13 from pot
spiderman714: doesn't show hand 
*** SUMMARY ***
Total pot $0.13 | Rake $0 
Seat 2: pendo3 (small blind) folded before Flop
Seat 3: spiderman714 (big blind) collected ($0.13)
Seat 5: Lorpugo (button) folded before Flop



PokerStars Hand #240755913976:  Hold'em No Limit ($0.01/$0.02 USD) - 2022/12/28 14:15:43 ET
Table 'Rosselia II' 6-max Seat #2 is the button
Seat 2: pendo3 ($4.24 in chips) 
Seat 3: spiderman714 ($2.27 in chips) 
Seat 5: Lorpugo ($1.65 in chips) 
spiderman714: posts small blind $0.01
Lorpugo: posts big blind $0.02
*** HOLE CARDS ***
Dealt to Lorpugo [Kc Qh]
pendo3: folds 
spiderman714: calls $0.01
Lorpugo: raises $0.04 to $0.06
spiderman714: raises $0.18 to $0.24
Lorpugo: calls $0.18
*** FLOP *** [Qc 2s 2h]
spiderman714: bets $0.26
Lorpugo: calls $0.26
*** TURN *** [Qc 2s 2h] [4d]
spiderman714: checks 
Lorpugo: bets $0.63
spiderman714: folds 
Uncalled bet ($0.63) returned to Lorpugo
Lorpugo collected $0.96 from pot
Lorpugo: doesn't show hand 
*** SUMMARY ***
Total pot $1 | Rake $0.04 
Board [Qc 2s 2h 4d]
Seat 2: pendo3 (button) folded before Flop (didn't bet)
Seat 3: spiderman714 (small blind) folded on the Turn
Seat 5: Lorpugo (big blind) collected ($0.96)



PokerStars Hand #240755936707:  Hold'em No Limit ($0.01/$0.02 USD) - 2022/12/28 14:16:35 ET
Table 'Rosselia II' 6-max Seat #3 is the button
Seat 2: pendo3 ($4.24 in chips) 
Seat 3: spiderman714 ($2 in chips) 
Seat 5: Lorpugo ($2.11 in chips) 
Lorpugo: posts small blind $0.01
pendo3: posts big blind $0.02
*** HOLE CARDS ***
Dealt to Lorpugo [6d 8h]
spiderman714: folds 
Lorpugo: raises $0.04 to $0.06
pendo3: folds 
Uncalled bet ($0.04) returned to Lorpugo
Lorpugo collected $0.04 from pot
Lorpugo: doesn't show hand 
*** SUMMARY ***
Total pot $0.04 | Rake $0 
Seat 2: pendo3 (big blind) folded before Flop
Seat 3: spiderman714 (button) folded before Flop (didn't bet)
Seat 5: Lorpugo (small blind) collected ($0.04)



PokerStars Hand #240755940267:  Hold'em No Limit ($0.01/$0.02 USD) - 2022/12/28 14:16:43 ET
Table 'Rosselia II' 6-max Seat #5 is the button
Seat 2: pendo3 ($4.22 in chips) 
Seat 3: spiderman714 ($2 in chips) 
Seat 5: Lorpugo ($2.13 in chips) 
pendo3: posts small blind $0.01
spiderman714: posts big blind $0.02
*** HOLE CARDS ***
Dealt to Lorpugo [6s 4d]
Lorpugo: folds 
pendo3: folds 
Uncalled bet ($0.01) returned to spiderman714
spiderman714 collected $0.02 from pot
spiderman714: doesn't show hand 
*** SUMMARY ***
Total pot $0.02 | Rake $0 
Seat 2: pendo3 (small blind) folded before Flop
Seat 3: spiderman714 (big blind) collected ($0.02)
Seat 5: Lorpugo (button) folded before Flop (didn't bet)



PokerStars Hand #240755944577:  Hold'em No Limit ($0.01/$0.02 USD) - 2022/12/28 14:16:53 ET
Table 'Rosselia II' 6-max Seat #2 is the button
Seat 2: pendo3 ($4.21 in chips) 
Seat 3: spiderman714 ($2.01 in chips) 
Seat 5: Lorpugo ($2.13 in chips) 
spiderman714: posts small blind $0.01
Lorpugo: posts big blind $0.02
*** HOLE CARDS ***
Dealt to Lorpugo [Th 8c]
pendo3: folds 
spiderman714: calls $0.01
Lorpugo: checks 
*** FLOP *** [9d Ks Td]
spiderman714: checks 
Lorpugo: bets $0.03
spiderman714: folds 
Uncalled bet ($0.03) returned to Lorpugo
Lorpugo collected $0.04 from pot
Lorpugo: doesn't show hand 
*** SUMMARY ***
Total pot $0.04 | Rake $0 
Board [9d Ks Td]
Seat 2: pendo3 (button) folded before Flop (didn't bet)
Seat 3: spiderman714 (small blind) folded on the Flop
Seat 5: Lorpugo (big blind) collected ($0.04)



PokerStars Hand #240755954202:  Hold'em No Limit ($0.01/$0.02 USD) - 2022/12/28 14:17:15 ET
Table 'Rosselia II' 6-max Seat #3 is the button
Seat 2: pendo3 ($4.21 in chips) 
Seat 3: spiderman714 ($2 in chips) 
Seat 5: Lorpugo ($2.15 in chips) 
Lorpugo: posts small blind $0.01
pendo3: posts big blind $0.02
*** HOLE CARDS ***
Dealt to Lorpugo [Jc Ks]
spiderman714: raises $0.02 to $0.04
Lorpugo: calls $0.03
pendo3: calls $0.02
*** FLOP *** [6s 6h 3d]
Lorpugo: checks 
pendo3: checks 
spiderman714: checks 
*** TURN *** [6s 6h 3d] [3c]
Lorpugo: bets $0.02
pendo3: folds 
spiderman714: folds 
Uncalled bet ($0.02) returned to Lorpugo
Lorpugo collected $0.12 from pot
Lorpugo: doesn't show hand 
*** SUMMARY ***
Total pot $0.12 | Rake $0 
Board [6s 6h 3d 3c]
Seat 2: pendo3 (big blind) folded on the Turn
Seat 3: spiderman714 (button) folded on the Turn
Seat 5: Lorpugo (small blind) collected ($0.12)



PokerStars Hand #240755966279:  Hold'em No Limit ($0.01/$0.02 USD) - 2022/12/28 14:17:43 ET
Table 'Rosselia II' 6-max Seat #5 is the button
Seat 2: pendo3 ($4.17 in chips) 
Seat 3: spiderman714 ($2 in chips) 
Seat 5: Lorpugo ($2.23 in chips) 
pendo3: posts small blind $0.01
spiderman714: posts big blind $0.02
*** HOLE CARDS ***
Dealt to Lorpugo [Qc Qd]
Lorpugo: raises $0.04 to $0.06
pendo3: folds 
spiderman714: calls $0.04
*** FLOP *** [5d 2d Th]
spiderman714: checks 
Lorpugo: bets $0.04
spiderman714: folds 
Uncalled bet ($0.04) returned to Lorpugo
Lorpugo collected $0.13 from pot
Lorpugo: doesn't show hand 
*** SUMMARY ***
Total pot $0.13 | Rake $0 
Board [5d 2d Th]
Seat 2: pendo3 (small blind) folded before Flop
Seat 3: spiderman714 (big blind) folded on the Flop
Seat 5: Lorpugo (button) collected ($0.13)



PokerStars Hand #240755979440:  Hold'em No Limit ($0.01/$0.02 USD) - 2022/12/28 14:18:13 ET
Table 'Rosselia II' 6-max Seat #2 is the button
Seat 2: pendo3 ($4.16 in chips) 
Seat 3: spiderman714 ($2 in chips) 
Seat 5: Lorpugo ($2.30 in chips) 
spiderman714: posts small blind $0.01
Lorpugo: posts big blind $0.02
*** HOLE CARDS ***
Dealt to Lorpugo [8c 3h]
pendo3: folds 
spiderman714: folds 
Uncalled bet ($0.01) returned to Lorpugo
Lorpugo collected $0.02 from pot
Lorpugo: doesn't show hand 
*** SUMMARY ***
Total pot $0.02 | Rake $0 
Seat 2: pendo3 (button) folded before Flop (didn't bet)
Seat 3: spiderman714 (small blind) folded before Flop
Seat 5: Lorpugo (big blind) collected ($0.02)



PokerStars Hand #240755983591:  Hold'em No Limit ($0.01/$0.02 USD) - 2022/12/28 14:18:23 ET
Table 'Rosselia II' 6-max Seat #3 is the button
Seat 2: pendo3 ($4.16 in chips) 
Seat 3: spiderman714 ($2 in chips) 
Seat 5: Lorpugo ($2.31 in chips) 
Lorpugo: posts small blind $0.01
pendo3: posts big blind $0.02
*** HOLE CARDS ***
Dealt to Lorpugo [6h Ks]
spiderman714: folds 
Lorpugo: raises $0.04 to $0.06
pendo3: folds 
Uncalled bet ($0.04) returned to Lorpugo
Lorpugo collected $0.04 from pot
Lorpugo: doesn't show hand 
*** SUMMARY ***
Total pot $0.04 | Rake $0 
Seat 2: pendo3 (big blind) folded before Flop
Seat 3: spiderman714 (button) folded before Flop (didn't bet)
Seat 5: Lorpugo (small blind) collected ($0.04)



PokerStars Hand #240755987751:  Hold'em No Limit ($0.01/$0.02 USD) - 2022/12/28 14:18:32 ET
Table 'Rosselia II' 6-max Seat #5 is the button
Seat 2: pendo3 ($4.14 in chips) 
Seat 3: spiderman714 ($2 in chips) 
Seat 5: Lorpugo ($2.33 in chips) 
pendo3: posts small blind $0.01
spiderman714: posts big blind $0.02
*** HOLE CARDS ***
Dealt to Lorpugo [8s As]
Lorpugo: raises $0.04 to $0.06
pendo3: folds 
spiderman714: calls $0.04
*** FLOP *** [4s Qc 7d]
spiderman714: checks 
Lorpugo: bets $0.07
spiderman714: folds 
Uncalled bet ($0.07) returned to Lorpugo
Lorpugo collected $0.13 from pot
Lorpugo: doesn't show hand 
*** SUMMARY ***
Total pot $0.13 | Rake $0 
Board [4s Qc 7d]
Seat 2: pendo3 (small blind) folded before Flop
Seat 3: spiderman714 (big blind) folded on the Flop
Seat 5: Lorpugo (button) collected ($0.13)



PokerStars Hand #240756000592:  Hold'em No Limit ($0.01/$0.02 USD) - 2022/12/28 14:19:01 ET
Table 'Rosselia II' 6-max Seat #2 is the button
Seat 2: pendo3 ($4.13 in chips) 
Seat 3: spiderman714 ($2 in chips) 
Seat 5: Lorpugo ($2.40 in chips) 
spiderman714: posts small blind $0.01
Lorpugo: posts big blind $0.02
*** HOLE CARDS ***
Dealt to Lorpugo [Jh 3s]
pendo3: folds 
spiderman714: folds 
Uncalled bet ($0.01) returned to Lorpugo
Lorpugo collected $0.02 from pot
Lorpugo: doesn't show hand 
*** SUMMARY ***
Total pot $0.02 | Rake $0 
Seat 2: pendo3 (button) folded before Flop (didn't bet)
Seat 3: spiderman714 (small blind) folded before Flop
Seat 5: Lorpugo (big blind) collected ($0.02)



PokerStars Hand #240756004366:  Hold'em No Limit ($0.01/$0.02 USD) - 2022/12/28 14:19:10 ET
Table 'Rosselia II' 6-max Seat #3 is the button
Seat 2: pendo3 ($4.13 in chips) 
Seat 3: spiderman714 ($2 in chips) 
Seat 5: Lorpugo ($2.41 in chips) 
Lorpugo: posts small blind $0.01
pendo3: posts big blind $0.02
*** HOLE CARDS ***
Dealt to Lorpugo [8d Th]
spiderman714: raises $0.02 to $0.04
Lorpugo: calls $0.03
pendo3: calls $0.02
*** FLOP *** [Qc 9h 7s]
Lorpugo: checks 
pendo3: checks 
spiderman714: bets $0.06
Lorpugo: calls $0.06
misia1985 joins the table at seat #4 
pendo3: folds 
*** TURN *** [Qc 9h 7s] [4s]
Lorpugo: checks 
spiderman714: checks 
*** RIVER *** [Qc 9h 7s 4s] [9c]
Lorpugo: bets $0.24
spiderman714: folds 
Uncalled bet ($0.24) returned to Lorpugo
Lorpugo collected $0.23 from pot
Lorpugo: doesn't show hand 
*** SUMMARY ***
Total pot $0.24 | Rake $0.01 
Board [Qc 9h 7s 4s 9c]
Seat 2: pendo3 (big blind) folded on the Flop
Seat 3: spiderman714 (button) folded on the River
Seat 5: Lorpugo (small blind) collected ($0.23)



PokerStars Hand #240756030311:  Hold'em No Limit ($0.01/$0.02 USD) - 2022/12/28 14:20:10 ET
Table 'Rosselia II' 6-max Seat #5 is the button
Seat 2: pendo3 ($4.09 in chips) 
Seat 3: spiderman714 ($2 in chips) 
Seat 5: Lorpugo ($2.54 in chips) 
pendo3: posts small blind $0.01
spiderman714: posts big blind $0.02
*** HOLE CARDS ***
Dealt to Lorpugo [3h Ah]
Lorpugo: raises $0.04 to $0.06
pendo3: folds 
spiderman714: calls $0.04
*** FLOP *** [Th Kc Qh]
spiderman714: checks 
Lorpugo: bets $0.04
spiderman714: calls $0.04
*** TURN *** [Th Kc Qh] [Qs]
spiderman714: bets $0.10
Lorpugo: calls $0.10
*** RIVER *** [Th Kc Qh Qs] [4h]
spiderman714: checks 
Lorpugo: bets $0.58
spiderman714: folds 
Uncalled bet ($0.58) returned to Lorpugo
Lorpugo collected $0.40 from pot
Lorpugo: doesn't show hand 
*** SUMMARY ***
Total pot $0.41 | Rake $0.01 
Board [Th Kc Qh Qs 4h]
Seat 2: pendo3 (small blind) folded before Flop
Seat 3: spiderman714 (big blind) folded on the River
Seat 5: Lorpugo (button) collected ($0.40)



PokerStars Hand #240756049848:  Hold'em No Limit ($0.01/$0.02 USD) - 2022/12/28 14:20:55 ET
Table 'Rosselia II' 6-max Seat #2 is the button
Seat 2: pendo3 ($4.08 in chips) 
Seat 3: spiderman714 ($2 in chips) 
Seat 4: misia1985 ($1.60 in chips) 
Seat 5: Lorpugo ($2.74 in chips) 
spiderman714: posts small blind $0.01
misia1985: posts big blind $0.02
*** HOLE CARDS ***
Dealt to Lorpugo [Ts Jh]
Lorpugo: raises $0.04 to $0.06
pendo3: folds 
spiderman714: folds 
misia1985: folds 
Uncalled bet ($0.04) returned to Lorpugo
Lorpugo collected $0.05 from pot
Lorpugo: doesn't show hand 
*** SUMMARY ***
Total pot $0.05 | Rake $0 
Seat 2: pendo3 (button) folded before Flop (didn't bet)
Seat 3: spiderman714 (small blind) folded before Flop
Seat 4: misia1985 (big blind) folded before Flop
Seat 5: Lorpugo collected ($0.05)



PokerStars Hand #240756053300:  Hold'em No Limit ($0.01/$0.02 USD) - 2022/12/28 14:21:03 ET
Table 'Rosselia II' 6-max Seat #3 is the button
Seat 2: pendo3 ($4.08 in chips) 
Seat 3: spiderman714 ($2 in chips) 
Seat 4: misia1985 ($1.58 in chips) 
Seat 5: Lorpugo ($2.77 in chips) 
misia1985: posts small blind $0.01
Lorpugo: posts big blind $0.02
*** HOLE CARDS ***
Dealt to Lorpugo [9s 5c]
pendo3: folds 
spiderman714: folds 
misia1985: calls $0.01
Lorpugo: checks 
*** FLOP *** [Ah Tc 9d]
misia1985: checks 
Lorpugo: bets $0.02
misia1985: folds 
Uncalled bet ($0.02) returned to Lorpugo
Lorpugo collected $0.04 from pot
Lorpugo: doesn't show hand 
*** SUMMARY ***
Total pot $0.04 | Rake $0 
Board [Ah Tc 9d]
Seat 2: pendo3 folded before Flop (didn't bet)
Seat 3: spiderman714 (button) folded before Flop (didn't bet)
Seat 4: misia1985 (small blind) folded on the Flop
Seat 5: Lorpugo (big blind) collected ($0.04)



PokerStars Hand #240756067477:  Hold'em No Limit ($0.01/$0.02 USD) - 2022/12/28 14:21:35 ET
Table 'Rosselia II' 6-max Seat #4 is the button
Seat 2: pendo3 ($4.08 in chips) 
Seat 3: spiderman714 ($2 in chips) 
Seat 4: misia1985 ($1.56 in chips) 
Seat 5: Lorpugo ($2.79 in chips) 
Lorpugo: posts small blind $0.01
pendo3: posts big blind $0.02
*** HOLE CARDS ***
Dealt to Lorpugo [Tc 8h]
spiderman714: raises $0.04 to $0.06
misia1985: folds 
Lorpugo: folds 
pendo3: folds 
Uncalled bet ($0.04) returned to spiderman714
spiderman714 collected $0.05 from pot
spiderman714: doesn't show hand 
*** SUMMARY ***
Total pot $0.05 | Rake $0 
Seat 2: pendo3 (big blind) folded before Flop
Seat 3: spiderman714 collected ($0.05)
Seat 4: misia1985 (button) folded before Flop (didn't bet)
Seat 5: Lorpugo (small blind) folded before Flop



PokerStars Hand #240756072562:  Hold'em No Limit ($0.01/$0.02 USD) - 2022/12/28 14:21:47 ET
Table 'Rosselia II' 6-max Seat #5 is the button
Seat 2: pendo3 ($4.06 in chips) 
Seat 3: spiderman714 ($2.03 in chips) 
Seat 4: misia1985 ($1.56 in chips) 
Seat 5: Lorpugo ($2.78 in chips) 
pendo3: posts small blind $0.01
spiderman714: posts big blind $0.02
*** HOLE CARDS ***
Dealt to Lorpugo [9c 9s]
misia1985: folds 
Lorpugo: raises $0.04 to $0.06
pendo3: calls $0.05
spiderman714: calls $0.04
*** FLOP *** [Qs Jh 9h]
pendo3: bets $0.13
spiderman714: raises $0.25 to $0.38
carbonatx joins the table at seat #6 
Lorpugo: raises $2.34 to $2.72 and is all-in
pendo3: calls $2.59
spiderman714: calls $1.59 and is all-in
*** TURN *** [Qs Jh 9h] [7s]
*** RIVER *** [Qs Jh 9h 7s] [3d]
*** SHOW DOWN ***
pendo3: shows [Qc Ts] (a pair of Queens)
Lorpugo: shows [9c 9s] (three of a kind, Nines)
Lorpugo collected $1.44 from side pot
spiderman714: shows [Td 8h] (a straight, Eight to Queen)
spiderman714 cashed out the hand for $3.26 | Cash Out Fee $0.03
*** SUMMARY ***
Total pot $7.59 Main pot $5.88. Side pot $1.44. | Rake $0.27 
Board [Qs Jh 9h 7s 3d]
Seat 2: pendo3 (small blind) showed [Qc Ts] and lost with a pair of Queens
Seat 3: spiderman714 (big blind) showed [Td 8h] and won ($5.88) with a straight, Eight to Queen (pot not awarded as player cashed out)
Seat 4: misia1985 folded before Flop (didn't bet)
Seat 5: Lorpugo (button) showed [9c 9s] and won ($1.44) with three of a kind, Nines



PokerStars Hand #240756094819:  Hold'em No Limit ($0.01/$0.02 USD) - 2022/12/28 14:22:38 ET
Table 'Rosselia II' 6-max Seat #2 is the button
Seat 2: pendo3 ($1.28 in chips) 
Seat 3: spiderman714 ($3.26 in chips) 
Seat 4: misia1985 ($1.56 in chips) 
Seat 5: Lorpugo ($1.44 in chips) 
spiderman714: posts small blind $0.01
misia1985: posts big blind $0.02
*** HOLE CARDS ***
Dealt to Lorpugo [8d Tc]
AlexiosXIII joins the table at seat #1 
Lorpugo: raises $0.04 to $0.06
pendo3: folds 
spiderman714: raises $0.22 to $0.28
misia1985: folds 
Lorpugo: folds 
Uncalled bet ($0.22) returned to spiderman714
spiderman714 collected $0.14 from pot
spiderman714: doesn't show hand 
*** SUMMARY ***
Total pot $0.14 | Rake $0 
Seat 2: pendo3 (button) folded before Flop (didn't bet)
Seat 3: spiderman714 (small blind) collected ($0.14)
Seat 4: misia1985 (big blind) folded before Flop
Seat 5: Lorpugo folded before Flop



PokerStars Hand #240756104055:  Hold'em No Limit ($0.01/$0.02 USD) - 2022/12/28 14:23:00 ET
Table 'Rosselia II' 6-max Seat #3 is the button
Seat 2: pendo3 ($1.28 in chips) 
Seat 3: spiderman714 ($3.34 in chips) 
Seat 4: misia1985 ($1.54 in chips) 
Seat 5: Lorpugo ($1.38 in chips) 
misia1985: posts small blind $0.01
Lorpugo: posts big blind $0.02
*** HOLE CARDS ***
Dealt to Lorpugo [Ac 3d]
pendo3: folds 
spiderman714: raises $0.04 to $0.06
misia1985: folds 
Lorpugo: calls $0.04
*** FLOP *** [6d 5s 5c]
Lorpugo: checks 
spiderman714: checks 
*** TURN *** [6d 5s 5c] [9d]
Lorpugo: bets $0.04
spiderman714: calls $0.04
*** RIVER *** [6d 5s 5c 9d] [Kc]
Lorpugo: checks 
spiderman714: checks 
*** SHOW DOWN ***
Lorpugo: shows [Ac 3d] (a pair of Fives)
spiderman714: mucks hand 
Lorpugo collected $0.20 from pot
*** SUMMARY ***
Total pot $0.21 | Rake $0.01 
Board [6d 5s 5c 9d Kc]
Seat 2: pendo3 folded before Flop (didn't bet)
Seat 3: spiderman714 (button) mucked [Tc Qc]
Seat 4: misia1985 (small blind) folded before Flop
Seat 5: Lorpugo (big blind) showed [Ac 3d] and won ($0.20) with a pair of Fives



PokerStars Hand #240756118510:  Hold'em No Limit ($0.01/$0.02 USD) - 2022/12/28 14:23:33 ET
Table 'Rosselia II' 6-max Seat #4 is the button
Seat 1: AlexiosXIII ($2 in chips) 
Seat 2: pendo3 ($2 in chips) 
Seat 3: spiderman714 ($3.24 in chips) 
Seat 4: misia1985 ($1.53 in chips) 
Seat 5: Lorpugo ($1.48 in chips) 
Seat 6: carbonatx ($2 in chips) 
Lorpugo: posts small blind $0.01
carbonatx: posts big blind $0.02
AlexiosXIII: posts big blind $0.02
*** HOLE CARDS ***
Dealt to Lorpugo [Th 7d]
AlexiosXIII: checks 
pendo3: raises $0.04 to $0.06
spiderman714: folds 
misia1985: folds 
Lorpugo: folds 
carbonatx: folds 
AlexiosXIII: calls $0.04
*** FLOP *** [3d 5c Ts]
AlexiosXIII: checks 
pendo3: checks 
*** TURN *** [3d 5c Ts] [7c]
AlexiosXIII: checks 
pendo3: bets $0.08
AlexiosXIII: calls $0.08
*** RIVER *** [3d 5c Ts 7c] [2s]
AlexiosXIII: checks 
pendo3: checks 
*** SHOW DOWN ***
AlexiosXIII: shows [8s 9s] (high card Ten)
pendo3: shows [Kc Jc] (high card King)
pendo3 collected $0.30 from pot
*** SUMMARY ***
Total pot $0.31 | Rake $0.01 
Board [3d 5c Ts 7c 2s]
Seat 1: AlexiosXIII showed [8s 9s] and lost with high card Ten
Seat 2: pendo3 showed [Kc Jc] and won ($0.30) with high card King
Seat 3: spiderman714 folded before Flop (didn't bet)
Seat 4: misia1985 (button) folded before Flop (didn't bet)
Seat 5: Lorpugo (small blind) folded before Flop
Seat 6: carbonatx (big blind) folded before Flop



PokerStars Hand #240756147289:  Hold'em No Limit ($0.01/$0.02 USD) - 2022/12/28 14:24:39 ET
Table 'Rosselia II' 6-max Seat #5 is the button
Seat 1: AlexiosXIII ($1.86 in chips) 
Seat 2: pendo3 ($2.16 in chips) 
Seat 3: spiderman714 ($3.24 in chips) 
Seat 4: misia1985 ($1.53 in chips) 
Seat 5: Lorpugo ($1.47 in chips) 
Seat 6: carbonatx ($2 in chips) 
carbonatx: posts small blind $0.01
AlexiosXIII: posts big blind $0.02
*** HOLE CARDS ***
Dealt to Lorpugo [Kh 4s]
pendo3: folds 
spiderman714: folds 
misia1985: folds 
Lorpugo: raises $0.04 to $0.06
carbonatx: folds 
AlexiosXIII: calls $0.04
*** FLOP *** [2c 8h Ac]
AlexiosXIII: checks 
Lorpugo: bets $0.07
AlexiosXIII: folds 
Uncalled bet ($0.07) returned to Lorpugo
Lorpugo collected $0.13 from pot
Lorpugo: doesn't show hand 
*** SUMMARY ***
Total pot $0.13 | Rake $0 
Board [2c 8h Ac]
Seat 1: AlexiosXIII (big blind) folded on the Flop
Seat 2: pendo3 folded before Flop (didn't bet)
Seat 3: spiderman714 folded before Flop (didn't bet)
Seat 4: misia1985 folded before Flop (didn't bet)
Seat 5: Lorpugo (button) collected ($0.13)
Seat 6: carbonatx (small blind) folded before Flop



PokerStars Hand #240756159163:  Hold'em No Limit ($0.01/$0.02 USD) - 2022/12/28 14:25:07 ET
Table 'Rosselia II' 6-max Seat #6 is the button
Seat 1: AlexiosXIII ($1.80 in chips) 
Seat 2: pendo3 ($2.16 in chips) 
Seat 3: spiderman714 ($3.24 in chips) 
Seat 4: misia1985 ($1.53 in chips) 
Seat 5: Lorpugo ($1.54 in chips) 
Seat 6: carbonatx ($2 in chips) 
AlexiosXIII: posts small blind $0.01
pendo3: posts big blind $0.02
*** HOLE CARDS ***
Dealt to Lorpugo [Td 2s]
spiderman714: folds 
misia1985: calls $0.02
Lorpugo: folds 
carbonatx: folds 
AlexiosXIII: calls $0.01
pendo3: checks 
*** FLOP *** [5h Tc 4s]
AlexiosXIII: checks 
pendo3: checks 
misia1985: checks 
*** TURN *** [5h Tc 4s] [3c]
AlexiosXIII: bets $0.10
pendo3: folds 
misia1985: calls $0.10
*** RIVER *** [5h Tc 4s 3c] [Jh]
AlexiosXIII: checks 
misia1985: bets $0.10
AlexiosXIII: calls $0.10
*** SHOW DOWN ***
misia1985: shows [2c As] (a straight, Ace to Five)
AlexiosXIII: mucks hand 
misia1985 collected $0.44 from pot
*** SUMMARY ***
Total pot $0.46 | Rake $0.02 
Board [5h Tc 4s 3c Jh]
Seat 1: AlexiosXIII (small blind) mucked [7d 3h]
Seat 2: pendo3 (big blind) folded on the Turn
Seat 3: spiderman714 folded before Flop (didn't bet)
Seat 4: misia1985 showed [2c As] and won ($0.44) with a straight, Ace to Five
Seat 5: Lorpugo folded before Flop (didn't bet)
Seat 6: carbonatx (button) folded before Flop (didn't bet)



PokerStars Hand #240756180573:  Hold'em No Limit ($0.01/$0.02 USD) - 2022/12/28 14:25:57 ET
Table 'Rosselia II' 6-max Seat #1 is the button
Seat 1: AlexiosXIII ($1.58 in chips) 
Seat 2: pendo3 ($2.14 in chips) 
Seat 4: misia1985 ($1.75 in chips) 
Seat 5: Lorpugo ($1.54 in chips) 
Seat 6: carbonatx ($2 in chips) 
pendo3: posts small blind $0.01
misia1985: posts big blind $0.02
*** HOLE CARDS ***
Dealt to Lorpugo [8h Ad]
Lorpugo: raises $0.04 to $0.06
carbonatx: folds 
AlexiosXIII: calls $0.06
pendo3: folds 
misia1985: calls $0.04
*** FLOP *** [9s 6s 3d]
misia1985: checks 
Lorpugo: checks 
AlexiosXIII: bets $0.10
misia1985: folds 
Lorpugo: folds 
Uncalled bet ($0.10) returned to AlexiosXIII
AlexiosXIII collected $0.18 from pot
AlexiosXIII: doesn't show hand 
*** SUMMARY ***
Total pot $0.19 | Rake $0.01 
Board [9s 6s 3d]
Seat 1: AlexiosXIII (button) collected ($0.18)
Seat 2: pendo3 (small blind) folded before Flop
Seat 4: misia1985 (big blind) folded on the Flop
Seat 5: Lorpugo folded on the Flop
Seat 6: carbonatx folded before Flop (didn't bet)



PokerStars Hand #240756193078:  Hold'em No Limit ($0.01/$0.02 USD) - 2022/12/28 14:26:25 ET
Table 'Rosselia II' 6-max Seat #2 is the button
Seat 1: AlexiosXIII ($1.70 in chips) 
Seat 2: pendo3 ($2.13 in chips) 
Seat 4: misia1985 ($1.69 in chips) 
Seat 5: Lorpugo ($1.48 in chips) 
Seat 6: carbonatx ($2 in chips) 
misia1985: posts small blind $0.01
Lorpugo: posts big blind $0.02
*** HOLE CARDS ***
Dealt to Lorpugo [2s 9c]
carbonatx: raises $0.04 to $0.06
AlexiosXIII: calls $0.06
pendo3: folds 
misia1985: calls $0.05
Lorpugo: folds 
*** FLOP *** [3s Jd 2c]
misia1985: checks 
carbonatx: checks 
AlexiosXIII: checks 
*** TURN *** [3s Jd 2c] [Tc]
misia1985: bets $0.02
carbonatx: calls $0.02
AlexiosXIII: folds 
*** RIVER *** [3s Jd 2c Tc] [8c]
misia1985: bets $0.06
carbonatx: raises $0.20 to $0.26
misia1985: folds 
Uncalled bet ($0.20) returned to carbonatx
carbonatx collected $0.35 from pot
carbonatx: doesn't show hand 
*** SUMMARY ***
Total pot $0.36 | Rake $0.01 
Board [3s Jd 2c Tc 8c]
Seat 1: AlexiosXIII folded on the Turn
Seat 2: pendo3 (button) folded before Flop (didn't bet)
Seat 4: misia1985 (small blind) folded on the River
Seat 5: Lorpugo (big blind) folded before Flop
Seat 6: carbonatx collected ($0.35)



PokerStars Hand #240756212869:  Hold'em No Limit ($0.01/$0.02 USD) - 2022/12/28 14:27:11 ET
Table 'Rosselia II' 6-max Seat #4 is the button
Seat 1: AlexiosXIII ($1.64 in chips) 
Seat 2: pendo3 ($2.13 in chips) 
Seat 4: misia1985 ($1.55 in chips) 
Seat 5: Lorpugo ($1.46 in chips) 
Seat 6: carbonatx ($2.21 in chips) 
Lorpugo: posts small blind $0.01
carbonatx: posts big blind $0.02
*** HOLE CARDS ***
Dealt to Lorpugo [7h 3c]
AlexiosXIII: raises $0.02 to $0.04
pendo3: folds 
misia1985: calls $0.04
Lorpugo: folds 
carbonatx: calls $0.02
*** FLOP *** [9s 4d 6s]
carbonatx: checks 
AlexiosXIII: checks 
misia1985: checks 
*** TURN *** [9s 4d 6s] [6c]
carbonatx: checks 
AlexiosXIII: bets $0.10
misia1985: folds 
carbonatx: folds 
Uncalled bet ($0.10) returned to AlexiosXIII
AlexiosXIII collected $0.13 from pot
AlexiosXIII: doesn't show hand 
*** SUMMARY ***
Total pot $0.13 | Rake $0 
Board [9s 4d 6s 6c]
Seat 1: AlexiosXIII collected ($0.13)
Seat 2: pendo3 folded before Flop (didn't bet)
Seat 4: misia1985 (button) folded on the Turn
Seat 5: Lorpugo (small blind) folded before Flop
Seat 6: carbonatx (big blind) folded on the Turn



PokerStars Hand #240756233844:  Hold'em No Limit ($0.01/$0.02 USD) - 2022/12/28 14:28:00 ET
Table 'Rosselia II' 6-max Seat #5 is the button
Seat 1: AlexiosXIII ($1.73 in chips) 
Seat 2: pendo3 ($2.13 in chips) 
Seat 4: misia1985 ($1.51 in chips) 
Seat 5: Lorpugo ($1.45 in chips) 
Seat 6: carbonatx ($2.17 in chips) 
carbonatx: posts small blind $0.01
AlexiosXIII: posts big blind $0.02
*** HOLE CARDS ***
Dealt to Lorpugo [7d 7c]
pendo3: folds 
misia1985: calls $0.02
Lorpugo: calls $0.02
carbonatx: calls $0.01
AlexiosXIII: checks 
*** FLOP *** [6s Th 6h]
carbonatx: checks 
AlexiosXIII: checks 
misia1985: checks 
Lorpugo: bets $0.05
carbonatx: folds 
AlexiosXIII: folds 
misia1985: folds 
Uncalled bet ($0.05) returned to Lorpugo
Lorpugo collected $0.08 from pot
Lorpugo: doesn't show hand 
*** SUMMARY ***
Total pot $0.08 | Rake $0 
Board [6s Th 6h]
Seat 1: AlexiosXIII (big blind) folded on the Flop
Seat 2: pendo3 folded before Flop (didn't bet)
Seat 4: misia1985 folded on the Flop
Seat 5: Lorpugo (button) collected ($0.08)
Seat 6: carbonatx (small blind) folded on the Flop



PokerStars Hand #240756244003:  Hold'em No Limit ($0.01/$0.02 USD) - 2022/12/28 14:28:24 ET
Table 'Rosselia II' 6-max Seat #6 is the button
Seat 1: AlexiosXIII ($1.71 in chips) 
Seat 2: pendo3 ($2.13 in chips) 
Seat 4: misia1985 ($1.49 in chips) 
Seat 5: Lorpugo ($1.51 in chips) 
Seat 6: carbonatx ($2.15 in chips) 
AlexiosXIII: posts small blind $0.01
pendo3: posts big blind $0.02
*** HOLE CARDS ***
Dealt to Lorpugo [2h 3c]
misia1985: folds 
Lorpugo: folds 
carbonatx: raises $0.03 to $0.05
AlexiosXIII: folds 
pendo3: calls $0.03
*** FLOP *** [7h 2s 6d]
pendo3: checks 
carbonatx: bets $0.06
pendo3: folds 
Uncalled bet ($0.06) returned to carbonatx
carbonatx collected $0.11 from pot
carbonatx: doesn't show hand 
*** SUMMARY ***
Total pot $0.11 | Rake $0 
Board [7h 2s 6d]
Seat 1: AlexiosXIII (small blind) folded before Flop
Seat 2: pendo3 (big blind) folded on the Flop
Seat 4: misia1985 folded before Flop (didn't bet)
Seat 5: Lorpugo folded before Flop (didn't bet)
Seat 6: carbonatx (button) collected ($0.11)



PokerStars Hand #240756255372:  Hold'em No Limit ($0.01/$0.02 USD) - 2022/12/28 14:28:51 ET
Table 'Rosselia II' 6-max Seat #1 is the button
Seat 1: AlexiosXIII ($1.70 in chips) 
Seat 2: pendo3 ($2.08 in chips) 
Seat 3: spiderman714 ($3.24 in chips) 
Seat 4: misia1985 ($1.49 in chips) 
Seat 5: Lorpugo ($1.51 in chips) 
Seat 6: carbonatx ($2.21 in chips) 
pendo3: posts small blind $0.01
spiderman714: posts big blind $0.02
*** HOLE CARDS ***
Dealt to Lorpugo [Ad 7c]
misia1985: calls $0.02
Lorpugo: folds 
carbonatx: folds 
AlexiosXIII: calls $0.02
pendo3: folds 
spiderman714 has timed out
spiderman714: checks 
*** FLOP *** [4s 4h Js]
spiderman714: checks 
misia1985: checks 
AlexiosXIII: checks 
*** TURN *** [4s 4h Js] [3c]
spiderman714: checks 
misia1985: checks 
AlexiosXIII: checks 
*** RIVER *** [4s 4h Js 3c] [9c]
spiderman714: checks 
misia1985: checks 
AlexiosXIII: checks 
*** SHOW DOWN ***
spiderman714: shows [Kd 9d] (two pair, Nines and Fours)
misia1985: mucks hand 
AlexiosXIII: mucks hand 
spiderman714 collected $0.07 from pot
*** SUMMARY ***
Total pot $0.07 | Rake $0 
Board [4s 4h Js 3c 9c]
Seat 1: AlexiosXIII (button) mucked [Ah 8c]
Seat 2: pendo3 (small blind) folded before Flop
Seat 3: spiderman714 (big blind) showed [Kd 9d] and won ($0.07) with two pair, Nines and Fours
Seat 4: misia1985 mucked [6c 5s]
Seat 5: Lorpugo folded before Flop (didn't bet)
Seat 6: carbonatx folded before Flop (didn't bet)



PokerStars Hand #240756295010:  Hold'em No Limit ($0.01/$0.02 USD) - 2022/12/28 14:30:23 ET
Table 'Rosselia II' 6-max Seat #2 is the button
Seat 1: AlexiosXIII ($1.68 in chips) 
Seat 2: pendo3 ($2.07 in chips) 
Seat 3: spiderman714 ($3.29 in chips) 
Seat 5: Lorpugo ($1.51 in chips) 
Seat 6: carbonatx ($2.21 in chips) 
spiderman714: posts small blind $0.01
Lorpugo: posts big blind $0.02
*** HOLE CARDS ***
Dealt to Lorpugo [3s 2d]
carbonatx: raises $0.04 to $0.06
misia1985 leaves the table
AlexiosXIII: folds 
pendo3: raises $0.12 to $0.18
spiderman714: folds 
Lorpugo: folds 
Dead_ClauSS joins the table at seat #4 
carbonatx: folds 
Uncalled bet ($0.12) returned to pendo3
pendo3 collected $0.15 from pot
pendo3: doesn't show hand 
*** SUMMARY ***
Total pot $0.15 | Rake $0 
Seat 1: AlexiosXIII folded before Flop (didn't bet)
Seat 2: pendo3 (button) collected ($0.15)
Seat 3: spiderman714 (small blind) folded before Flop
Seat 5: Lorpugo (big blind) folded before Flop
Seat 6: carbonatx folded before Flop



PokerStars Hand #240756302452:  Hold'em No Limit ($0.01/$0.02 USD) - 2022/12/28 14:30:40 ET
Table 'Rosselia II' 6-max Seat #3 is the button
Seat 1: AlexiosXIII ($1.68 in chips) 
Seat 2: pendo3 ($2.16 in chips) 
Seat 3: spiderman714 ($3.28 in chips) 
Seat 5: Lorpugo ($1.49 in chips) 
Seat 6: carbonatx ($2.15 in chips) 
Lorpugo: posts small blind $0.01
carbonatx: posts big blind $0.02
*** HOLE CARDS ***
Dealt to Lorpugo [2c 2s]
AlexiosXIII: calls $0.02
pendo3: folds 
spiderman714: calls $0.02
Lorpugo: calls $0.01
carbonatx: checks 
*** FLOP *** [7s 2h Qs]
Lorpugo: checks 
carbonatx: checks 
AlexiosXIII: bets $0.02
spiderman714: raises $0.02 to $0.04
Lorpugo: raises $0.12 to $0.16
carbonatx: folds 
AlexiosXIII: raises $0.12 to $0.28
spiderman714: folds 
Lorpugo: raises $1.19 to $1.47 and is all-in
AlexiosXIII: calls $1.19
*** TURN *** [7s 2h Qs] [8d]
*** RIVER *** [7s 2h Qs 8d] [Kc]
*** SHOW DOWN ***
Lorpugo: shows [2c 2s] (three of a kind, Deuces)
AlexiosXIII: shows [Qh Ah] (a pair of Queens)
Lorpugo collected $2.95 from pot
*** SUMMARY ***
Total pot $3.06 | Rake $0.11 
Board [7s 2h Qs 8d Kc]
Seat 1: AlexiosXIII showed [Qh Ah] and lost with a pair of Queens
Seat 2: pendo3 folded before Flop (didn't bet)
Seat 3: spiderman714 (button) folded on the Flop
Seat 5: Lorpugo (small blind) showed [2c 2s] and won ($2.95) with three of a kind, Deuces
Seat 6: carbonatx (big blind) folded on the Flop



PokerStars Hand #240756328732:  Hold'em No Limit ($0.01/$0.02 USD) - 2022/12/28 14:31:40 ET
Table 'Rosselia II' 6-max Seat #5 is the button
Seat 1: AlexiosXIII ($0.19 in chips) 
Seat 2: pendo3 ($2.16 in chips) 
Seat 3: spiderman714 ($3.22 in chips) 
Seat 5: Lorpugo ($2.95 in chips) 
Seat 6: carbonatx ($2.13 in chips) 
carbonatx: posts small blind $0.01
AlexiosXIII: posts big blind $0.02
*** HOLE CARDS ***
Dealt to Lorpugo [Jc Kh]
pendo3: folds 
spiderman714: folds 
Lorpugo: raises $0.04 to $0.06
carbonatx: folds 
AlexiosXIII: calls $0.04
*** FLOP *** [3s Td Kd]
AlexiosXIII: bets $0.04
Lorpugo: calls $0.04
*** TURN *** [3s Td Kd] [7h]
AlexiosXIII: bets $0.08
Lorpugo: raises $0.36 to $0.44
AlexiosXIII: calls $0.01 and is all-in
Uncalled bet ($0.35) returned to Lorpugo
*** RIVER *** [3s Td Kd 7h] [8d]
*** SHOW DOWN ***
AlexiosXIII: shows [Ks Jd] (a pair of Kings)
Lorpugo: shows [Jc Kh] (a pair of Kings)
AlexiosXIII collected $0.19 from pot
Lorpugo collected $0.19 from pot
*** SUMMARY ***
Total pot $0.39 | Rake $0.01 
Board [3s Td Kd 7h 8d]
Seat 1: AlexiosXIII (big blind) showed [Ks Jd] and won ($0.19) with a pair of Kings
Seat 2: pendo3 folded before Flop (didn't bet)
Seat 3: spiderman714 folded before Flop (didn't bet)
Seat 5: Lorpugo (button) showed [Jc Kh] and won ($0.19) with a pair of Kings
Seat 6: carbonatx (small blind) folded before Flop



PokerStars Hand #240756346751:  Hold'em No Limit ($0.01/$0.02 USD) - 2022/12/28 14:32:22 ET
Table 'Rosselia II' 6-max Seat #6 is the button
Seat 1: AlexiosXIII ($0.19 in chips) 
Seat 2: pendo3 ($2.16 in chips) 
Seat 3: spiderman714 ($3.22 in chips) 
Seat 5: Lorpugo ($2.95 in chips) 
Seat 6: carbonatx ($2.12 in chips) 
AlexiosXIII: posts small blind $0.01
pendo3: posts big blind $0.02
*** HOLE CARDS ***
Dealt to Lorpugo [5d 5h]
spiderman714: raises $0.02 to $0.04
Lorpugo: calls $0.04
carbonatx: folds 
AlexiosXIII: folds 
pendo3: calls $0.02
*** FLOP *** [9h 9d 4h]
pendo3: checks 
spiderman714: checks 
Lorpugo: bets $0.04
pendo3: calls $0.04
spiderman714: folds 
*** TURN *** [9h 9d 4h] [Kd]
pendo3: checks 
Lorpugo: checks 
*** RIVER *** [9h 9d 4h Kd] [3c]
pendo3: bets $0.15
Lorpugo: folds 
Uncalled bet ($0.15) returned to pendo3
pendo3 collected $0.20 from pot
pendo3: doesn't show hand 
*** SUMMARY ***
Total pot $0.21 | Rake $0.01 
Board [9h 9d 4h Kd 3c]
Seat 1: AlexiosXIII (small blind) folded before Flop
Seat 2: pendo3 (big blind) collected ($0.20)
Seat 3: spiderman714 folded on the Flop
Seat 5: Lorpugo folded on the River
Seat 6: carbonatx (button) folded before Flop (didn't bet)



PokerStars Hand #240756370156:  Hold'em No Limit ($0.01/$0.02 USD) - 2022/12/28 14:33:15 ET
Table 'Rosselia II' 6-max Seat #1 is the button
Seat 1: AlexiosXIII ($0.18 in chips) 
Seat 2: pendo3 ($2.28 in chips) 
Seat 4: Dead_ClauSS ($2 in chips) 
Seat 5: Lorpugo ($2.87 in chips) 
Seat 6: carbonatx ($2.12 in chips) 
pendo3: posts small blind $0.01
Dead_ClauSS: posts big blind $0.02
*** HOLE CARDS ***
Dealt to Lorpugo [5d Jc]
Lorpugo: folds 
carbonatx: raises $0.03 to $0.05
AlexiosXIII: raises $0.03 to $0.08
pendo3: folds 
Dead_ClauSS: folds 
carbonatx: calls $0.03
*** FLOP *** [As 4h Ks]
carbonatx: bets $0.22
AlexiosXIII: calls $0.10 and is all-in
Uncalled bet ($0.12) returned to carbonatx
*** TURN *** [As 4h Ks] [3h]
*** RIVER *** [As 4h Ks 3h] [Qh]
*** SHOW DOWN ***
carbonatx: shows [8d 7d] (high card Ace)
AlexiosXIII: shows [9s 8s] (high card Ace - King+Queen+Nine kicker)
AlexiosXIII collected $0.38 from pot
*** SUMMARY ***
Total pot $0.39 | Rake $0.01 
Board [As 4h Ks 3h Qh]
Seat 1: AlexiosXIII (button) showed [9s 8s] and won ($0.38) with high card Ace
Seat 2: pendo3 (small blind) folded before Flop
Seat 4: Dead_ClauSS (big blind) folded before Flop
Seat 5: Lorpugo folded before Flop (didn't bet)
Seat 6: carbonatx showed [8d 7d] and lost with high card Ace



PokerStars Hand #240756386814:  Hold'em No Limit ($0.01/$0.02 USD) - 2022/12/28 14:33:54 ET
Table 'Rosselia II' 6-max Seat #2 is the button
Seat 1: AlexiosXIII ($0.38 in chips) 
Seat 2: pendo3 ($2.27 in chips) 
Seat 4: Dead_ClauSS ($2 in chips) 
Seat 5: Lorpugo ($2.87 in chips) 
Seat 6: carbonatx ($2 in chips) 
Dead_ClauSS: posts small blind $0.01
Lorpugo: posts big blind $0.02
*** HOLE CARDS ***
Dealt to Lorpugo [7h 7c]
carbonatx: folds 
AlexiosXIII: folds 
pendo3: folds 
Dead_ClauSS: folds 
Uncalled bet ($0.01) returned to Lorpugo
Lorpugo collected $0.02 from pot
Lorpugo: doesn't show hand 
*** SUMMARY ***
Total pot $0.02 | Rake $0 
Seat 1: AlexiosXIII folded before Flop (didn't bet)
Seat 2: pendo3 (button) folded before Flop (didn't bet)
Seat 4: Dead_ClauSS (small blind) folded before Flop
Seat 5: Lorpugo (big blind) collected ($0.02)
Seat 6: carbonatx folded before Flop (didn't bet)



PokerStars Hand #240756391445:  Hold'em No Limit ($0.01/$0.02 USD) - 2022/12/28 14:34:04 ET
Table 'Rosselia II' 6-max Seat #4 is the button
Seat 1: AlexiosXIII ($0.38 in chips) 
Seat 2: pendo3 ($2.27 in chips) 
Seat 4: Dead_ClauSS ($2 in chips) 
Seat 5: Lorpugo ($2.88 in chips) 
Seat 6: carbonatx ($2 in chips) 
Lorpugo: posts small blind $0.01
carbonatx: posts big blind $0.02
*** HOLE CARDS ***
Dealt to Lorpugo [Ts Jh]
AlexiosXIII: calls $0.02
pendo3: folds 
Dead_ClauSS: folds 
Lorpugo: raises $0.04 to $0.06
carbonatx: calls $0.04
AlexiosXIII: calls $0.04
*** FLOP *** [9c Jc 5c]
Lorpugo: checks 
carbonatx: checks 
AlexiosXIII: bets $0.06
Lorpugo: calls $0.06
carbonatx: folds 
*** TURN *** [9c Jc 5c] [Jd]
Lorpugo: checks 
AlexiosXIII: bets $0.04
Lorpugo: raises $0.24 to $0.28
AlexiosXIII: calls $0.22 and is all-in
Uncalled bet ($0.02) returned to Lorpugo
*** RIVER *** [9c Jc 5c Jd] [Ah]
*** SHOW DOWN ***
Lorpugo: shows [Ts Jh] (three of a kind, Jacks)
AlexiosXIII: shows [5d 7h] (two pair, Jacks and Fives)
Lorpugo collected $0.79 from pot
*** SUMMARY ***
Total pot $0.82 | Rake $0.03 
Board [9c Jc 5c Jd Ah]
Seat 1: AlexiosXIII showed [5d 7h] and lost with two pair, Jacks and Fives
Seat 2: pendo3 folded before Flop (didn't bet)
Seat 4: Dead_ClauSS (button) folded before Flop (didn't bet)
Seat 5: Lorpugo (small blind) showed [Ts Jh] and won ($0.79) with three of a kind, Jacks
Seat 6: carbonatx (big blind) folded on the Flop



PokerStars Hand #240756419265:  Hold'em No Limit ($0.01/$0.02 USD) - 2022/12/28 14:35:08 ET
Table 'Rosselia II' 6-max Seat #5 is the button
Seat 2: pendo3 ($2.27 in chips) 
Seat 4: Dead_ClauSS ($2 in chips) 
Seat 5: Lorpugo ($3.29 in chips) 
Seat 6: carbonatx ($2 in chips) 
carbonatx: posts small blind $0.01
pendo3: posts big blind $0.02
*** HOLE CARDS ***
Dealt to Lorpugo [7d Ah]
Dead_ClauSS: folds 
Lorpugo: raises $0.04 to $0.06
carbonatx: folds 
pendo3: folds 
Uncalled bet ($0.04) returned to Lorpugo
Lorpugo collected $0.05 from pot
Lorpugo: doesn't show hand 
*** SUMMARY ***
Total pot $0.05 | Rake $0 
Seat 2: pendo3 (big blind) folded before Flop
Seat 4: Dead_ClauSS folded before Flop (didn't bet)
Seat 5: Lorpugo (button) collected ($0.05)
Seat 6: carbonatx (small blind) folded before Flop



PokerStars Hand #240756425521:  Hold'em No Limit ($0.01/$0.02 USD) - 2022/12/28 14:35:22 ET
Table 'Rosselia II' 6-max Seat #6 is the button
Seat 2: pendo3 ($2.25 in chips) 
Seat 3: spiderman714 ($3.18 in chips) 
Seat 4: Dead_ClauSS ($2 in chips) 
Seat 5: Lorpugo ($3.32 in chips) 
Seat 6: carbonatx ($2 in chips) 
pendo3: posts small blind $0.01
spiderman714: posts big blind $0.02
*** HOLE CARDS ***
Dealt to Lorpugo [6s 8d]
Dead_ClauSS: folds 
Lorpugo: folds 
carbonatx: folds 
pendo3: raises $0.04 to $0.06
spiderman714: folds 
Uncalled bet ($0.04) returned to pendo3
pendo3 collected $0.04 from pot
pendo3: doesn't show hand 
*** SUMMARY ***
Total pot $0.04 | Rake $0 
Seat 2: pendo3 (small blind) collected ($0.04)
Seat 3: spiderman714 (big blind) folded before Flop
Seat 4: Dead_ClauSS folded before Flop (didn't bet)
Seat 5: Lorpugo folded before Flop (didn't bet)
Seat 6: carbonatx (button) folded before Flop (didn't bet)



PokerStars Hand #240756438004:  Hold'em No Limit ($0.01/$0.02 USD) - 2022/12/28 14:35:51 ET
Table 'Rosselia II' 6-max Seat #2 is the button
Seat 1: AlexiosXIII ($2 in chips) 
Seat 2: pendo3 ($2.27 in chips) 
Seat 3: spiderman714 ($3.16 in chips) 
Seat 4: Dead_ClauSS ($2 in chips) 
Seat 5: Lorpugo ($3.32 in chips) 
Seat 6: carbonatx ($2 in chips) 
spiderman714: posts small blind $0.01
Dead_ClauSS: posts big blind $0.02
AlexiosXIII: posts small & big blinds $0.03
*** HOLE CARDS ***
Dealt to Lorpugo [Ad 9c]
Lorpugo: raises $0.04 to $0.06
carbonatx: folds 
carbonatx leaves the table
MPut8 joins the table at seat #6 
AlexiosXIII: calls $0.04
pendo3: folds 
spiderman714: folds 
Dead_ClauSS: calls $0.04
*** FLOP *** [7c Qs Td]
Dead_ClauSS: bets $0.06
Lorpugo: folds 
AlexiosXIII: folds 
Uncalled bet ($0.06) returned to Dead_ClauSS
Dead_ClauSS collected $0.19 from pot
Dead_ClauSS: doesn't show hand 
*** SUMMARY ***
Total pot $0.20 | Rake $0.01 
Board [7c Qs Td]
Seat 1: AlexiosXIII folded on the Flop
Seat 2: pendo3 (button) folded before Flop (didn't bet)
Seat 3: spiderman714 (small blind) folded before Flop
Seat 4: Dead_ClauSS (big blind) collected ($0.19)
Seat 5: Lorpugo folded on the Flop
Seat 6: carbonatx folded before Flop (didn't bet)



PokerStars Hand #240756456525:  Hold'em No Limit ($0.01/$0.02 USD) - 2022/12/28 14:36:34 ET
Table 'Rosselia II' 6-max Seat #3 is the button
Seat 1: AlexiosXIII ($1.93 in chips) 
Seat 2: pendo3 ($2.27 in chips) 
Seat 3: spiderman714 ($3.15 in chips) 
Seat 4: Dead_ClauSS ($2.13 in chips) 
Seat 5: Lorpugo ($3.26 in chips) 
Dead_ClauSS: posts small blind $0.01
Lorpugo: posts big blind $0.02
*** HOLE CARDS ***
Dealt to Lorpugo [3h As]
AlexiosXIII: folds 
pendo3: folds 
spiderman714: folds 
Dead_ClauSS: raises $0.04 to $0.06
Lorpugo: calls $0.04
*** FLOP *** [7s 4h 5s]
Dead_ClauSS: bets $0.08
Lorpugo: calls $0.08
*** TURN *** [7s 4h 5s] [7c]
Dead_ClauSS: bets $0.16
Lorpugo: folds 
Uncalled bet ($0.16) returned to Dead_ClauSS
Dead_ClauSS collected $0.27 from pot
Dead_ClauSS: doesn't show hand 
*** SUMMARY ***
Total pot $0.28 | Rake $0.01 
Board [7s 4h 5s 7c]
Seat 1: AlexiosXIII folded before Flop (didn't bet)
Seat 2: pendo3 folded before Flop (didn't bet)
Seat 3: spiderman714 (button) folded before Flop (didn't bet)
Seat 4: Dead_ClauSS (small blind) collected ($0.27)
Seat 5: Lorpugo (big blind) folded on the Turn



PokerStars Hand #240756474119:  Hold'em No Limit ($0.01/$0.02 USD) - 2022/12/28 14:37:14 ET
Table 'Rosselia II' 6-max Seat #4 is the button
Seat 1: AlexiosXIII ($1.93 in chips) 
Seat 2: pendo3 ($2.27 in chips) 
Seat 3: spiderman714 ($3.15 in chips) 
Seat 4: Dead_ClauSS ($2.26 in chips) 
Seat 5: Lorpugo ($3.12 in chips) 
Seat 6: MPut8 ($2 in chips) 
Lorpugo: posts small blind $0.01
MPut8: posts big blind $0.02
*** HOLE CARDS ***
Dealt to Lorpugo [Jh 9d]
AlexiosXIII: folds 
pendo3: folds 
spiderman714: folds 
Dead_ClauSS: folds 
Lorpugo: raises $0.04 to $0.06
MPut8: folds 
Uncalled bet ($0.04) returned to Lorpugo
Lorpugo collected $0.04 from pot
Lorpugo: doesn't show hand 
*** SUMMARY ***
Total pot $0.04 | Rake $0 
Seat 1: AlexiosXIII folded before Flop (didn't bet)
Seat 2: pendo3 folded before Flop (didn't bet)
Seat 3: spiderman714 folded before Flop (didn't bet)
Seat 4: Dead_ClauSS (button) folded before Flop (didn't bet)
Seat 5: Lorpugo (small blind) collected ($0.04)
Seat 6: MPut8 (big blind) folded before Flop



PokerStars Hand #240756484456:  Hold'em No Limit ($0.01/$0.02 USD) - 2022/12/28 14:37:38 ET
Table 'Rosselia II' 6-max Seat #5 is the button
Seat 1: AlexiosXIII ($1.93 in chips) 
Seat 2: pendo3 ($2.27 in chips) 
Seat 3: spiderman714 ($3.15 in chips) 
Seat 4: Dead_ClauSS ($2.26 in chips) 
Seat 5: Lorpugo ($3.14 in chips) 
Seat 6: MPut8 ($1.98 in chips) 
MPut8: posts small blind $0.01
AlexiosXIII: posts big blind $0.02
*** HOLE CARDS ***
Dealt to Lorpugo [2d 9h]
pendo3: folds 
spiderman714: folds 
Dead_ClauSS: folds 
Lorpugo: folds 
MPut8: folds 
Uncalled bet ($0.01) returned to AlexiosXIII
AlexiosXIII collected $0.02 from pot
AlexiosXIII: doesn't show hand 
*** SUMMARY ***
Total pot $0.02 | Rake $0 
Seat 1: AlexiosXIII (big blind) collected ($0.02)
Seat 2: pendo3 folded before Flop (didn't bet)
Seat 3: spiderman714 folded before Flop (didn't bet)
Seat 4: Dead_ClauSS folded before Flop (didn't bet)
Seat 5: Lorpugo (button) folded before Flop (didn't bet)
Seat 6: MPut8 (small blind) folded before Flop



PokerStars Hand #240756490578:  Hold'em No Limit ($0.01/$0.02 USD) - 2022/12/28 14:37:52 ET
Table 'Rosselia II' 6-max Seat #6 is the button
Seat 1: AlexiosXIII ($1.94 in chips) 
Seat 2: pendo3 ($2.27 in chips) 
Seat 3: spiderman714 ($3.15 in chips) 
Seat 4: Dead_ClauSS ($2.26 in chips) 
Seat 5: Lorpugo ($3.14 in chips) 
Seat 6: MPut8 ($1.97 in chips) 
AlexiosXIII: posts small blind $0.01
pendo3: posts big blind $0.02
*** HOLE CARDS ***
Dealt to Lorpugo [2s Qd]
spiderman714: folds 
Dead_ClauSS: folds 
Lorpugo: folds 
MPut8: folds 
AlexiosXIII: calls $0.01
pendo3: checks 
*** FLOP *** [8c 5d 5s]
AlexiosXIII: checks 
pendo3: checks 
*** TURN *** [8c 5d 5s] [Qs]
AlexiosXIII: checks 
pendo3: checks 
*** RIVER *** [8c 5d 5s Qs] [4c]
AlexiosXIII: checks 
pendo3: checks 
*** SHOW DOWN ***
AlexiosXIII: shows [Kd 6h] (a pair of Fives)
pendo3: shows [Ac 3c] (a pair of Fives - Ace kicker)
pendo3 collected $0.04 from pot
*** SUMMARY ***
Total pot $0.04 | Rake $0 
Board [8c 5d 5s Qs 4c]
Seat 1: AlexiosXIII (small blind) showed [Kd 6h] and lost with a pair of Fives
Seat 2: pendo3 (big blind) showed [Ac 3c] and won ($0.04) with a pair of Fives
Seat 3: spiderman714 folded before Flop (didn't bet)
Seat 4: Dead_ClauSS folded before Flop (didn't bet)
Seat 5: Lorpugo folded before Flop (didn't bet)
Seat 6: MPut8 (button) folded before Flop (didn't bet)



PokerStars Hand #240756509770:  Hold'em No Limit ($0.01/$0.02 USD) - 2022/12/28 14:38:37 ET
Table 'Rosselia II' 6-max Seat #1 is the button
Seat 1: AlexiosXIII ($1.92 in chips) 
Seat 2: pendo3 ($2.29 in chips) 
Seat 3: spiderman714 ($3.15 in chips) 
Seat 4: Dead_ClauSS ($2.26 in chips) 
Seat 5: Lorpugo ($3.14 in chips) 
Seat 6: MPut8 ($1.97 in chips) 
pendo3: posts small blind $0.01
spiderman714: posts big blind $0.02
*** HOLE CARDS ***
Dealt to Lorpugo [As 7h]
Dead_ClauSS: folds 
Lorpugo: raises $0.04 to $0.06
MPut8: folds 
AlexiosXIII: folds 
pendo3: folds 
spiderman714: calls $0.04
*** FLOP *** [Jc 9d Jd]
spiderman714: checks 
Lorpugo: bets $0.04
spiderman714: calls $0.04
*** TURN *** [Jc 9d Jd] [6s]
spiderman714: checks 
Lorpugo: checks 
*** RIVER *** [Jc 9d Jd 6s] [Qd]
spiderman714: checks 
Lorpugo: checks 
*** SHOW DOWN ***
spiderman714: shows [Ts Kd] (a straight, Nine to King)
Lorpugo: mucks hand 
spiderman714 collected $0.20 from pot
*** SUMMARY ***
Total pot $0.21 | Rake $0.01 
Board [Jc 9d Jd 6s Qd]
Seat 1: AlexiosXIII (button) folded before Flop (didn't bet)
Seat 2: pendo3 (small blind) folded before Flop
Seat 3: spiderman714 (big blind) showed [Ts Kd] and won ($0.20) with a straight, Nine to King
Seat 4: Dead_ClauSS folded before Flop (didn't bet)
Seat 5: Lorpugo mucked [As 7h]
Seat 6: MPut8 folded before Flop (didn't bet)



PokerStars Hand #240756529025:  Hold'em No Limit ($0.01/$0.02 USD) - 2022/12/28 14:39:21 ET
Table 'Rosselia II' 6-max Seat #2 is the button
Seat 1: AlexiosXIII ($1.92 in chips) 
Seat 2: pendo3 ($2.28 in chips) 
Seat 3: spiderman714 ($3.25 in chips) 
Seat 4: Dead_ClauSS ($2.26 in chips) 
Seat 5: Lorpugo ($3.04 in chips) 
Seat 6: MPut8 ($1.97 in chips) 
spiderman714: posts small blind $0.01
Dead_ClauSS: posts big blind $0.02
*** HOLE CARDS ***
Dealt to Lorpugo [9d 4h]
Lorpugo: folds 
MPut8: raises $0.05 to $0.07
AlexiosXIII: folds 
pendo3: folds 
spiderman714: folds 
Dead_ClauSS: folds 
Uncalled bet ($0.05) returned to MPut8
MPut8 collected $0.05 from pot
*** SUMMARY ***
Total pot $0.05 | Rake $0 
Seat 1: AlexiosXIII folded before Flop (didn't bet)
Seat 2: pendo3 (button) folded before Flop (didn't bet)
Seat 3: spiderman714 (small blind) folded before Flop
Seat 4: Dead_ClauSS (big blind) folded before Flop
Seat 5: Lorpugo folded before Flop (didn't bet)
Seat 6: MPut8 collected ($0.05)



PokerStars Hand #240756534821:  Hold'em No Limit ($0.01/$0.02 USD) - 2022/12/28 14:39:34 ET
Table 'Rosselia II' 6-max Seat #3 is the button
Seat 1: AlexiosXIII ($1.92 in chips) 
Seat 2: pendo3 ($2.28 in chips) 
Seat 3: spiderman714 ($3.24 in chips) 
Seat 4: Dead_ClauSS ($2.24 in chips) 
Seat 5: Lorpugo ($3.04 in chips) 
Seat 6: MPut8 ($2 in chips) 
Dead_ClauSS: posts small blind $0.01
Lorpugo: posts big blind $0.02
*** HOLE CARDS ***
Dealt to Lorpugo [2c Ac]
MPut8 has timed out
MPut8: folds 
AlexiosXIII: folds 
pendo3: folds 
spiderman714: folds 
Dead_ClauSS: raises $0.04 to $0.06
Lorpugo: calls $0.04
*** FLOP *** [Ad Qc 6c]
Dead_ClauSS: bets $0.07
Lorpugo: raises $0.09 to $0.16
Dead_ClauSS: folds 
Uncalled bet ($0.09) returned to Lorpugo
Lorpugo collected $0.25 from pot
Lorpugo: doesn't show hand 
*** SUMMARY ***
Total pot $0.26 | Rake $0.01 
Board [Ad Qc 6c]
Seat 1: AlexiosXIII folded before Flop (didn't bet)
Seat 2: pendo3 folded before Flop (didn't bet)
Seat 3: spiderman714 (button) folded before Flop (didn't bet)
Seat 4: Dead_ClauSS (small blind) folded on the Flop
Seat 5: Lorpugo (big blind) collected ($0.25)
Seat 6: MPut8 folded before Flop (didn't bet)



PokerStars Hand #240756553783:  Hold'em No Limit ($0.01/$0.02 USD) - 2022/12/28 14:40:18 ET
Table 'Rosselia II' 6-max Seat #4 is the button
Seat 1: AlexiosXIII ($1.92 in chips) 
Seat 3: spiderman714 ($3.24 in chips) 
Seat 4: Dead_ClauSS ($2.11 in chips) 
Seat 5: Lorpugo ($3.16 in chips) 
Seat 6: MPut8 ($2 in chips) 
Lorpugo: posts small blind $0.01
MPut8: posts big blind $0.02
*** HOLE CARDS ***
Dealt to Lorpugo [4h Kd]
AlexiosXIII: folds 
spiderman714: folds 
Dead_ClauSS: folds 
Lorpugo: raises $0.04 to $0.06
MPut8: folds 
Uncalled bet ($0.04) returned to Lorpugo
Lorpugo collected $0.04 from pot
Lorpugo: doesn't show hand 
*** SUMMARY ***
Total pot $0.04 | Rake $0 
Seat 1: AlexiosXIII folded before Flop (didn't bet)
Seat 3: spiderman714 folded before Flop (didn't bet)
Seat 4: Dead_ClauSS (button) folded before Flop (didn't bet)
Seat 5: Lorpugo (small blind) collected ($0.04)
Seat 6: MPut8 (big blind) folded before Flop



PokerStars Hand #240756561318:  Hold'em No Limit ($0.01/$0.02 USD) - 2022/12/28 14:40:35 ET
Table 'Rosselia II' 6-max Seat #5 is the button
Seat 1: AlexiosXIII ($1.92 in chips) 
Seat 3: spiderman714 ($3.24 in chips) 
Seat 4: Dead_ClauSS ($2.11 in chips) 
Seat 5: Lorpugo ($3.18 in chips) 
Seat 6: MPut8 ($1.98 in chips) 
MPut8: posts small blind $0.01
AlexiosXIII: posts big blind $0.02
*** HOLE CARDS ***
Dealt to Lorpugo [4d 7s]
spiderman714: folds 
Dead_ClauSS: raises $0.04 to $0.06
Lorpugo: folds 
MPut8: calls $0.05
AlexiosXIII: calls $0.04
*** FLOP *** [3h Ts Th]
MPut8: checks 
AlexiosXIII: bets $0.10
Dead_ClauSS: calls $0.10
MPut8: folds 
*** TURN *** [3h Ts Th] [7d]
AlexiosXIII: checks 
Dead_ClauSS: bets $0.12
AlexiosXIII: calls $0.12
*** RIVER *** [3h Ts Th 7d] [2c]
AlexiosXIII: checks 
Dead_ClauSS: checks 
*** SHOW DOWN ***
AlexiosXIII: shows [7c Qs] (two pair, Tens and Sevens)
Dead_ClauSS: shows [7h Ah] (two pair, Tens and Sevens - Ace kicker)
Dead_ClauSS collected $0.60 from pot
*** SUMMARY ***
Total pot $0.62 | Rake $0.02 
Board [3h Ts Th 7d 2c]
Seat 1: AlexiosXIII (big blind) showed [7c Qs] and lost with two pair, Tens and Sevens
Seat 3: spiderman714 folded before Flop (didn't bet)
Seat 4: Dead_ClauSS showed [7h Ah] and won ($0.60) with two pair, Tens and Sevens
Seat 5: Lorpugo (button) folded before Flop (didn't bet)
Seat 6: MPut8 (small blind) folded on the Flop



PokerStars Hand #240756596838:  Hold'em No Limit ($0.01/$0.02 USD) - 2022/12/28 14:41:57 ET
Table 'Rosselia II' 6-max Seat #6 is the button
Seat 1: AlexiosXIII ($1.64 in chips) 
Seat 2: pendo3 ($2.28 in chips) 
Seat 3: spiderman714 ($3.24 in chips) 
Seat 4: Dead_ClauSS ($2.43 in chips) 
Seat 5: Lorpugo ($3.18 in chips) 
Seat 6: MPut8 ($1.92 in chips) 
AlexiosXIII: posts small blind $0.01
pendo3: posts big blind $0.02
*** HOLE CARDS ***
Dealt to Lorpugo [4d 3h]
spiderman714: raises $0.02 to $0.04
Dead_ClauSS: folds 
Lorpugo: folds 
MPut8: calls $0.04
AlexiosXIII: calls $0.03
pendo3: folds 
*** FLOP *** [6c Jc 2h]
AlexiosXIII: checks 
spiderman714: bets $0.07
MPut8: folds 
AlexiosXIII: folds 
Uncalled bet ($0.07) returned to spiderman714
spiderman714 collected $0.14 from pot
spiderman714: doesn't show hand 
*** SUMMARY ***
Total pot $0.14 | Rake $0 
Board [6c Jc 2h]
Seat 1: AlexiosXIII (small blind) folded on the Flop
Seat 2: pendo3 (big blind) folded before Flop
Seat 3: spiderman714 collected ($0.14)
Seat 4: Dead_ClauSS folded before Flop (didn't bet)
Seat 5: Lorpugo folded before Flop (didn't bet)
Seat 6: MPut8 (button) folded on the Flop



PokerStars Hand #240756609277:  Hold'em No Limit ($0.01/$0.02 USD) - 2022/12/28 14:42:25 ET
Table 'Rosselia II' 6-max Seat #1 is the button
Seat 1: AlexiosXIII ($1.60 in chips) 
Seat 2: pendo3 ($2.26 in chips) 
Seat 3: spiderman714 ($3.34 in chips) 
Seat 4: Dead_ClauSS ($2.43 in chips) 
Seat 5: Lorpugo ($3.18 in chips) 
Seat 6: MPut8 ($1.88 in chips) 
pendo3: posts small blind $0.01
spiderman714: posts big blind $0.02
*** HOLE CARDS ***
Dealt to Lorpugo [8s As]
Dead_ClauSS: folds 
Lorpugo: raises $0.04 to $0.06
MPut8 has timed out
MPut8: folds 
AlexiosXIII: calls $0.06
pendo3: folds 
spiderman714: folds 
*** FLOP *** [Qd 7s Kh]
Lorpugo: checks 
AlexiosXIII: checks 
*** TURN *** [Qd 7s Kh] [6s]
Lorpugo: checks 
AlexiosXIII: checks 
*** RIVER *** [Qd 7s Kh 6s] [Ac]
Lorpugo: bets $0.10
AlexiosXIII: raises $0.10 to $0.20
Lorpugo: calls $0.10
*** SHOW DOWN ***
AlexiosXIII: shows [Ah 4h] (a pair of Aces)
Lorpugo: shows [8s As] (a pair of Aces - King+Queen+Eight kicker)
Lorpugo collected $0.53 from pot
*** SUMMARY ***
Total pot $0.55 | Rake $0.02 
Board [Qd 7s Kh 6s Ac]
Seat 1: AlexiosXIII (button) showed [Ah 4h] and lost with a pair of Aces
Seat 2: pendo3 (small blind) folded before Flop
Seat 3: spiderman714 (big blind) folded before Flop
Seat 4: Dead_ClauSS folded before Flop (didn't bet)
Seat 5: Lorpugo showed [8s As] and won ($0.53) with a pair of Aces
Seat 6: MPut8 folded before Flop (didn't bet)



PokerStars Hand #240756632366:  Hold'em No Limit ($0.01/$0.02 USD) - 2022/12/28 14:43:18 ET
Table 'Rosselia II' 6-max Seat #2 is the button
Seat 1: AlexiosXIII ($1.34 in chips) 
Seat 2: pendo3 ($2.25 in chips) 
Seat 3: spiderman714 ($3.32 in chips) 
Seat 4: Dead_ClauSS ($2.43 in chips) 
Seat 5: Lorpugo ($3.45 in chips) 
Seat 6: MPut8 ($1.88 in chips) 
spiderman714: posts small blind $0.01
Dead_ClauSS: posts big blind $0.02
*** HOLE CARDS ***
Dealt to Lorpugo [2c 5s]
Lorpugo: folds 
MPut8: calls $0.02
AlexiosXIII: calls $0.02
pendo3: folds 
spiderman714: calls $0.01
Dead_ClauSS: raises $0.08 to $0.10
MPut8: calls $0.08
AlexiosXIII: folds 
spiderman714: calls $0.08
*** FLOP *** [5h 8d 4s]
spiderman714: bets $0.09
Dead_ClauSS: raises $0.09 to $0.18
MPut8: folds 
spiderman714: calls $0.09
*** TURN *** [5h 8d 4s] [Js]
spiderman714: checks 
Dead_ClauSS: checks 
*** RIVER *** [5h 8d 4s Js] [2s]
spiderman714: checks 
Dead_ClauSS: checks 
*** SHOW DOWN ***
spiderman714: shows [Ad 5d] (a pair of Fives)
Dead_ClauSS: mucks hand 
spiderman714 collected $0.66 from pot
*** SUMMARY ***
Total pot $0.68 | Rake $0.02 
Board [5h 8d 4s Js 2s]
Seat 1: AlexiosXIII folded before Flop
Seat 2: pendo3 (button) folded before Flop (didn't bet)
Seat 3: spiderman714 (small blind) showed [Ad 5d] and won ($0.66) with a pair of Fives
Seat 4: Dead_ClauSS (big blind) mucked [Qh Ac]
Seat 5: Lorpugo folded before Flop (didn't bet)
Seat 6: MPut8 folded on the Flop



PokerStars Hand #240756672936:  Hold'em No Limit ($0.01/$0.02 USD) - 2022/12/28 14:44:51 ET
Table 'Rosselia II' 6-max Seat #3 is the button
Seat 1: AlexiosXIII ($1.32 in chips) 
Seat 2: pendo3 ($2.25 in chips) 
Seat 3: spiderman714 ($3.70 in chips) 
Seat 4: Dead_ClauSS ($2.15 in chips) 
Seat 5: Lorpugo ($3.45 in chips) 
Seat 6: MPut8 ($1.78 in chips) 
Dead_ClauSS: posts small blind $0.01
Lorpugo: posts big blind $0.02
*** HOLE CARDS ***
Dealt to Lorpugo [9d As]
MPut8: folds 
AlexiosXIII: calls $0.02
pendo3: raises $0.04 to $0.06
spiderman714: calls $0.06
Dead_ClauSS: raises $0.20 to $0.26
Lorpugo: folds 
AlexiosXIII: folds 
pendo3: calls $0.20
spiderman714: folds 
*** FLOP *** [4d 6d Ks]
Dead_ClauSS: bets $0.49
pendo3: folds 
Uncalled bet ($0.49) returned to Dead_ClauSS
Dead_ClauSS collected $0.60 from pot
Dead_ClauSS: doesn't show hand 
*** SUMMARY ***
Total pot $0.62 | Rake $0.02 
Board [4d 6d Ks]
Seat 1: AlexiosXIII folded before Flop
Seat 2: pendo3 folded on the Flop
Seat 3: spiderman714 (button) folded before Flop
Seat 4: Dead_ClauSS (small blind) collected ($0.60)
Seat 5: Lorpugo (big blind) folded before Flop
Seat 6: MPut8 folded before Flop (didn't bet)



PokerStars Hand #240756697624:  Hold'em No Limit ($0.01/$0.02 USD) - 2022/12/28 14:45:48 ET
Table 'Rosselia II' 6-max Seat #4 is the button
Seat 1: AlexiosXIII ($2 in chips) 
Seat 2: pendo3 ($1.99 in chips) 
Seat 3: spiderman714 ($3.64 in chips) 
Seat 4: Dead_ClauSS ($2.49 in chips) 
Seat 5: Lorpugo ($3.43 in chips) 
Seat 6: MPut8 ($1.78 in chips) 
Lorpugo: posts small blind $0.01
MPut8: posts big blind $0.02
*** HOLE CARDS ***
Dealt to Lorpugo [9s Jd]
AlexiosXIII: calls $0.02
pendo3: folds 
spiderman714: calls $0.02
Dead_ClauSS: folds 
Lorpugo: calls $0.01
MPut8: checks 
*** FLOP *** [Qc 3s 2d]
Lorpugo: checks 
MPut8: bets $0.04
AlexiosXIII: folds 
spiderman714: folds 
Lorpugo: folds 
Uncalled bet ($0.04) returned to MPut8
MPut8 collected $0.08 from pot
*** SUMMARY ***
Total pot $0.08 | Rake $0 
Board [Qc 3s 2d]
Seat 1: AlexiosXIII folded on the Flop
Seat 2: pendo3 folded before Flop (didn't bet)
Seat 3: spiderman714 folded on the Flop
Seat 4: Dead_ClauSS (button) folded before Flop (didn't bet)
Seat 5: Lorpugo (small blind) folded on the Flop
Seat 6: MPut8 (big blind) collected ($0.08)



PokerStars Hand #240756731529:  Hold'em No Limit ($0.01/$0.02 USD) - 2022/12/28 14:47:06 ET
Table 'Rosselia II' 6-max Seat #5 is the button
Seat 1: AlexiosXIII ($1.98 in chips) 
Seat 2: pendo3 ($1.99 in chips) 
Seat 3: spiderman714 ($3.62 in chips) 
Seat 4: Dead_ClauSS ($2.49 in chips) 
Seat 5: Lorpugo ($3.41 in chips) 
Seat 6: MPut8 ($1.84 in chips) 
MPut8: posts small blind $0.01
AlexiosXIII: posts big blind $0.02
*** HOLE CARDS ***
Dealt to Lorpugo [Ts Tc]
pendo3: raises $0.04 to $0.06
spiderman714: folds 
Dead_ClauSS: folds 
Lorpugo: calls $0.06
MPut8: folds 
AlexiosXIII: calls $0.04
*** FLOP *** [Kc Jd Ad]
AlexiosXIII: checks 
pendo3: checks 
Lorpugo: checks 
*** TURN *** [Kc Jd Ad] [9h]
AlexiosXIII: checks 
pendo3: checks 
Lorpugo: checks 
*** RIVER *** [Kc Jd Ad 9h] [5d]
AlexiosXIII: checks 
pendo3: bets $0.04
Lorpugo: folds 
AlexiosXIII: folds 
Uncalled bet ($0.04) returned to pendo3
pendo3 collected $0.18 from pot
pendo3: doesn't show hand 
*** SUMMARY ***
Total pot $0.19 | Rake $0.01 
Board [Kc Jd Ad 9h 5d]
Seat 1: AlexiosXIII (big blind) folded on the River
Seat 2: pendo3 collected ($0.18)
Seat 3: spiderman714 folded before Flop (didn't bet)
Seat 4: Dead_ClauSS folded before Flop (didn't bet)
Seat 5: Lorpugo (button) folded on the River
Seat 6: MPut8 (small blind) folded before Flop



PokerStars Hand #240756764242:  Hold'em No Limit ($0.01/$0.02 USD) - 2022/12/28 14:48:21 ET
Table 'Rosselia II' 6-max Seat #6 is the button
Seat 1: AlexiosXIII ($1.92 in chips) 
Seat 2: pendo3 ($2.11 in chips) 
Seat 3: spiderman714 ($3.62 in chips) 
Seat 4: Dead_ClauSS ($2.49 in chips) 
Seat 5: Lorpugo ($3.35 in chips) 
Seat 6: MPut8 ($2 in chips) 
AlexiosXIII: posts small blind $0.01
pendo3: posts big blind $0.02
*** HOLE CARDS ***
Dealt to Lorpugo [4s 4h]
spiderman714: folds 
Dead_ClauSS: folds 
Lorpugo: raises $0.04 to $0.06
MPut8: folds 
AlexiosXIII: calls $0.05
pendo3: folds 
*** FLOP *** [5s 2s Ts]
AlexiosXIII: checks 
Lorpugo: bets $0.09
AlexiosXIII: folds 
Uncalled bet ($0.09) returned to Lorpugo
Lorpugo collected $0.14 from pot
Lorpugo: doesn't show hand 
*** SUMMARY ***
Total pot $0.14 | Rake $0 
Board [5s 2s Ts]
Seat 1: AlexiosXIII (small blind) folded on the Flop
Seat 2: pendo3 (big blind) folded before Flop
Seat 3: spiderman714 folded before Flop (didn't bet)
Seat 4: Dead_ClauSS folded before Flop (didn't bet)
Seat 5: Lorpugo collected ($0.14)
Seat 6: MPut8 (button) folded before Flop (didn't bet)



PokerStars Hand #240756781182:  Hold'em No Limit ($0.01/$0.02 USD) - 2022/12/28 14:49:00 ET
Table 'Rosselia II' 6-max Seat #1 is the button
Seat 1: AlexiosXIII ($1.86 in chips) 
Seat 2: pendo3 ($2.09 in chips) 
Seat 3: spiderman714 ($3.62 in chips) 
Seat 4: Dead_ClauSS ($2.49 in chips) 
Seat 5: Lorpugo ($3.43 in chips) 
Seat 6: MPut8 ($2 in chips) 
pendo3: posts small blind $0.01
spiderman714: posts big blind $0.02
*** HOLE CARDS ***
Dealt to Lorpugo [Th 2c]
Dead_ClauSS: folds 
Lorpugo: folds 
MPut8: folds 
AlexiosXIII: calls $0.02
pendo3: folds 
spiderman714: checks 
*** FLOP *** [5h Jh 3d]
spiderman714: checks 
AlexiosXIII: bets $0.06
spiderman714: folds 
Uncalled bet ($0.06) returned to AlexiosXIII
AlexiosXIII collected $0.05 from pot
AlexiosXIII: doesn't show hand 
*** SUMMARY ***
Total pot $0.05 | Rake $0 
Board [5h Jh 3d]
Seat 1: AlexiosXIII (button) collected ($0.05)
Seat 2: pendo3 (small blind) folded before Flop
Seat 3: spiderman714 (big blind) folded on the Flop
Seat 4: Dead_ClauSS folded before Flop (didn't bet)
Seat 5: Lorpugo folded before Flop (didn't bet)
Seat 6: MPut8 folded before Flop (didn't bet)



PokerStars Hand #240756801164:  Hold'em No Limit ($0.01/$0.02 USD) - 2022/12/28 14:49:46 ET
Table 'Rosselia II' 6-max Seat #2 is the button
Seat 1: AlexiosXIII ($1.89 in chips) 
Seat 2: pendo3 ($2.08 in chips) 
Seat 3: spiderman714 ($3.60 in chips) 
Seat 4: Dead_ClauSS ($2.49 in chips) 
Seat 5: Lorpugo ($3.43 in chips) 
Seat 6: MPut8 ($2 in chips) 
spiderman714: posts small blind $0.01
Dead_ClauSS: posts big blind $0.02
*** HOLE CARDS ***
Dealt to Lorpugo [9s Th]
Lorpugo: folds 
MPut8 has timed out
MPut8: folds 
AlexiosXIII: calls $0.02
pendo3: folds 
spiderman714: calls $0.01
Dead_ClauSS: checks 
*** FLOP *** [4d 9h Kc]
spiderman714: checks 
Dead_ClauSS: checks 
AlexiosXIII: bets $0.02
spiderman714: folds 
Dead_ClauSS: folds 
Uncalled bet ($0.02) returned to AlexiosXIII
AlexiosXIII collected $0.06 from pot
AlexiosXIII: doesn't show hand 
*** SUMMARY ***
Total pot $0.06 | Rake $0 
Board [4d 9h Kc]
Seat 1: AlexiosXIII collected ($0.06)
Seat 2: pendo3 (button) folded before Flop (didn't bet)
Seat 3: spiderman714 (small blind) folded on the Flop
Seat 4: Dead_ClauSS (big blind) folded on the Flop
Seat 5: Lorpugo folded before Flop (didn't bet)
Seat 6: MPut8 folded before Flop (didn't bet)



PokerStars Hand #240756821495:  Hold'em No Limit ($0.01/$0.02 USD) - 2022/12/28 14:50:33 ET
Table 'Rosselia II' 6-max Seat #3 is the button
Seat 1: AlexiosXIII ($1.93 in chips) 
Seat 2: pendo3 ($2.08 in chips) 
Seat 3: spiderman714 ($3.58 in chips) 
Seat 4: Dead_ClauSS ($2.47 in chips) 
Seat 5: Lorpugo ($3.43 in chips) 
Dead_ClauSS: posts small blind $0.01
Lorpugo: posts big blind $0.02
*** HOLE CARDS ***
Dealt to Lorpugo [4h 5d]
AlexiosXIII: calls $0.02
pendo3: folds 
spiderman714: calls $0.02
Dead_ClauSS: folds 
Lorpugo: checks 
*** FLOP *** [3d Ks 9h]
Lorpugo: checks 
AlexiosXIII: checks 
spiderman714: checks 
*** TURN *** [3d Ks 9h] [9c]
Lorpugo: bets $0.05
AlexiosXIII: folds 
spiderman714: folds 
Uncalled bet ($0.05) returned to Lorpugo
Lorpugo collected $0.07 from pot
Lorpugo: doesn't show hand 
*** SUMMARY ***
Total pot $0.07 | Rake $0 
Board [3d Ks 9h 9c]
Seat 1: AlexiosXIII folded on the Turn
Seat 2: pendo3 folded before Flop (didn't bet)
Seat 3: spiderman714 (button) folded on the Turn
Seat 4: Dead_ClauSS (small blind) folded before Flop
Seat 5: Lorpugo (big blind) collected ($0.07)



PokerStars Hand #240756833658:  Hold'em No Limit ($0.01/$0.02 USD) - 2022/12/28 14:51:01 ET
Table 'Rosselia II' 6-max Seat #4 is the button
Seat 1: AlexiosXIII ($1.91 in chips) 
Seat 2: pendo3 ($2.08 in chips) 
Seat 3: spiderman714 ($3.56 in chips) 
Seat 4: Dead_ClauSS ($2.46 in chips) 
Seat 5: Lorpugo ($3.48 in chips) 
Lorpugo: posts small blind $0.01
AlexiosXIII: posts big blind $0.02
*** HOLE CARDS ***
Dealt to Lorpugo [4c Tc]
pendo3: raises $0.04 to $0.06
spiderman714: calls $0.06
Dead_ClauSS: calls $0.06
Lorpugo: folds 
AlexiosXIII: folds 
*** FLOP *** [3c 5s 6h]
pendo3: bets $0.15
spiderman714: calls $0.15
Dead_ClauSS: calls $0.15
*** TURN *** [3c 5s 6h] [6c]
pendo3: bets $0.28
spiderman714: folds 
Dead_ClauSS: calls $0.28
*** RIVER *** [3c 5s 6h 6c] [Jc]
pendo3: checks 
Dead_ClauSS: checks 
*** SHOW DOWN ***
pendo3: shows [Qd Qc] (two pair, Queens and Sixes)
Dead_ClauSS: mucks hand 
pendo3 collected $1.18 from pot
*** SUMMARY ***
Total pot $1.22 | Rake $0.04 
Board [3c 5s 6h 6c Jc]
Seat 1: AlexiosXIII (big blind) folded before Flop
Seat 2: pendo3 showed [Qd Qc] and won ($1.18) with two pair, Queens and Sixes
Seat 3: spiderman714 folded on the Turn
Seat 4: Dead_ClauSS (button) mucked [Td Th]
Seat 5: Lorpugo (small blind) folded before Flop



PokerStars Hand #240756864226:  Hold'em No Limit ($0.01/$0.02 USD) - 2022/12/28 14:52:12 ET
Table 'Rosselia II' 6-max Seat #5 is the button
Seat 1: AlexiosXIII ($1.89 in chips) 
Seat 2: pendo3 ($2.77 in chips) 
Seat 3: spiderman714 ($3.35 in chips) 
Seat 4: Dead_ClauSS ($2 in chips) 
Seat 5: Lorpugo ($3.47 in chips) 
AlexiosXIII: posts small blind $0.01
pendo3: posts big blind $0.02
*** HOLE CARDS ***
Dealt to Lorpugo [2s 7d]
spiderman714: folds 
Dead_ClauSS: folds 
Lorpugo: folds 
AlexiosXIII: calls $0.01
pendo3: checks 
*** FLOP *** [Qd 7h Ad]
AlexiosXIII: checks 
pendo3: checks 
*** TURN *** [Qd 7h Ad] [Js]
AlexiosXIII: checks 
pendo3: checks 
*** RIVER *** [Qd 7h Ad Js] [3d]
AlexiosXIII: checks 
pendo3: bets $0.04
AlexiosXIII: folds 
Uncalled bet ($0.04) returned to pendo3
pendo3 collected $0.04 from pot
pendo3: doesn't show hand 
*** SUMMARY ***
Total pot $0.04 | Rake $0 
Board [Qd 7h Ad Js 3d]
Seat 1: AlexiosXIII (small blind) folded on the River
Seat 2: pendo3 (big blind) collected ($0.04)
Seat 3: spiderman714 folded before Flop (didn't bet)
Seat 4: Dead_ClauSS folded before Flop (didn't bet)
Seat 5: Lorpugo (button) folded before Flop (didn't bet)



PokerStars Hand #240756885394:  Hold'em No Limit ($0.01/$0.02 USD) - 2022/12/28 14:53:01 ET
Table 'Rosselia II' 6-max Seat #1 is the button
Seat 1: AlexiosXIII ($1.87 in chips) 
Seat 2: pendo3 ($2.79 in chips) 
Seat 3: spiderman714 ($3.35 in chips) 
Seat 4: Dead_ClauSS ($2 in chips) 
Seat 5: Lorpugo ($3.47 in chips) 
pendo3: posts small blind $0.01
spiderman714: posts big blind $0.02
*** HOLE CARDS ***
Dealt to Lorpugo [7h Kd]
Dead_ClauSS: folds 
Lorpugo: folds 
AlexiosXIII: raises $0.02 to $0.04
pendo3: folds 
spiderman714: raises $0.02 to $0.06
AlexiosXIII: raises $0.02 to $0.08
spiderman714: calls $0.02
*** FLOP *** [2c 2s 5c]
spiderman714: bets $0.18
AlexiosXIII: calls $0.18
*** TURN *** [2c 2s 5c] [3c]
spiderman714: checks 
AlexiosXIII: checks 
*** RIVER *** [2c 2s 5c 3c] [Qc]
spiderman714: checks 
AlexiosXIII: bets $0.10
spiderman714: folds 
Uncalled bet ($0.10) returned to AlexiosXIII
AlexiosXIII collected $0.51 from pot
AlexiosXIII: doesn't show hand 
*** SUMMARY ***
Total pot $0.53 | Rake $0.02 
Board [2c 2s 5c 3c Qc]
Seat 1: AlexiosXIII (button) collected ($0.51)
Seat 2: pendo3 (small blind) folded before Flop
Seat 3: spiderman714 (big blind) folded on the River
Seat 4: Dead_ClauSS folded before Flop (didn't bet)
Seat 5: Lorpugo folded before Flop (didn't bet)



PokerStars Hand #240756918160:  Hold'em No Limit ($0.01/$0.02 USD) - 2022/12/28 14:54:18 ET
Table 'Rosselia II' 6-max Seat #2 is the button
Seat 1: AlexiosXIII ($2.12 in chips) 
Seat 2: pendo3 ($2.78 in chips) 
Seat 3: spiderman714 ($3.09 in chips) 
Seat 4: Dead_ClauSS ($2 in chips) 
Seat 5: Lorpugo ($3.47 in chips) 
spiderman714: posts small blind $0.01
Dead_ClauSS: posts big blind $0.02
*** HOLE CARDS ***
Dealt to Lorpugo [4d 9s]
Lorpugo: folds 
AlexiosXIII: calls $0.02
pendo3: folds 
spiderman714: calls $0.01
Dead_ClauSS: checks 
*** FLOP *** [5d 7s 5c]
spiderman714: checks 
Dead_ClauSS: bets $0.04
AlexiosXIII: folds 
spiderman714: folds 
Uncalled bet ($0.04) returned to Dead_ClauSS
Dead_ClauSS collected $0.06 from pot
Dead_ClauSS: doesn't show hand 
*** SUMMARY ***
Total pot $0.06 | Rake $0 
Board [5d 7s 5c]
Seat 1: AlexiosXIII folded on the Flop
Seat 2: pendo3 (button) folded before Flop (didn't bet)
Seat 3: spiderman714 (small blind) folded on the Flop
Seat 4: Dead_ClauSS (big blind) collected ($0.06)
Seat 5: Lorpugo folded before Flop (didn't bet)



PokerStars Hand #240756933863:  Hold'em No Limit ($0.01/$0.02 USD) - 2022/12/28 14:54:54 ET
Table 'Rosselia II' 6-max Seat #3 is the button
Seat 1: AlexiosXIII ($2.10 in chips) 
Seat 2: pendo3 ($2.78 in chips) 
Seat 3: spiderman714 ($3.07 in chips) 
Seat 4: Dead_ClauSS ($2.04 in chips) 
Seat 5: Lorpugo ($3.47 in chips) 
Seat 6: MPut8 ($2 in chips) 
Dead_ClauSS: posts small blind $0.01
Lorpugo: posts big blind $0.02
MPut8: posts small & big blinds $0.03
*** HOLE CARDS ***
Dealt to Lorpugo [8c As]
MPut8: checks 
AlexiosXIII: calls $0.02
pendo3: raises $0.04 to $0.06
spiderman714: folds 
Dead_ClauSS: calls $0.05
Lorpugo: folds 
MPut8 has timed out
MPut8: folds 
AlexiosXIII: calls $0.04
*** FLOP *** [Ks 7h 9d]
Dead_ClauSS: checks 
AlexiosXIII: checks 
pendo3: bets $0.12
Dead_ClauSS: folds 
AlexiosXIII: folds 
Uncalled bet ($0.12) returned to pendo3
pendo3 collected $0.22 from pot
pendo3: doesn't show hand 
*** SUMMARY ***
Total pot $0.23 | Rake $0.01 
Board [Ks 7h 9d]
Seat 1: AlexiosXIII folded on the Flop
Seat 2: pendo3 collected ($0.22)
Seat 3: spiderman714 (button) folded before Flop (didn't bet)
Seat 4: Dead_ClauSS (small blind) folded on the Flop
Seat 5: Lorpugo (big blind) folded before Flop
Seat 6: MPut8 folded before Flop (didn't bet)



PokerStars Hand #240756959430:  Hold'em No Limit ($0.01/$0.02 USD) - 2022/12/28 14:56:15 ET
Table 'Rosselia II' 6-max Seat #4 is the button
Seat 1: AlexiosXIII ($2.04 in chips) 
Seat 2: pendo3 ($2.94 in chips) 
Seat 3: spiderman714 ($3.07 in chips) 
Seat 4: Dead_ClauSS ($2 in chips) 
Seat 5: Lorpugo ($3.45 in chips) 
Lorpugo: posts small blind $0.01
AlexiosXIII: posts big blind $0.02
*** HOLE CARDS ***
Dealt to Lorpugo [Td 6c]
pendo3: raises $0.04 to $0.06
spiderman714: folds 
Dead_ClauSS: calls $0.06
Lorpugo: folds 
AlexiosXIII: calls $0.04
*** FLOP *** [7c 7s 4h]
AlexiosXIII: checks 
pendo3: checks 
Dead_ClauSS: checks 
*** TURN *** [7c 7s 4h] [3h]
AlexiosXIII: checks 
pendo3: checks 
Dead_ClauSS: bets $0.05
AlexiosXIII: calls $0.05
pendo3: folds 
*** RIVER *** [7c 7s 4h 3h] [Ts]
AlexiosXIII: checks 
Dead_ClauSS: bets $0.17
AlexiosXIII: folds 
Uncalled bet ($0.17) returned to Dead_ClauSS
Dead_ClauSS collected $0.28 from pot
Dead_ClauSS: doesn't show hand 
*** SUMMARY ***
Total pot $0.29 | Rake $0.01 
Board [7c 7s 4h 3h Ts]
Seat 1: AlexiosXIII (big blind) folded on the River
Seat 2: pendo3 folded on the Turn
Seat 3: spiderman714 folded before Flop (didn't bet)
Seat 4: Dead_ClauSS (button) collected ($0.28)
Seat 5: Lorpugo (small blind) folded before Flop



PokerStars Hand #240756983516:  Hold'em No Limit ($0.01/$0.02 USD) - 2022/12/28 14:57:35 ET
Table 'Rosselia II' 6-max Seat #5 is the button
Seat 1: AlexiosXIII ($1.93 in chips) 
Seat 2: pendo3 ($2.88 in chips) 
Seat 3: spiderman714 ($3.07 in chips) 
Seat 4: Dead_ClauSS ($2.17 in chips) 
Seat 5: Lorpugo ($3.44 in chips) 
AlexiosXIII: posts small blind $0.01
pendo3: posts big blind $0.02
*** HOLE CARDS ***
Dealt to Lorpugo [6d Th]
spiderman714: raises $0.04 to $0.06
Dead_ClauSS: folds 
Lorpugo: folds 
AlexiosXIII: calls $0.05
pendo3: folds 
*** FLOP *** [6h 8d 3d]
AlexiosXIII: checks 
spiderman714: bets $0.10
AlexiosXIII: calls $0.10
*** TURN *** [6h 8d 3d] [Ks]
AlexiosXIII: checks 
spiderman714: bets $0.24
AlexiosXIII: calls $0.24
*** RIVER *** [6h 8d 3d Ks] [2d]
AlexiosXIII: checks 
spiderman714: checks 
*** SHOW DOWN ***
AlexiosXIII: shows [5c 6s] (a pair of Sixes)
spiderman714: shows [Ts Tc] (a pair of Tens)
spiderman714 collected $0.78 from pot
*** SUMMARY ***
Total pot $0.82 | Rake $0.04 
Board [6h 8d 3d Ks 2d]
Seat 1: AlexiosXIII (small blind) showed [5c 6s] and lost with a pair of Sixes
Seat 2: pendo3 (big blind) folded before Flop
Seat 3: spiderman714 showed [Ts Tc] and won ($0.78) with a pair of Tens
Seat 4: Dead_ClauSS folded before Flop (didn't bet)
Seat 5: Lorpugo (button) folded before Flop (didn't bet)



PokerStars Hand #240757002767:  Hold'em No Limit ($0.01/$0.02 USD) - 2022/12/28 14:58:40 ET
Table 'Rosselia II' 6-max Seat #1 is the button
Seat 1: AlexiosXIII ($1.53 in chips) 
Seat 2: pendo3 ($2.86 in chips) 
Seat 3: spiderman714 ($3.45 in chips) 
Seat 4: Dead_ClauSS ($2.17 in chips) 
Seat 5: Lorpugo ($3.44 in chips) 
Seat 6: MPut8 ($1.97 in chips) 
pendo3: posts small blind $0.01
spiderman714: posts big blind $0.02
MPut8: posts small & big blinds $0.03
*** HOLE CARDS ***
Dealt to Lorpugo [Th 7d]
Dead_ClauSS: folds 
Lorpugo: folds 
MPut8: checks 
AlexiosXIII: folds 
pendo3: folds 
spiderman714: checks 
*** FLOP *** [8s 6d As]
spiderman714: checks 
MPut8: checks 
*** TURN *** [8s 6d As] [Ks]
spiderman714: checks 
MPut8: checks 
*** RIVER *** [8s 6d As Ks] [Qd]
spiderman714: checks 
MPut8: checks 
*** SHOW DOWN ***
spiderman714: shows [8d 9c] (a pair of Eights)
MPut8: shows [Qh 4d] (a pair of Queens)
MPut8 collected $0.06 from pot
*** SUMMARY ***
Total pot $0.06 | Rake $0 
Board [8s 6d As Ks Qd]
Seat 1: AlexiosXIII (button) folded before Flop (didn't bet)
Seat 2: pendo3 (small blind) folded before Flop
Seat 3: spiderman714 (big blind) showed [8d 9c] and lost with a pair of Eights
Seat 4: Dead_ClauSS folded before Flop (didn't bet)
Seat 5: Lorpugo folded before Flop (didn't bet)
Seat 6: MPut8 showed [Qh 4d] and won ($0.06) with a pair of Queens



PokerStars Hand #240757029577:  Hold'em No Limit ($0.01/$0.02 USD) - 2022/12/28 15:00:09 ET
Table 'Rosselia II' 6-max Seat #2 is the button
Seat 1: AlexiosXIII ($2 in chips) 
Seat 2: pendo3 ($2.85 in chips) 
Seat 3: spiderman714 ($3.43 in chips) 
Seat 4: Dead_ClauSS ($2.17 in chips) 
Seat 5: Lorpugo ($3.44 in chips) 
Seat 6: MPut8 ($2 in chips) 
spiderman714: posts small blind $0.01
Dead_ClauSS: posts big blind $0.02
*** HOLE CARDS ***
Dealt to Lorpugo [Js 5c]
Lorpugo: folds 
MPut8: folds 
AlexiosXIII: calls $0.02
pendo3: folds 
spiderman714: calls $0.01
Dead_ClauSS: checks 
*** FLOP *** [9c 4h Ts]
spiderman714: checks 
Dead_ClauSS: bets $0.03
AlexiosXIII: folds 
spiderman714: folds 
Uncalled bet ($0.03) returned to Dead_ClauSS
Dead_ClauSS collected $0.06 from pot
*** SUMMARY ***
Total pot $0.06 | Rake $0 
Board [9c 4h Ts]
Seat 1: AlexiosXIII folded on the Flop
Seat 2: pendo3 (button) folded before Flop (didn't bet)
Seat 3: spiderman714 (small blind) folded on the Flop
Seat 4: Dead_ClauSS (big blind) collected ($0.06)
Seat 5: Lorpugo folded before Flop (didn't bet)
Seat 6: MPut8 folded before Flop (didn't bet)



PokerStars Hand #240757041123:  Hold'em No Limit ($0.01/$0.02 USD) - 2022/12/28 15:00:45 ET
Table 'Rosselia II' 6-max Seat #3 is the button
Seat 1: AlexiosXIII ($1.98 in chips) 
Seat 2: pendo3 ($2.85 in chips) 
Seat 3: spiderman714 ($3.41 in chips) 
Seat 4: Dead_ClauSS ($2.21 in chips) 
Seat 5: Lorpugo ($3.44 in chips) 
Seat 6: MPut8 ($2 in chips) 
Dead_ClauSS: posts small blind $0.01
Lorpugo: posts big blind $0.02
*** HOLE CARDS ***
Dealt to Lorpugo [Tc 6d]
MPut8: folds 
AlexiosXIII: calls $0.02
pendo3: folds 
spiderman714: folds 
Dead_ClauSS: raises $0.04 to $0.06
Lorpugo: folds 
AlexiosXIII: calls $0.04
*** FLOP *** [8c 5d 9h]
Dead_ClauSS: bets $0.04
AlexiosXIII: calls $0.04
*** TURN *** [8c 5d 9h] [Ac]
Dead_ClauSS: bets $0.08
AlexiosXIII: calls $0.08
*** RIVER *** [8c 5d 9h Ac] [8s]
Dead_ClauSS: checks 
AlexiosXIII: bets $0.10
Dead_ClauSS: folds 
Uncalled bet ($0.10) returned to AlexiosXIII
AlexiosXIII collected $0.37 from pot
AlexiosXIII: doesn't show hand 
*** SUMMARY ***
Total pot $0.38 | Rake $0.01 
Board [8c 5d 9h Ac 8s]
Seat 1: AlexiosXIII collected ($0.37)
Seat 2: pendo3 folded before Flop (didn't bet)
Seat 3: spiderman714 (button) folded before Flop (didn't bet)
Seat 4: Dead_ClauSS (small blind) folded on the River
Seat 5: Lorpugo (big blind) folded before Flop
Seat 6: MPut8 folded before Flop (didn't bet)



PokerStars Hand #240757063493:  Hold'em No Limit ($0.01/$0.02 USD) - 2022/12/28 15:01:46 ET
Table 'Rosselia II' 6-max Seat #4 is the button
Seat 1: AlexiosXIII ($2.17 in chips) 
Seat 2: pendo3 ($2.85 in chips) 
Seat 3: spiderman714 ($3.41 in chips) 
Seat 4: Dead_ClauSS ($2.03 in chips) 
Seat 5: Lorpugo ($3.42 in chips) 
Seat 6: MPut8 ($2 in chips) 
Lorpugo: posts small blind $0.01
MPut8: posts big blind $0.02
*** HOLE CARDS ***
Dealt to Lorpugo [5s Ts]
AlexiosXIII: calls $0.02
pendo3: folds 
spiderman714: folds 
Dead_ClauSS: raises $0.06 to $0.08
Lorpugo: folds 
MPut8: folds 
AlexiosXIII: calls $0.06
*** FLOP *** [Jc Kd 5d]
AlexiosXIII: checks 
Dead_ClauSS: bets $0.08
AlexiosXIII: folds 
Uncalled bet ($0.08) returned to Dead_ClauSS
Dead_ClauSS collected $0.18 from pot
Dead_ClauSS: doesn't show hand 
*** SUMMARY ***
Total pot $0.19 | Rake $0.01 
Board [Jc Kd 5d]
Seat 1: AlexiosXIII folded on the Flop
Seat 2: pendo3 folded before Flop (didn't bet)
Seat 3: spiderman714 folded before Flop (didn't bet)
Seat 4: Dead_ClauSS (button) collected ($0.18)
Seat 5: Lorpugo (small blind) folded before Flop
Seat 6: MPut8 (big blind) folded before Flop



PokerStars Hand #240757082604:  Hold'em No Limit ($0.01/$0.02 USD) - 2022/12/28 15:02:35 ET
Table 'Rosselia II' 6-max Seat #5 is the button
Seat 1: AlexiosXIII ($2.09 in chips) 
Seat 2: pendo3 ($2.85 in chips) 
Seat 3: spiderman714 ($3.41 in chips) 
Seat 4: Dead_ClauSS ($2.13 in chips) 
Seat 5: Lorpugo ($3.41 in chips) 
Seat 6: MPut8 ($1.98 in chips) 
MPut8: posts small blind $0.01
AlexiosXIII: posts big blind $0.02
*** HOLE CARDS ***
Dealt to Lorpugo [8s Kh]
pendo3: folds 
spiderman714: folds 
Dead_ClauSS: raises $0.04 to $0.06
Lorpugo: folds 
MPut8: calls $0.05
AlexiosXIII: calls $0.04
*** FLOP *** [Ac 4h Qc]
MPut8: checks 
AlexiosXIII: bets $0.06
Dead_ClauSS: folds 
MPut8: calls $0.06
*** TURN *** [Ac 4h Qc] [4s]
MPut8: checks 
AlexiosXIII: bets $0.10
MPut8: folds 
Uncalled bet ($0.10) returned to AlexiosXIII
AlexiosXIII collected $0.29 from pot
AlexiosXIII: doesn't show hand 
*** SUMMARY ***
Total pot $0.30 | Rake $0.01 
Board [Ac 4h Qc 4s]
Seat 1: AlexiosXIII (big blind) collected ($0.29)
Seat 2: pendo3 folded before Flop (didn't bet)
Seat 3: spiderman714 folded before Flop (didn't bet)
Seat 4: Dead_ClauSS folded on the Flop
Seat 5: Lorpugo (button) folded before Flop (didn't bet)
Seat 6: MPut8 (small blind) folded on the Turn



PokerStars Hand #240757108695:  Hold'em No Limit ($0.01/$0.02 USD) - 2022/12/28 15:03:35 ET
Table 'Rosselia II' 6-max Seat #6 is the button
Seat 1: AlexiosXIII ($2.26 in chips) 
Seat 2: pendo3 ($2.85 in chips) 
Seat 3: spiderman714 ($3.41 in chips) 
Seat 4: Dead_ClauSS ($2.07 in chips) 
Seat 5: Lorpugo ($3.41 in chips) 
Seat 6: MPut8 ($1.86 in chips) 
AlexiosXIII: posts small blind $0.01
pendo3: posts big blind $0.02
*** HOLE CARDS ***
Dealt to Lorpugo [Qs Kc]
spiderman714: folds 
Dead_ClauSS: folds 
Lorpugo: raises $0.04 to $0.06
MPut8: calls $0.06
AlexiosXIII: folds 
pendo3: folds 
*** FLOP *** [Jc Qh 9s]
Lorpugo: checks 
MPut8: checks 
*** TURN *** [Jc Qh 9s] [Jh]
Lorpugo: bets $0.09
MPut8: folds 
Uncalled bet ($0.09) returned to Lorpugo
Lorpugo collected $0.14 from pot
Lorpugo: doesn't show hand 
*** SUMMARY ***
Total pot $0.15 | Rake $0.01 
Board [Jc Qh 9s Jh]
Seat 1: AlexiosXIII (small blind) folded before Flop
Seat 2: pendo3 (big blind) folded before Flop
Seat 3: spiderman714 folded before Flop (didn't bet)
Seat 4: Dead_ClauSS folded before Flop (didn't bet)
Seat 5: Lorpugo collected ($0.14)
Seat 6: MPut8 (button) folded on the Turn



PokerStars Hand #240757129474:  Hold'em No Limit ($0.01/$0.02 USD) - 2022/12/28 15:04:22 ET
Table 'Rosselia II' 6-max Seat #1 is the button
Seat 1: AlexiosXIII ($2.25 in chips) 
Seat 2: pendo3 ($2.83 in chips) 
Seat 3: spiderman714 ($3.41 in chips) 
Seat 4: Dead_ClauSS ($2.07 in chips) 
Seat 5: Lorpugo ($3.49 in chips) 
Seat 6: MPut8 ($1.80 in chips) 
pendo3: posts small blind $0.01
spiderman714: posts big blind $0.02
*** HOLE CARDS ***
Dealt to Lorpugo [7s 6d]
Dead_ClauSS: folds 
Lorpugo: folds 
MPut8: folds 
AlexiosXIII: calls $0.02
pendo3: folds 
spiderman714: checks 
*** FLOP *** [Jd Th 9h]
spiderman714: checks 
AlexiosXIII: bets $0.06
spiderman714: folds 
Uncalled bet ($0.06) returned to AlexiosXIII
AlexiosXIII collected $0.05 from pot
AlexiosXIII: doesn't show hand 
*** SUMMARY ***
Total pot $0.05 | Rake $0 
Board [Jd Th 9h]
Seat 1: AlexiosXIII (button) collected ($0.05)
Seat 2: pendo3 (small blind) folded before Flop
Seat 3: spiderman714 (big blind) folded on the Flop
Seat 4: Dead_ClauSS folded before Flop (didn't bet)
Seat 5: Lorpugo folded before Flop (didn't bet)
Seat 6: MPut8 folded before Flop (didn't bet)



PokerStars Hand #240757143564:  Hold'em No Limit ($0.01/$0.02 USD) - 2022/12/28 15:04:55 ET
Table 'Rosselia II' 6-max Seat #2 is the button
Seat 1: AlexiosXIII ($2.28 in chips) 
Seat 2: pendo3 ($2.82 in chips) 
Seat 3: spiderman714 ($3.39 in chips) 
Seat 4: Dead_ClauSS ($2.07 in chips) 
Seat 5: Lorpugo ($3.49 in chips) 
Seat 6: MPut8 ($1.80 in chips) 
spiderman714: posts small blind $0.01
Dead_ClauSS: posts big blind $0.02
*** HOLE CARDS ***
Dealt to Lorpugo [Kd 8h]
Lorpugo: folds 
MPut8: calls $0.02
AlexiosXIII: calls $0.02
pendo3: folds 
spiderman714: calls $0.01
Dead_ClauSS: raises $0.06 to $0.08
MPut8: calls $0.06
AlexiosXIII: calls $0.06
spiderman714: folds 
*** FLOP *** [Jd Jh 9d]
Dead_ClauSS: checks 
MPut8: checks 
AlexiosXIII: bets $0.06
Dead_ClauSS: calls $0.06
MPut8: folds 
*** TURN *** [Jd Jh 9d] [Qh]
Dead_ClauSS: checks 
AlexiosXIII: bets $0.08
Dead_ClauSS: calls $0.08
*** RIVER *** [Jd Jh 9d Qh] [Th]
Dead_ClauSS: bets $0.09
AlexiosXIII: raises $0.09 to $0.18
Dead_ClauSS: folds 
Uncalled bet ($0.09) returned to AlexiosXIII
AlexiosXIII collected $0.69 from pot
AlexiosXIII: doesn't show hand 
*** SUMMARY ***
Total pot $0.72 | Rake $0.03 
Board [Jd Jh 9d Qh Th]
Seat 1: AlexiosXIII collected ($0.69)
Seat 2: pendo3 (button) folded before Flop (didn't bet)
Seat 3: spiderman714 (small blind) folded before Flop
Seat 4: Dead_ClauSS (big blind) folded on the River
Seat 5: Lorpugo folded before Flop (didn't bet)
Seat 6: MPut8 folded on the Flop



PokerStars Hand #240757185951:  Hold'em No Limit ($0.01/$0.02 USD) - 2022/12/28 15:06:25 ET
Table 'Rosselia II' 6-max Seat #3 is the button
Seat 1: AlexiosXIII ($2.66 in chips) 
Seat 2: pendo3 ($2.82 in chips) 
Seat 3: spiderman714 ($3.37 in chips) 
Seat 4: Dead_ClauSS ($2 in chips) 
Seat 5: Lorpugo ($3.49 in chips) 
Seat 6: MPut8 ($1.72 in chips) 
Dead_ClauSS: posts small blind $0.01
Lorpugo: posts big blind $0.02
*** HOLE CARDS ***
Dealt to Lorpugo [5h Tc]
MPut8: folds 
AlexiosXIII: folds 
pendo3: folds 
spiderman714: calls $0.02
Dead_ClauSS: raises $0.04 to $0.06
Lorpugo: folds 
spiderman714: folds 
Uncalled bet ($0.04) returned to Dead_ClauSS
Dead_ClauSS collected $0.06 from pot
Dead_ClauSS: doesn't show hand 
*** SUMMARY ***
Total pot $0.06 | Rake $0 
Seat 1: AlexiosXIII folded before Flop (didn't bet)
Seat 2: pendo3 folded before Flop (didn't bet)
Seat 3: spiderman714 (button) folded before Flop
Seat 4: Dead_ClauSS (small blind) collected ($0.06)
Seat 5: Lorpugo (big blind) folded before Flop
Seat 6: MPut8 folded before Flop (didn't bet)



PokerStars Hand #240757209082:  Hold'em No Limit ($0.01/$0.02 USD) - 2022/12/28 15:07:15 ET
Table 'Rosselia II' 6-max Seat #4 is the button
Seat 1: AlexiosXIII ($2.66 in chips) 
Seat 2: pendo3 ($2.82 in chips) 
Seat 3: spiderman714 ($3.35 in chips) 
Seat 4: Dead_ClauSS ($2.04 in chips) 
Seat 5: Lorpugo ($3.47 in chips) 
Seat 6: MPut8 ($2 in chips) 
Lorpugo: posts small blind $0.01
MPut8: posts big blind $0.02
*** HOLE CARDS ***
Dealt to Lorpugo [Kd 6c]
AlexiosXIII: calls $0.02
pendo3: raises $0.04 to $0.06
spiderman714: folds 
Dead_ClauSS: calls $0.06
Lorpugo: folds 
MPut8: calls $0.04
AlexiosXIII: calls $0.04
*** FLOP *** [Js 7h Ah]
MPut8: checks 
AlexiosXIII: checks 
pendo3: checks 
Dead_ClauSS: bets $0.09
MPut8: folds 
AlexiosXIII: raises $0.09 to $0.18
pendo3: folds 
Dead_ClauSS: folds 
Uncalled bet ($0.09) returned to AlexiosXIII
AlexiosXIII collected $0.41 from pot
AlexiosXIII: doesn't show hand 
*** SUMMARY ***
Total pot $0.43 | Rake $0.02 
Board [Js 7h Ah]
Seat 1: AlexiosXIII collected ($0.41)
Seat 2: pendo3 folded on the Flop
Seat 3: spiderman714 folded before Flop (didn't bet)
Seat 4: Dead_ClauSS (button) folded on the Flop
Seat 5: Lorpugo (small blind) folded before Flop
Seat 6: MPut8 (big blind) folded on the Flop



PokerStars Hand #240757242595:  Hold'em No Limit ($0.01/$0.02 USD) - 2022/12/28 15:08:28 ET
Table 'Rosselia II' 6-max Seat #5 is the button
Seat 1: AlexiosXIII ($2.92 in chips) 
Seat 2: pendo3 ($2.76 in chips) 
Seat 3: spiderman714 ($3.35 in chips) 
Seat 4: Dead_ClauSS ($2 in chips) 
Seat 5: Lorpugo ($3.46 in chips) 
Seat 6: MPut8 ($1.94 in chips) 
MPut8: posts small blind $0.01
AlexiosXIII: posts big blind $0.02
*** HOLE CARDS ***
Dealt to Lorpugo [Qd Kd]
pendo3: raises $0.04 to $0.06
spiderman714: calls $0.06
Dead_ClauSS: folds 
Lorpugo: calls $0.06
MPut8: calls $0.05
AlexiosXIII: calls $0.04
*** FLOP *** [Ah 6s 6c]
MPut8: checks 
AlexiosXIII: checks 
pendo3: checks 
spiderman714: checks 
Lorpugo: checks 
*** TURN *** [Ah 6s 6c] [Qh]
MPut8: checks 
AlexiosXIII: bets $0.10
pendo3: calls $0.10
spiderman714: folds 
Lorpugo: folds 
MPut8: folds 
*** RIVER *** [Ah 6s 6c Qh] [7c]
AlexiosXIII: bets $0.10
pendo3: raises $0.14 to $0.24
AlexiosXIII: calls $0.14
*** SHOW DOWN ***
pendo3: shows [7s As] (two pair, Aces and Sevens)
AlexiosXIII: mucks hand 
pendo3 collected $0.95 from pot
*** SUMMARY ***
Total pot $0.98 | Rake $0.03 
Board [Ah 6s 6c Qh 7c]
Seat 1: AlexiosXIII (big blind) mucked [2s 2d]
Seat 2: pendo3 showed [7s As] and won ($0.95) with two pair, Aces and Sevens
Seat 3: spiderman714 folded on the Turn
Seat 4: Dead_ClauSS folded before Flop (didn't bet)
Seat 5: Lorpugo (button) folded on the Turn
Seat 6: MPut8 (small blind) folded on the Turn



PokerStars Hand #240757295852:  Hold'em No Limit ($0.01/$0.02 USD) - 2022/12/28 15:10:23 ET
Table 'Rosselia II' 6-max Seat #6 is the button
Seat 1: AlexiosXIII ($2.52 in chips) 
Seat 2: pendo3 ($3.31 in chips) 
Seat 3: spiderman714 ($3.29 in chips) 
Seat 4: Dead_ClauSS ($2 in chips) 
Seat 5: Lorpugo ($3.40 in chips) 
Seat 6: MPut8 ($1.88 in chips) 
AlexiosXIII: posts small blind $0.01
pendo3: posts big blind $0.02
*** HOLE CARDS ***
Dealt to Lorpugo [As 8c]
spiderman714: raises $0.02 to $0.04
Dead_ClauSS: folds 
Lorpugo: folds 
MPut8: calls $0.04
AlexiosXIII: folds 
pendo3: folds 
*** FLOP *** [6s Tc Th]
spiderman714: bets $0.06
MPut8: folds 
Uncalled bet ($0.06) returned to spiderman714
spiderman714 collected $0.11 from pot
spiderman714: doesn't show hand 
*** SUMMARY ***
Total pot $0.11 | Rake $0 
Board [6s Tc Th]
Seat 1: AlexiosXIII (small blind) folded before Flop
Seat 2: pendo3 (big blind) folded before Flop
Seat 3: spiderman714 collected ($0.11)
Seat 4: Dead_ClauSS folded before Flop (didn't bet)
Seat 5: Lorpugo folded before Flop (didn't bet)
Seat 6: MPut8 (button) folded on the Flop



PokerStars Hand #240757311338:  Hold'em No Limit ($0.01/$0.02 USD) - 2022/12/28 15:10:56 ET
Table 'Rosselia II' 6-max Seat #1 is the button
Seat 1: AlexiosXIII ($2.51 in chips) 
Seat 2: pendo3 ($3.29 in chips) 
Seat 4: Dead_ClauSS ($2 in chips) 
Seat 5: Lorpugo ($3.40 in chips) 
Seat 6: MPut8 ($1.84 in chips) 
pendo3: posts small blind $0.01
Dead_ClauSS: posts big blind $0.02
*** HOLE CARDS ***
Dealt to Lorpugo [Qs 7s]
Lorpugo: folds 
MPut8: folds 
AlexiosXIII: folds 
pendo3: folds 
Uncalled bet ($0.01) returned to Dead_ClauSS
Dead_ClauSS collected $0.02 from pot
Dead_ClauSS: doesn't show hand 
*** SUMMARY ***
Total pot $0.02 | Rake $0 
Seat 1: AlexiosXIII (button) folded before Flop (didn't bet)
Seat 2: pendo3 (small blind) folded before Flop
Seat 4: Dead_ClauSS (big blind) collected ($0.02)
Seat 5: Lorpugo folded before Flop (didn't bet)
Seat 6: MPut8 folded before Flop (didn't bet)



PokerStars Hand #240757316142:  Hold'em No Limit ($0.01/$0.02 USD) - 2022/12/28 15:11:06 ET
Table 'Rosselia II' 6-max Seat #2 is the button
Seat 1: AlexiosXIII ($2.51 in chips) 
Seat 2: pendo3 ($3.28 in chips) 
Seat 4: Dead_ClauSS ($2.01 in chips) 
Seat 5: Lorpugo ($3.40 in chips) 
Seat 6: MPut8 ($1.84 in chips) 
Dead_ClauSS: posts small blind $0.01
Lorpugo: posts big blind $0.02
*** HOLE CARDS ***
Dealt to Lorpugo [Kh 3s]
MPut8: folds 
AlexiosXIII: folds 
pendo3: folds 
Dead_ClauSS: folds 
Uncalled bet ($0.01) returned to Lorpugo
Lorpugo collected $0.02 from pot
Lorpugo: doesn't show hand 
*** SUMMARY ***
Total pot $0.02 | Rake $0 
Seat 1: AlexiosXIII folded before Flop (didn't bet)
Seat 2: pendo3 (button) folded before Flop (didn't bet)
Seat 4: Dead_ClauSS (small blind) folded before Flop
Seat 5: Lorpugo (big blind) collected ($0.02)
Seat 6: MPut8 folded before Flop (didn't bet)



PokerStars Hand #240757321478:  Hold'em No Limit ($0.01/$0.02 USD) - 2022/12/28 15:11:17 ET
Table 'Rosselia II' 6-max Seat #4 is the button
Seat 1: AlexiosXIII ($2.51 in chips) 
Seat 2: pendo3 ($3.28 in chips) 
Seat 4: Dead_ClauSS ($2 in chips) 
Seat 5: Lorpugo ($3.41 in chips) 
Seat 6: MPut8 ($2 in chips) 
Lorpugo: posts small blind $0.01
MPut8: posts big blind $0.02
*** HOLE CARDS ***
Dealt to Lorpugo [9c Qh]
AlexiosXIII: calls $0.02
pendo3: folds 
Dead_ClauSS: folds 
Lorpugo: folds 
MPut8: checks 
*** FLOP *** [5s Td Ad]
MPut8: checks 
AlexiosXIII: checks 
*** TURN *** [5s Td Ad] [3d]
MPut8: checks 
AlexiosXIII: checks 
*** RIVER *** [5s Td Ad 3d] [7d]
MPut8: checks 
AlexiosXIII: bets $0.10
MPut8: folds 
Uncalled bet ($0.10) returned to AlexiosXIII
AlexiosXIII collected $0.05 from pot
AlexiosXIII: doesn't show hand 
*** SUMMARY ***
Total pot $0.05 | Rake $0 
Board [5s Td Ad 3d 7d]
Seat 1: AlexiosXIII collected ($0.05)
Seat 2: pendo3 folded before Flop (didn't bet)
Seat 4: Dead_ClauSS (button) folded before Flop (didn't bet)
Seat 5: Lorpugo (small blind) folded before Flop
Seat 6: MPut8 (big blind) folded on the River



PokerStars Hand #240757346507:  Hold'em No Limit ($0.01/$0.02 USD) - 2022/12/28 15:12:12 ET
Table 'Rosselia II' 6-max Seat #5 is the button
Seat 1: AlexiosXIII ($2.54 in chips) 
Seat 2: pendo3 ($3.28 in chips) 
Seat 4: Dead_ClauSS ($2 in chips) 
Seat 5: Lorpugo ($3.40 in chips) 
Seat 6: MPut8 ($1.98 in chips) 
MPut8: posts small blind $0.01
AlexiosXIII: posts big blind $0.02
*** HOLE CARDS ***
Dealt to Lorpugo [Ad 6d]
pendo3: folds 
Dead_ClauSS: folds 
Lorpugo: raises $0.04 to $0.06
MPut8: folds 
AlexiosXIII: calls $0.04
*** FLOP *** [As 3h 7h]
AlexiosXIII: checks 
Lorpugo: checks 
*** TURN *** [As 3h 7h] [8d]
AlexiosXIII: bets $0.02
Lorpugo: raises $0.09 to $0.11
AlexiosXIII: calls $0.09
*** RIVER *** [As 3h 7h 8d] [5s]
AlexiosXIII: checks 
Lorpugo: bets $0.11
AlexiosXIII: calls $0.11
*** SHOW DOWN ***
Lorpugo: shows [Ad 6d] (a pair of Aces)
AlexiosXIII: mucks hand 
Lorpugo collected $0.55 from pot
*** SUMMARY ***
Total pot $0.57 | Rake $0.02 
Board [As 3h 7h 8d 5s]
Seat 1: AlexiosXIII (big blind) mucked [8h Js]
Seat 2: pendo3 folded before Flop (didn't bet)
Seat 4: Dead_ClauSS folded before Flop (didn't bet)
Seat 5: Lorpugo (button) showed [Ad 6d] and won ($0.55) with a pair of Aces
Seat 6: MPut8 (small blind) folded before Flop



PokerStars Hand #240757376740:  Hold'em No Limit ($0.01/$0.02 USD) - 2022/12/28 15:13:16 ET
Table 'Rosselia II' 6-max Seat #6 is the button
Seat 1: AlexiosXIII ($2.26 in chips) 
Seat 2: pendo3 ($3.28 in chips) 
Seat 4: Dead_ClauSS ($2 in chips) 
Seat 5: Lorpugo ($3.67 in chips) 
Seat 6: MPut8 ($1.97 in chips) 
AlexiosXIII: posts small blind $0.01
pendo3: posts big blind $0.02
*** HOLE CARDS ***
Dealt to Lorpugo [9c Qc]
Dead_ClauSS: folds 
Lorpugo: raises $0.04 to $0.06
MPut8: calls $0.06
AlexiosXIII: calls $0.05
pendo3: calls $0.04
*** FLOP *** [Ts 8d Ah]
AlexiosXIII: checks 
pendo3: bets $0.11
Lorpugo: folds 
MPut8: folds 
AlexiosXIII: folds 
Uncalled bet ($0.11) returned to pendo3
pendo3 collected $0.23 from pot
pendo3: doesn't show hand 
*** SUMMARY ***
Total pot $0.24 | Rake $0.01 
Board [Ts 8d Ah]
Seat 1: AlexiosXIII (small blind) folded on the Flop
Seat 2: pendo3 (big blind) collected ($0.23)
Seat 4: Dead_ClauSS folded before Flop (didn't bet)
Seat 5: Lorpugo folded on the Flop
Seat 6: MPut8 (button) folded on the Flop



PokerStars Hand #240757393177:  Hold'em No Limit ($0.01/$0.02 USD) - 2022/12/28 15:13:52 ET
Table 'Rosselia II' 6-max Seat #1 is the button
Seat 1: AlexiosXIII ($2.20 in chips) 
Seat 2: pendo3 ($3.45 in chips) 
Seat 3: spiderman714 ($3.36 in chips) 
Seat 4: Dead_ClauSS ($2 in chips) 
Seat 5: Lorpugo ($3.61 in chips) 
Seat 6: MPut8 ($1.91 in chips) 
pendo3: posts small blind $0.01
spiderman714: posts big blind $0.02
*** HOLE CARDS ***
Dealt to Lorpugo [6s Jc]
Dead_ClauSS: folds 
Lorpugo: folds 
MPut8: raises $0.05 to $0.07
AlexiosXIII: calls $0.07
pendo3: calls $0.06
spiderman714: folds 
*** FLOP *** [7h Ks 7c]
pendo3: checks 
MPut8: checks 
AlexiosXIII: checks 
*** TURN *** [7h Ks 7c] [3h]
pendo3: bets $0.10
MPut8: folds 
AlexiosXIII: folds 
Uncalled bet ($0.10) returned to pendo3
pendo3 collected $0.22 from pot
pendo3: doesn't show hand 
*** SUMMARY ***
Total pot $0.23 | Rake $0.01 
Board [7h Ks 7c 3h]
Seat 1: AlexiosXIII (button) folded on the Turn
Seat 2: pendo3 (small blind) collected ($0.22)
Seat 3: spiderman714 (big blind) folded before Flop
Seat 4: Dead_ClauSS folded before Flop (didn't bet)
Seat 5: Lorpugo folded before Flop (didn't bet)
Seat 6: MPut8 folded on the Turn



PokerStars Hand #240757421098:  Hold'em No Limit ($0.01/$0.02 USD) - 2022/12/28 15:14:51 ET
Table 'Rosselia II' 6-max Seat #2 is the button
Seat 1: AlexiosXIII ($2.13 in chips) 
Seat 2: pendo3 ($3.60 in chips) 
Seat 3: spiderman714 ($3.34 in chips) 
Seat 4: Dead_ClauSS ($2 in chips) 
Seat 5: Lorpugo ($3.61 in chips) 
Seat 6: MPut8 ($1.84 in chips) 
spiderman714: posts small blind $0.01
Dead_ClauSS: posts big blind $0.02
*** HOLE CARDS ***
Dealt to Lorpugo [Kd 7c]
Lorpugo: folds 
MPut8: raises $0.04 to $0.06
AlexiosXIII: calls $0.06
pendo3: folds 
spiderman714: folds 
Dead_ClauSS: folds 
*** FLOP *** [4h 5d Qc]
MPut8: checks 
AlexiosXIII: bets $0.10
MPut8: calls $0.10
*** TURN *** [4h 5d Qc] [5s]
MPut8: checks 
AlexiosXIII: bets $0.10
MPut8: calls $0.10
*** RIVER *** [4h 5d Qc 5s] [3h]
MPut8: checks 
AlexiosXIII: bets $0.10
MPut8: calls $0.10
*** SHOW DOWN ***
AlexiosXIII: shows [7d Qh] (two pair, Queens and Fives)
MPut8: shows [Qd 9d] (two pair, Queens and Fives - Nine kicker)
MPut8 collected $0.72 from pot
*** SUMMARY ***
Total pot $0.75 | Rake $0.03 
Board [4h 5d Qc 5s 3h]
Seat 1: AlexiosXIII showed [7d Qh] and lost with two pair, Queens and Fives
Seat 2: pendo3 (button) folded before Flop (didn't bet)
Seat 3: spiderman714 (small blind) folded before Flop
Seat 4: Dead_ClauSS (big blind) folded before Flop
Seat 5: Lorpugo folded before Flop (didn't bet)
Seat 6: MPut8 showed [Qd 9d] and won ($0.72) with two pair, Queens and Fives



PokerStars Hand #240757447924:  Hold'em No Limit ($0.01/$0.02 USD) - 2022/12/28 15:15:48 ET
Table 'Rosselia II' 6-max Seat #3 is the button
Seat 1: AlexiosXIII ($1.77 in chips) 
Seat 2: pendo3 ($3.60 in chips) 
Seat 3: spiderman714 ($3.33 in chips) 
Seat 4: Dead_ClauSS ($2 in chips) 
Seat 5: Lorpugo ($3.61 in chips) 
Seat 6: MPut8 ($2.20 in chips) 
Dead_ClauSS: posts small blind $0.01
Lorpugo: posts big blind $0.02
*** HOLE CARDS ***
Dealt to Lorpugo [Ah 8h]
MPut8: folds 
AlexiosXIII: calls $0.02
pendo3: raises $0.04 to $0.06
spiderman714: calls $0.06
Dead_ClauSS: folds 
Lorpugo: calls $0.04
AlexiosXIII: calls $0.04
*** FLOP *** [8d 4s 9d]
Lorpugo: checks 
AlexiosXIII: checks 
pendo3: checks 
spiderman714: checks 
*** TURN *** [8d 4s 9d] [Kh]
Lorpugo: bets $0.02
AlexiosXIII: calls $0.02
pendo3: folds 
MPut8 leaves the table
spiderman714: calls $0.02
*** RIVER *** [8d 4s 9d Kh] [7h]
ZZano$$a joins the table at seat #6 
Lorpugo: checks 
AlexiosXIII: checks 
spiderman714: checks 
*** SHOW DOWN ***
Lorpugo: shows [Ah 8h] (a pair of Eights)
AlexiosXIII: mucks hand 
spiderman714: mucks hand 
Lorpugo collected $0.30 from pot
*** SUMMARY ***
Total pot $0.31 | Rake $0.01 
Board [8d 4s 9d Kh 7h]
Seat 1: AlexiosXIII mucked [6h 7d]
Seat 2: pendo3 folded on the Turn
Seat 3: spiderman714 (button) mucked [5s 3s]
Seat 4: Dead_ClauSS (small blind) folded before Flop
Seat 5: Lorpugo (big blind) showed [Ah 8h] and won ($0.30) with a pair of Eights
Seat 6: MPut8 folded before Flop (didn't bet)



PokerStars Hand #240757481090:  Hold'em No Limit ($0.01/$0.02 USD) - 2022/12/28 15:16:58 ET
Table 'Rosselia II' 6-max Seat #4 is the button
Seat 1: AlexiosXIII ($1.69 in chips) 
Seat 2: pendo3 ($3.54 in chips) 
Seat 3: spiderman714 ($3.25 in chips) 
Seat 4: Dead_ClauSS ($2 in chips) 
Seat 5: Lorpugo ($3.83 in chips) 
Seat 6: ZZano$$a ($2 in chips) 
Lorpugo: posts small blind $0.01
ZZano$$a: posts big blind $0.02
*** HOLE CARDS ***
Dealt to Lorpugo [4c 8d]
AlexiosXIII: calls $0.02
pendo3: folds 
spiderman714: folds 
Dead_ClauSS: folds 
Lorpugo: folds 
ZZano$$a: checks 
*** FLOP *** [9c 5h 6c]
ZZano$$a: bets $0.03
AlexiosXIII: folds 
Uncalled bet ($0.03) returned to ZZano$$a
ZZano$$a collected $0.05 from pot
ZZano$$a: doesn't show hand 
*** SUMMARY ***
Total pot $0.05 | Rake $0 
Board [9c 5h 6c]
Seat 1: AlexiosXIII folded on the Flop
Seat 2: pendo3 folded before Flop (didn't bet)
Seat 3: spiderman714 folded before Flop (didn't bet)
Seat 4: Dead_ClauSS (button) folded before Flop (didn't bet)
Seat 5: Lorpugo (small blind) folded before Flop
Seat 6: ZZano$$a (big blind) collected ($0.05)



PokerStars Hand #240757494970:  Hold'em No Limit ($0.01/$0.02 USD) - 2022/12/28 15:17:28 ET
Table 'Rosselia II' 6-max Seat #5 is the button
Seat 1: AlexiosXIII ($1.67 in chips) 
Seat 2: pendo3 ($3.54 in chips) 
Seat 3: spiderman714 ($3.25 in chips) 
Seat 4: Dead_ClauSS ($2 in chips) 
Seat 5: Lorpugo ($3.82 in chips) 
Seat 6: ZZano$$a ($2.03 in chips) 
ZZano$$a: posts small blind $0.01
AlexiosXIII: posts big blind $0.02
*** HOLE CARDS ***
Dealt to Lorpugo [4d Kd]
pendo3: folds 
spiderman714: folds 
Dead_ClauSS: folds 
Lorpugo: raises $0.04 to $0.06
ZZano$$a: folds 
AlexiosXIII: raises $0.04 to $0.10
Lorpugo: calls $0.04
*** FLOP *** [Jh 6d 5c]
AlexiosXIII: bets $0.08
Lorpugo: folds 
Uncalled bet ($0.08) returned to AlexiosXIII
AlexiosXIII collected $0.20 from pot
AlexiosXIII: doesn't show hand 
*** SUMMARY ***
Total pot $0.21 | Rake $0.01 
Board [Jh 6d 5c]
Seat 1: AlexiosXIII (big blind) collected ($0.20)
Seat 2: pendo3 folded before Flop (didn't bet)
Seat 3: spiderman714 folded before Flop (didn't bet)
Seat 4: Dead_ClauSS folded before Flop (didn't bet)
Seat 5: Lorpugo (button) folded on the Flop
Seat 6: ZZano$$a (small blind) folded before Flop



PokerStars Hand #240757511000:  Hold'em No Limit ($0.01/$0.02 USD) - 2022/12/28 15:18:02 ET
Table 'Rosselia II' 6-max Seat #6 is the button
Seat 1: AlexiosXIII ($1.77 in chips) 
Seat 2: pendo3 ($3.54 in chips) 
Seat 3: spiderman714 ($3.25 in chips) 
Seat 4: Dead_ClauSS ($2 in chips) 
Seat 5: Lorpugo ($3.72 in chips) 
Seat 6: ZZano$$a ($2.02 in chips) 
AlexiosXIII: posts small blind $0.01
pendo3: posts big blind $0.02
*** HOLE CARDS ***
Dealt to Lorpugo [7s 3s]
spiderman714: raises $0.04 to $0.06
Dead_ClauSS: calls $0.06
Lorpugo: folds 
ZZano$$a: calls $0.06
AlexiosXIII: folds 
pendo3: folds 
*** FLOP *** [8h As Qh]
spiderman714: bets $0.36
Dead_ClauSS: folds 
ZZano$$a: calls $0.36
*** TURN *** [8h As Qh] [4c]
spiderman714: checks 
ZZano$$a: checks 
*** RIVER *** [8h As Qh 4c] [3d]
spiderman714: bets $0.24
ZZano$$a: calls $0.24
*** SHOW DOWN ***
spiderman714: shows [Ah Ts] (a pair of Aces)
ZZano$$a: mucks hand 
spiderman714 collected $1.35 from pot
*** SUMMARY ***
Total pot $1.41 | Rake $0.06 
Board [8h As Qh 4c 3d]
Seat 1: AlexiosXIII (small blind) folded before Flop
Seat 2: pendo3 (big blind) folded before Flop
Seat 3: spiderman714 showed [Ah Ts] and won ($1.35) with a pair of Aces
Seat 4: Dead_ClauSS folded on the Flop
Seat 5: Lorpugo folded before Flop (didn't bet)
Seat 6: ZZano$$a (button) mucked [Ad 5d]



PokerStars Hand #240757537996:  Hold'em No Limit ($0.01/$0.02 USD) - 2022/12/28 15:18:59 ET
Table 'Rosselia II' 6-max Seat #1 is the button
Seat 1: AlexiosXIII ($1.76 in chips) 
Seat 2: pendo3 ($3.52 in chips) 
Seat 3: spiderman714 ($3.94 in chips) 
Seat 4: Dead_ClauSS ($2 in chips) 
Seat 5: Lorpugo ($3.72 in chips) 
Seat 6: ZZano$$a ($1.36 in chips) 
pendo3: posts small blind $0.01
spiderman714: posts big blind $0.02
*** HOLE CARDS ***
Dealt to Lorpugo [Th 3h]
Dead_ClauSS: folds 
Lorpugo: folds 
ZZano$$a: folds 
AlexiosXIII: raises $0.02 to $0.04
pendo3: folds 
spiderman714: folds 
Uncalled bet ($0.02) returned to AlexiosXIII
AlexiosXIII collected $0.05 from pot
AlexiosXIII: doesn't show hand 
*** SUMMARY ***
Total pot $0.05 | Rake $0 
Seat 1: AlexiosXIII (button) collected ($0.05)
Seat 2: pendo3 (small blind) folded before Flop
Seat 3: spiderman714 (big blind) folded before Flop
Seat 4: Dead_ClauSS folded before Flop (didn't bet)
Seat 5: Lorpugo folded before Flop (didn't bet)
Seat 6: ZZano$$a folded before Flop (didn't bet)



PokerStars Hand #240757547830:  Hold'em No Limit ($0.01/$0.02 USD) - 2022/12/28 15:19:21 ET
Table 'Rosselia II' 6-max Seat #2 is the button
Seat 1: AlexiosXIII ($1.79 in chips) 
Seat 2: pendo3 ($3.51 in chips) 
Seat 3: spiderman714 ($3.92 in chips) 
Seat 4: Dead_ClauSS ($2 in chips) 
Seat 5: Lorpugo ($3.72 in chips) 
Seat 6: ZZano$$a ($1.36 in chips) 
spiderman714: posts small blind $0.01
Dead_ClauSS: posts big blind $0.02
*** HOLE CARDS ***
Dealt to Lorpugo [Qs 9d]
Lorpugo: folds 
ZZano$$a: raises $0.03 to $0.05
AlexiosXIII: calls $0.05
pendo3: folds 
spiderman714: folds 
Dead_ClauSS: calls $0.03
*** FLOP *** [6h 2d Ts]
Dead_ClauSS: bets $0.06
ZZano$$a: calls $0.06
AlexiosXIII: calls $0.06
*** TURN *** [6h 2d Ts] [3d]
Dead_ClauSS: bets $0.08
ZZano$$a: raises $0.08 to $0.16
AlexiosXIII: folds 
Dead_ClauSS: calls $0.08
*** RIVER *** [6h 2d Ts 3d] [5h]
Dead_ClauSS: checks 
ZZano$$a: bets $0.19
Dead_ClauSS: folds 
Uncalled bet ($0.19) returned to ZZano$$a
ZZano$$a collected $0.64 from pot
ZZano$$a: doesn't show hand 
*** SUMMARY ***
Total pot $0.66 | Rake $0.02 
Board [6h 2d Ts 3d 5h]
Seat 1: AlexiosXIII folded on the Turn
Seat 2: pendo3 (button) folded before Flop (didn't bet)
Seat 3: spiderman714 (small blind) folded before Flop
Seat 4: Dead_ClauSS (big blind) folded on the River
Seat 5: Lorpugo folded before Flop (didn't bet)
Seat 6: ZZano$$a collected ($0.64)



PokerStars Hand #240757575009:  Hold'em No Limit ($0.01/$0.02 USD) - 2022/12/28 15:20:19 ET
Table 'Rosselia II' 6-max Seat #3 is the button
Seat 1: AlexiosXIII ($1.68 in chips) 
Seat 2: pendo3 ($3.51 in chips) 
Seat 3: spiderman714 ($3.91 in chips) 
Seat 4: Dead_ClauSS ($2 in chips) 
Seat 5: Lorpugo ($3.72 in chips) 
Seat 6: ZZano$$a ($1.73 in chips) 
Dead_ClauSS: posts small blind $0.01
Lorpugo: posts big blind $0.02
*** HOLE CARDS ***
Dealt to Lorpugo [Tc Ah]
ZZano$$a: folds 
AlexiosXIII: calls $0.02
pendo3: folds 
spiderman714: calls $0.02
Dead_ClauSS: folds 
Lorpugo: raises $0.08 to $0.10
AlexiosXIII: calls $0.08
spiderman714: folds 
*** FLOP *** [8h 9d 4s]
Lorpugo: checks 
AlexiosXIII: checks 
*** TURN *** [8h 9d 4s] [2d]
Lorpugo: checks 
AlexiosXIII: checks 
*** RIVER *** [8h 9d 4s 2d] [5h]
Lorpugo: checks 
AlexiosXIII: checks 
*** SHOW DOWN ***
Lorpugo: shows [Tc Ah] (high card Ace)
AlexiosXIII: mucks hand 
Lorpugo collected $0.22 from pot
*** SUMMARY ***
Total pot $0.23 | Rake $0.01 
Board [8h 9d 4s 2d 5h]
Seat 1: AlexiosXIII mucked [Th Ks]
Seat 2: pendo3 folded before Flop (didn't bet)
Seat 3: spiderman714 (button) folded before Flop
Seat 4: Dead_ClauSS (small blind) folded before Flop
Seat 5: Lorpugo (big blind) showed [Tc Ah] and won ($0.22) with high card Ace
Seat 6: ZZano$$a folded before Flop (didn't bet)



PokerStars Hand #240757600620:  Hold'em No Limit ($0.01/$0.02 USD) - 2022/12/28 15:21:13 ET
Table 'Rosselia II' 6-max Seat #4 is the button
Seat 1: AlexiosXIII ($1.58 in chips) 
Seat 2: pendo3 ($3.51 in chips) 
Seat 3: spiderman714 ($3.89 in chips) 
Seat 4: Dead_ClauSS ($2 in chips) 
Seat 5: Lorpugo ($3.84 in chips) 
Seat 6: ZZano$$a ($1.73 in chips) 
Lorpugo: posts small blind $0.01
ZZano$$a: posts big blind $0.02
*** HOLE CARDS ***
Dealt to Lorpugo [2h Qd]
AlexiosXIII: raises $0.02 to $0.04
pendo3: folds 
spiderman714: raises $0.02 to $0.06
Dead_ClauSS: folds 
Lorpugo: folds 
ZZano$$a: folds 
AlexiosXIII: raises $0.02 to $0.08
spiderman714: calls $0.02
*** FLOP *** [Jh 6c 4h]
AlexiosXIII: checks 
spiderman714: bets $0.24
AlexiosXIII: calls $0.24
*** TURN *** [Jh 6c 4h] [8s]
AlexiosXIII: checks 
spiderman714: checks 
*** RIVER *** [Jh 6c 4h 8s] [Ad]
AlexiosXIII: bets $0.14
spiderman714: folds 
Uncalled bet ($0.14) returned to AlexiosXIII
AlexiosXIII collected $0.65 from pot
AlexiosXIII: doesn't show hand 
*** SUMMARY ***
Total pot $0.67 | Rake $0.02 
Board [Jh 6c 4h 8s Ad]
Seat 1: AlexiosXIII collected ($0.65)
Seat 2: pendo3 folded before Flop (didn't bet)
Seat 3: spiderman714 folded on the River
Seat 4: Dead_ClauSS (button) folded before Flop (didn't bet)
Seat 5: Lorpugo (small blind) folded before Flop
Seat 6: ZZano$$a (big blind) folded before Flop



PokerStars Hand #240757628561:  Hold'em No Limit ($0.01/$0.02 USD) - 2022/12/28 15:22:13 ET
Table 'Rosselia II' 6-max Seat #5 is the button
Seat 1: AlexiosXIII ($1.91 in chips) 
Seat 2: pendo3 ($3.51 in chips) 
Seat 3: spiderman714 ($3.57 in chips) 
Seat 4: Dead_ClauSS ($2 in chips) 
Seat 5: Lorpugo ($3.83 in chips) 
Seat 6: ZZano$$a ($1.71 in chips) 
ZZano$$a: posts small blind $0.01
AlexiosXIII: posts big blind $0.02
*** HOLE CARDS ***
Dealt to Lorpugo [Qd Th]
pendo3: folds 
spiderman714: raises $0.04 to $0.06
Dead_ClauSS: folds 
Lorpugo: folds 
ZZano$$a: folds 
AlexiosXIII: folds 
Uncalled bet ($0.04) returned to spiderman714
spiderman714 collected $0.05 from pot
spiderman714: doesn't show hand 
*** SUMMARY ***
Total pot $0.05 | Rake $0 
Seat 1: AlexiosXIII (big blind) folded before Flop
Seat 2: pendo3 folded before Flop (didn't bet)
Seat 3: spiderman714 collected ($0.05)
Seat 4: Dead_ClauSS folded before Flop (didn't bet)
Seat 5: Lorpugo (button) folded before Flop (didn't bet)
Seat 6: ZZano$$a (small blind) folded before Flop



PokerStars Hand #240757642844:  Hold'em No Limit ($0.01/$0.02 USD) - 2022/12/28 15:22:44 ET
Table 'Rosselia II' 6-max Seat #6 is the button
Seat 1: AlexiosXIII ($1.89 in chips) 
Seat 2: pendo3 ($3.51 in chips) 
Seat 3: spiderman714 ($3.60 in chips) 
Seat 4: Dead_ClauSS ($2 in chips) 
Seat 5: Lorpugo ($3.83 in chips) 
Seat 6: ZZano$$a ($1.70 in chips) 
AlexiosXIII: posts small blind $0.01
pendo3: posts big blind $0.02
*** HOLE CARDS ***
Dealt to Lorpugo [6s Ks]
spiderman714: folds 
Dead_ClauSS: folds 
Lorpugo: raises $0.04 to $0.06
ZZano$$a: calls $0.06
AlexiosXIII: folds 
pendo3: folds 
*** FLOP *** [Jc Jd 8h]
Lorpugo: checks 
ZZano$$a: checks 
*** TURN *** [Jc Jd 8h] [8d]
Lorpugo: bets $0.05
ZZano$$a: calls $0.05
*** RIVER *** [Jc Jd 8h 8d] [9h]
Lorpugo: checks 
ZZano$$a: checks 
*** SHOW DOWN ***
Lorpugo: shows [6s Ks] (two pair, Jacks and Eights)
ZZano$$a: shows [Ad 7d] (two pair, Jacks and Eights - Ace kicker)
ZZano$$a collected $0.24 from pot
*** SUMMARY ***
Total pot $0.25 | Rake $0.01 
Board [Jc Jd 8h 8d 9h]
Seat 1: AlexiosXIII (small blind) folded before Flop
Seat 2: pendo3 (big blind) folded before Flop
Seat 3: spiderman714 folded before Flop (didn't bet)
Seat 4: Dead_ClauSS folded before Flop (didn't bet)
Seat 5: Lorpugo showed [6s Ks] and lost with two pair, Jacks and Eights
Seat 6: ZZano$$a (button) showed [Ad 7d] and won ($0.24) with two pair, Jacks and Eights



PokerStars Hand #240757660172:  Hold'em No Limit ($0.01/$0.02 USD) - 2022/12/28 15:23:21 ET
Table 'Rosselia II' 6-max Seat #1 is the button
Seat 1: AlexiosXIII ($1.88 in chips) 
Seat 2: pendo3 ($3.49 in chips) 
Seat 3: spiderman714 ($3.60 in chips) 
Seat 4: Dead_ClauSS ($2 in chips) 
Seat 5: Lorpugo ($3.72 in chips) 
Seat 6: ZZano$$a ($1.83 in chips) 
pendo3: posts small blind $0.01
spiderman714: posts big blind $0.02
*** HOLE CARDS ***
Dealt to Lorpugo [4c Tc]
Dead_ClauSS: folds 
Lorpugo: folds 
ZZano$$a: folds 
AlexiosXIII: folds 
pendo3: raises $0.04 to $0.06
spiderman714: folds 
Uncalled bet ($0.04) returned to pendo3
pendo3 collected $0.04 from pot
pendo3: doesn't show hand 
*** SUMMARY ***
Total pot $0.04 | Rake $0 
Seat 1: AlexiosXIII (button) folded before Flop (didn't bet)
Seat 2: pendo3 (small blind) collected ($0.04)
Seat 3: spiderman714 (big blind) folded before Flop
Seat 4: Dead_ClauSS folded before Flop (didn't bet)
Seat 5: Lorpugo folded before Flop (didn't bet)
Seat 6: ZZano$$a folded before Flop (didn't bet)



PokerStars Hand #240757670066:  Hold'em No Limit ($0.01/$0.02 USD) - 2022/12/28 15:23:42 ET
Table 'Rosselia II' 6-max Seat #2 is the button
Seat 1: AlexiosXIII ($1.88 in chips) 
Seat 2: pendo3 ($3.51 in chips) 
Seat 3: spiderman714 ($3.58 in chips) 
Seat 4: Dead_ClauSS ($2 in chips) 
Seat 5: Lorpugo ($3.72 in chips) 
Seat 6: ZZano$$a ($1.83 in chips) 
spiderman714: posts small blind $0.01
Dead_ClauSS: posts big blind $0.02
*** HOLE CARDS ***
Dealt to Lorpugo [Qs 7d]
Lorpugo: folds 
ZZano$$a: folds 
AlexiosXIII: folds 
pendo3: folds 
spiderman714: folds 
Uncalled bet ($0.01) returned to Dead_ClauSS
Dead_ClauSS collected $0.02 from pot
Dead_ClauSS: doesn't show hand 
*** SUMMARY ***
Total pot $0.02 | Rake $0 
Seat 1: AlexiosXIII folded before Flop (didn't bet)
Seat 2: pendo3 (button) folded before Flop (didn't bet)
Seat 3: spiderman714 (small blind) folded before Flop
Seat 4: Dead_ClauSS (big blind) collected ($0.02)
Seat 5: Lorpugo folded before Flop (didn't bet)
Seat 6: ZZano$$a folded before Flop (didn't bet)



PokerStars Hand #240757673920:  Hold'em No Limit ($0.01/$0.02 USD) - 2022/12/28 15:23:50 ET
Table 'Rosselia II' 6-max Seat #3 is the button
Seat 1: AlexiosXIII ($1.88 in chips) 
Seat 2: pendo3 ($3.51 in chips) 
Seat 3: spiderman714 ($3.57 in chips) 
Seat 4: Dead_ClauSS ($2.01 in chips) 
Seat 5: Lorpugo ($3.72 in chips) 
Seat 6: ZZano$$a ($1.83 in chips) 
Dead_ClauSS: posts small blind $0.01
Lorpugo: posts big blind $0.02
*** HOLE CARDS ***
Dealt to Lorpugo [2s 3h]
ZZano$$a: folds 
AlexiosXIII: calls $0.02
pendo3: folds 
spiderman714: folds 
Dead_ClauSS: folds 
Lorpugo: checks 
*** FLOP *** [5h Qh 4c]
Lorpugo: checks 
AlexiosXIII: checks 
*** TURN *** [5h Qh 4c] [7d]
Lorpugo: bets $0.03
AlexiosXIII: calls $0.03
*** RIVER *** [5h Qh 4c 7d] [Qs]
Lorpugo: checks 
AlexiosXIII: checks 
*** SHOW DOWN ***
Lorpugo: shows [2s 3h] (a pair of Queens)
AlexiosXIII: shows [9c 6c] (a pair of Queens - Nine kicker)
AlexiosXIII collected $0.11 from pot
*** SUMMARY ***
Total pot $0.11 | Rake $0 
Board [5h Qh 4c 7d Qs]
Seat 1: AlexiosXIII showed [9c 6c] and won ($0.11) with a pair of Queens
Seat 2: pendo3 folded before Flop (didn't bet)
Seat 3: spiderman714 (button) folded before Flop (didn't bet)
Seat 4: Dead_ClauSS (small blind) folded before Flop
Seat 5: Lorpugo (big blind) showed [2s 3h] and lost with a pair of Queens
Seat 6: ZZano$$a folded before Flop (didn't bet)



PokerStars Hand #240757687477:  Hold'em No Limit ($0.01/$0.02 USD) - 2022/12/28 15:24:19 ET
Table 'Rosselia II' 6-max Seat #4 is the button
Seat 1: AlexiosXIII ($1.94 in chips) 
Seat 2: pendo3 ($3.51 in chips) 
Seat 3: spiderman714 ($3.57 in chips) 
Seat 4: Dead_ClauSS ($2 in chips) 
Seat 5: Lorpugo ($3.67 in chips) 
Seat 6: ZZano$$a ($1.83 in chips) 
Lorpugo: posts small blind $0.01
ZZano$$a: posts big blind $0.02
*** HOLE CARDS ***
Dealt to Lorpugo [3h Jh]
AlexiosXIII: calls $0.02
pendo3: folds 
spiderman714: calls $0.02
Dead_ClauSS: folds 
Lorpugo: folds 
ZZano$$a: checks 
*** FLOP *** [Kh 6c Jd]
ZZano$$a: checks 
AlexiosXIII: checks 
spiderman714: checks 
*** TURN *** [Kh 6c Jd] [6d]
ZZano$$a: bets $0.04
AlexiosXIII: calls $0.04
spiderman714: folds 
*** RIVER *** [Kh 6c Jd 6d] [Ks]
ZZano$$a: checks 
AlexiosXIII: checks 
*** SHOW DOWN ***
ZZano$$a: shows [Kd 4d] (a full house, Kings full of Sixes)
AlexiosXIII: mucks hand 
ZZano$$a collected $0.14 from pot
*** SUMMARY ***
Total pot $0.15 | Rake $0.01 
Board [Kh 6c Jd 6d Ks]
Seat 1: AlexiosXIII mucked [As Td]
Seat 2: pendo3 folded before Flop (didn't bet)
Seat 3: spiderman714 folded on the Turn
Seat 4: Dead_ClauSS (button) folded before Flop (didn't bet)
Seat 5: Lorpugo (small blind) folded before Flop
Seat 6: ZZano$$a (big blind) showed [Kd 4d] and won ($0.14) with a full house, Kings full of Sixes



PokerStars Hand #240757709759:  Hold'em No Limit ($0.01/$0.02 USD) - 2022/12/28 15:25:07 ET
Table 'Rosselia II' 6-max Seat #5 is the button
Seat 1: AlexiosXIII ($1.88 in chips) 
Seat 2: pendo3 ($3.51 in chips) 
Seat 3: spiderman714 ($3.55 in chips) 
Seat 4: Dead_ClauSS ($2 in chips) 
Seat 5: Lorpugo ($3.66 in chips) 
Seat 6: ZZano$$a ($1.91 in chips) 
ZZano$$a: posts small blind $0.01
AlexiosXIII: posts big blind $0.02
*** HOLE CARDS ***
Dealt to Lorpugo [9s 8c]
pendo3: folds 
spiderman714: folds 
Dead_ClauSS: folds 
Lorpugo: raises $0.04 to $0.06
ZZano$$a: folds 
AlexiosXIII: calls $0.04
*** FLOP *** [Ah 6d Js]
AlexiosXIII: checks 
Lorpugo: checks 
*** TURN *** [Ah 6d Js] [5s]
AlexiosXIII: checks 
Lorpugo: bets $0.09
AlexiosXIII: folds 
Uncalled bet ($0.09) returned to Lorpugo
Lorpugo collected $0.13 from pot
Lorpugo: doesn't show hand 
*** SUMMARY ***
Total pot $0.13 | Rake $0 
Board [Ah 6d Js 5s]
Seat 1: AlexiosXIII (big blind) folded on the Turn
Seat 2: pendo3 folded before Flop (didn't bet)
Seat 3: spiderman714 folded before Flop (didn't bet)
Seat 4: Dead_ClauSS folded before Flop (didn't bet)
Seat 5: Lorpugo (button) collected ($0.13)
Seat 6: ZZano$$a (small blind) folded before Flop



PokerStars Hand #240757725808:  Hold'em No Limit ($0.01/$0.02 USD) - 2022/12/28 15:25:41 ET
Table 'Rosselia II' 6-max Seat #6 is the button
Seat 1: AlexiosXIII ($1.82 in chips) 
Seat 2: pendo3 ($3.51 in chips) 
Seat 3: spiderman714 ($3.55 in chips) 
Seat 4: Dead_ClauSS ($2 in chips) 
Seat 5: Lorpugo ($3.73 in chips) 
Seat 6: ZZano$$a ($1.90 in chips) 
AlexiosXIII: posts small blind $0.01
pendo3: posts big blind $0.02
*** HOLE CARDS ***
Dealt to Lorpugo [Jh 9h]
spiderman714: raises $0.02 to $0.04
Dead_ClauSS: folds 
Lorpugo: calls $0.04
ZZano$$a: folds 
AlexiosXIII: calls $0.03
pendo3: raises $0.18 to $0.22
spiderman714: folds 
Lorpugo: folds 
AlexiosXIII: folds 
Uncalled bet ($0.18) returned to pendo3
pendo3 collected $0.16 from pot
pendo3: doesn't show hand 
*** SUMMARY ***
Total pot $0.16 | Rake $0 
Seat 1: AlexiosXIII (small blind) folded before Flop
Seat 2: pendo3 (big blind) collected ($0.16)
Seat 3: spiderman714 folded before Flop
Seat 4: Dead_ClauSS folded before Flop (didn't bet)
Seat 5: Lorpugo folded before Flop
Seat 6: ZZano$$a (button) folded before Flop (didn't bet)



