PokerStars Hand #240914885409:  Hold'em No Limit ($0.01/$0.02 USD) - 2023/01/04 16:51:56 ET
Table 'Ottilia II' 6-max Seat #1 is the button
Seat 1: Zoorroh ($4.46 in chips) 
Seat 2: Dansken107 ($0.49 in chips) 
Seat 3: Lorpugo ($1.60 in chips) 
Seat 4: GerPer00 ($2.94 in chips) 
Seat 5: simmo5050 ($2 in chips) 
Seat 6: Flipz99 ($1.39 in chips) 
Dansken107: posts small blind $0.01
Lorpugo: posts big blind $0.02
*** HOLE CARDS ***
Dealt to Lorpugo [Jd Tc]
GerPer00: folds 
simmo5050: folds 
Flipz99: folds 
Zoorroh: raises $0.03 to $0.05
Dansken107: folds 
Lorpugo: calls $0.03
*** FLOP *** [7c 8h 5s]
Lorpugo: checks 
Zoorroh: bets $0.06
Lorpugo: raises $0.12 to $0.18
Zoorroh: calls $0.12
*** TURN *** [7c 8h 5s] [Qc]
Lorpugo: bets $0.36
Zoorroh: calls $0.36
*** RIVER *** [7c 8h 5s Qc] [Kh]
Lorpugo: bets $1.01 and is all-in
Zoorroh: folds 
Uncalled bet ($1.01) returned to Lorpugo
Lorpugo collected $1.15 from pot
Lorpugo: doesn't show hand 
*** SUMMARY ***
Total pot $1.19 | Rake $0.04 
Board [7c 8h 5s Qc Kh]
Seat 1: Zoorroh (button) folded on the River
Seat 2: Dansken107 (small blind) folded before Flop
Seat 3: Lorpugo (big blind) collected ($1.15)
Seat 4: GerPer00 folded before Flop (didn't bet)
Seat 5: simmo5050 folded before Flop (didn't bet)
Seat 6: Flipz99 folded before Flop (didn't bet)



PokerStars Hand #240914929059:  Hold'em No Limit ($0.01/$0.02 USD) - 2023/01/04 16:53:30 ET
Table 'Ottilia II' 6-max Seat #2 is the button
Seat 1: Zoorroh ($3.87 in chips) 
Seat 2: Dansken107 ($0.48 in chips) 
Seat 3: Lorpugo ($2.16 in chips) 
Seat 4: GerPer00 ($2.94 in chips) 
Seat 5: simmo5050 ($2 in chips) 
Seat 6: Flipz99 ($1.39 in chips) 
Lorpugo: posts small blind $0.01
GerPer00: posts big blind $0.02
*** HOLE CARDS ***
Dealt to Lorpugo [5c 7h]
simmo5050: folds 
Flipz99: folds 
Zoorroh: folds 
Dansken107: raises $0.04 to $0.06
Lorpugo: folds 
GerPer00: folds 
Uncalled bet ($0.04) returned to Dansken107
Dansken107 collected $0.05 from pot
*** SUMMARY ***
Total pot $0.05 | Rake $0 
Seat 1: Zoorroh folded before Flop (didn't bet)
Seat 2: Dansken107 (button) collected ($0.05)
Seat 3: Lorpugo (small blind) folded before Flop
Seat 4: GerPer00 (big blind) folded before Flop
Seat 5: simmo5050 folded before Flop (didn't bet)
Seat 6: Flipz99 folded before Flop (didn't bet)



PokerStars Hand #240914937243:  Hold'em No Limit ($0.01/$0.02 USD) - 2023/01/04 16:53:48 ET
Table 'Ottilia II' 6-max Seat #3 is the button
Seat 1: Zoorroh ($3.87 in chips) 
Seat 2: Dansken107 ($0.51 in chips) 
Seat 3: Lorpugo ($2.15 in chips) 
Seat 4: GerPer00 ($2.92 in chips) 
Seat 5: simmo5050 ($2 in chips) 
Seat 6: Flipz99 ($1.39 in chips) 
GerPer00: posts small blind $0.01
simmo5050: posts big blind $0.02
*** HOLE CARDS ***
Dealt to Lorpugo [3d 3s]
Flipz99: folds 
Zoorroh: folds 
Dansken107: raises $0.04 to $0.06
Lorpugo: calls $0.06
GerPer00: folds 
simmo5050: calls $0.04
*** FLOP *** [6h 4d 4c]
simmo5050: checks 
Dansken107: checks 
Lorpugo: bets $0.18
simmo5050: folds 
Dansken107: folds 
Uncalled bet ($0.18) returned to Lorpugo
Lorpugo collected $0.18 from pot
Lorpugo: doesn't show hand 
*** SUMMARY ***
Total pot $0.19 | Rake $0.01 
Board [6h 4d 4c]
Seat 1: Zoorroh folded before Flop (didn't bet)
Seat 2: Dansken107 folded on the Flop
Seat 3: Lorpugo (button) collected ($0.18)
Seat 4: GerPer00 (small blind) folded before Flop
Seat 5: simmo5050 (big blind) folded on the Flop
Seat 6: Flipz99 folded before Flop (didn't bet)



PokerStars Hand #240914958818:  Hold'em No Limit ($0.01/$0.02 USD) - 2023/01/04 16:54:36 ET
Table 'Ottilia II' 6-max Seat #4 is the button
Seat 1: Zoorroh ($3.87 in chips) 
Seat 2: Dansken107 ($0.45 in chips) 
Seat 3: Lorpugo ($2.27 in chips) 
Seat 4: GerPer00 ($2.91 in chips) 
Seat 5: simmo5050 ($2 in chips) 
Seat 6: Flipz99 ($1.39 in chips) 
simmo5050: posts small blind $0.01
Flipz99: posts big blind $0.02
*** HOLE CARDS ***
Dealt to Lorpugo [8d 2s]
Zoorroh: folds 
Dansken107 has timed out
Dansken107: folds 
Lorpugo: folds 
GerPer00: folds 
simmo5050: calls $0.01
Flipz99: checks 
*** FLOP *** [4s Th 2c]
simmo5050: checks 
Flipz99: checks 
*** TURN *** [4s Th 2c] [8s]
simmo5050: checks 
Flipz99: checks 
*** RIVER *** [4s Th 2c 8s] [2d]
simmo5050: checks 
Flipz99: checks 
*** SHOW DOWN ***
simmo5050: shows [7c 7d] (two pair, Sevens and Deuces)
Flipz99: mucks hand 
simmo5050 collected $0.04 from pot
*** SUMMARY ***
Total pot $0.04 | Rake $0 
Board [4s Th 2c 8s 2d]
Seat 1: Zoorroh folded before Flop (didn't bet)
Seat 2: Dansken107 folded before Flop (didn't bet)
Seat 3: Lorpugo folded before Flop (didn't bet)
Seat 4: GerPer00 (button) folded before Flop (didn't bet)
Seat 5: simmo5050 (small blind) showed [7c 7d] and won ($0.04) with two pair, Sevens and Deuces
Seat 6: Flipz99 (big blind) mucked [Ac 5s]



PokerStars Hand #240914982245:  Hold'em No Limit ($0.01/$0.02 USD) - 2023/01/04 16:55:37 ET
Table 'Ottilia II' 6-max Seat #5 is the button
Seat 1: Zoorroh ($3.87 in chips) 
Seat 2: Dansken107 ($0.45 in chips) 
Seat 3: Lorpugo ($2.27 in chips) 
Seat 4: GerPer00 ($2.91 in chips) 
Seat 5: simmo5050 ($2.02 in chips) 
Seat 6: Flipz99 ($1.37 in chips) 
Flipz99: posts small blind $0.01
Zoorroh: posts big blind $0.02
*** HOLE CARDS ***
Dealt to Lorpugo [9s 6h]
Dansken107: folds 
Lorpugo: folds 
GerPer00: folds 
simmo5050: folds 
Flipz99: folds 
Uncalled bet ($0.01) returned to Zoorroh
Zoorroh collected $0.02 from pot
Zoorroh: doesn't show hand 
*** SUMMARY ***
Total pot $0.02 | Rake $0 
Seat 1: Zoorroh (big blind) collected ($0.02)
Seat 2: Dansken107 folded before Flop (didn't bet)
Seat 3: Lorpugo folded before Flop (didn't bet)
Seat 4: GerPer00 folded before Flop (didn't bet)
Seat 5: simmo5050 (button) folded before Flop (didn't bet)
Seat 6: Flipz99 (small blind) folded before Flop



PokerStars Hand #240914988698:  Hold'em No Limit ($0.01/$0.02 USD) - 2023/01/04 16:55:58 ET
Table 'Ottilia II' 6-max Seat #6 is the button
Seat 1: Zoorroh ($3.88 in chips) 
Seat 2: Dansken107 ($0.45 in chips) 
Seat 3: Lorpugo ($2.27 in chips) 
Seat 4: GerPer00 ($2.91 in chips) 
Seat 5: simmo5050 ($2.02 in chips) 
Seat 6: Flipz99 ($1.36 in chips) 
Zoorroh: posts small blind $0.01
Dansken107: posts big blind $0.02
*** HOLE CARDS ***
Dealt to Lorpugo [8h 6h]
Lorpugo: raises $0.02 to $0.04
GerPer00: calls $0.04
simmo5050: folds 
Flipz99: raises $0.16 to $0.20
Zoorroh: folds 
Dansken107: folds 
Lorpugo: folds 
GerPer00: folds 
Uncalled bet ($0.16) returned to Flipz99
Flipz99 collected $0.15 from pot
*** SUMMARY ***
Total pot $0.15 | Rake $0 
Seat 1: Zoorroh (small blind) folded before Flop
Seat 2: Dansken107 (big blind) folded before Flop
Seat 3: Lorpugo folded before Flop
Seat 4: GerPer00 folded before Flop
Seat 5: simmo5050 folded before Flop (didn't bet)
Seat 6: Flipz99 (button) collected ($0.15)



PokerStars Hand #240914999349:  Hold'em No Limit ($0.01/$0.02 USD) - 2023/01/04 16:56:31 ET
Table 'Ottilia II' 6-max Seat #1 is the button
Seat 1: Zoorroh ($3.87 in chips) 
Seat 2: Dansken107 ($0.43 in chips) 
Seat 3: Lorpugo ($2.23 in chips) 
Seat 4: GerPer00 ($2.87 in chips) 
Seat 5: simmo5050 ($2.02 in chips) 
Seat 6: Flipz99 ($1.47 in chips) 
Dansken107: posts small blind $0.01
Lorpugo: posts big blind $0.02
*** HOLE CARDS ***
Dealt to Lorpugo [Qc 7c]
GerPer00: folds 
simmo5050: folds 
Flipz99: folds 
Zoorroh: raises $0.03 to $0.05
Dansken107: folds 
Lorpugo: calls $0.03
*** FLOP *** [2s 2h 3d]
Lorpugo: bets $0.02
Zoorroh: calls $0.02
*** TURN *** [2s 2h 3d] [4s]
Lorpugo: bets $0.02
Zoorroh: calls $0.02
*** RIVER *** [2s 2h 3d 4s] [Js]
Lorpugo: bets $0.12
Zoorroh: folds 
Uncalled bet ($0.12) returned to Lorpugo
Lorpugo collected $0.18 from pot
Lorpugo: doesn't show hand 
*** SUMMARY ***
Total pot $0.19 | Rake $0.01 
Board [2s 2h 3d 4s Js]
Seat 1: Zoorroh (button) folded on the River
Seat 2: Dansken107 (small blind) folded before Flop
Seat 3: Lorpugo (big blind) collected ($0.18)
Seat 4: GerPer00 folded before Flop (didn't bet)
Seat 5: simmo5050 folded before Flop (didn't bet)
Seat 6: Flipz99 folded before Flop (didn't bet)



PokerStars Hand #240915020407:  Hold'em No Limit ($0.01/$0.02 USD) - 2023/01/04 16:57:36 ET
Table 'Ottilia II' 6-max Seat #2 is the button
Seat 1: Zoorroh ($3.78 in chips) 
Seat 2: Dansken107 ($0.42 in chips) 
Seat 3: Lorpugo ($2.32 in chips) 
Seat 4: GerPer00 ($2.87 in chips) 
Seat 5: simmo5050 ($2.02 in chips) 
Seat 6: Flipz99 ($1.47 in chips) 
Lorpugo: posts small blind $0.01
GerPer00: posts big blind $0.02
*** HOLE CARDS ***
Dealt to Lorpugo [4s 7c]
simmo5050: raises $0.04 to $0.06
Flipz99: folds 
Zoorroh: folds 
Dansken107: folds 
Lorpugo: folds 
GerPer00: folds 
Uncalled bet ($0.04) returned to simmo5050
simmo5050 collected $0.05 from pot
simmo5050: doesn't show hand 
*** SUMMARY ***
Total pot $0.05 | Rake $0 
Seat 1: Zoorroh folded before Flop (didn't bet)
Seat 2: Dansken107 (button) folded before Flop (didn't bet)
Seat 3: Lorpugo (small blind) folded before Flop
Seat 4: GerPer00 (big blind) folded before Flop
Seat 5: simmo5050 collected ($0.05)
Seat 6: Flipz99 folded before Flop (didn't bet)



PokerStars Hand #240915027502:  Hold'em No Limit ($0.01/$0.02 USD) - 2023/01/04 16:57:58 ET
Table 'Ottilia II' 6-max Seat #3 is the button
Seat 1: Zoorroh ($3.78 in chips) 
Seat 2: Dansken107 ($0.42 in chips) 
Seat 3: Lorpugo ($2.31 in chips) 
Seat 4: GerPer00 ($2.85 in chips) 
Seat 5: simmo5050 ($2.05 in chips) 
Seat 6: Flipz99 ($1.47 in chips) 
GerPer00: posts small blind $0.01
simmo5050: posts big blind $0.02
*** HOLE CARDS ***
Dealt to Lorpugo [3c 3d]
Flipz99: folds 
Zoorroh: folds 
Dansken107: folds 
Lorpugo: raises $0.02 to $0.04
GerPer00: folds 
simmo5050: folds 
Uncalled bet ($0.02) returned to Lorpugo
Dansken107 leaves the table
Lorpugo collected $0.05 from pot
Lorpugo: doesn't show hand 
*** SUMMARY ***
Total pot $0.05 | Rake $0 
Seat 1: Zoorroh folded before Flop (didn't bet)
Seat 2: Dansken107 folded before Flop (didn't bet)
Seat 3: Lorpugo (button) collected ($0.05)
Seat 4: GerPer00 (small blind) folded before Flop
Seat 5: simmo5050 (big blind) folded before Flop
Seat 6: Flipz99 folded before Flop (didn't bet)



PokerStars Hand #240915033453:  Hold'em No Limit ($0.01/$0.02 USD) - 2023/01/04 16:58:16 ET
Table 'Ottilia II' 6-max Seat #4 is the button
Seat 1: Zoorroh ($3.78 in chips) 
Seat 3: Lorpugo ($2.34 in chips) 
Seat 4: GerPer00 ($2.84 in chips) 
Seat 5: simmo5050 ($2.03 in chips) 
Seat 6: Flipz99 ($1.47 in chips) 
simmo5050: posts small blind $0.01
Flipz99: posts big blind $0.02
*** HOLE CARDS ***
Dealt to Lorpugo [As Qc]
Zoorroh: folds 
Lorpugo: raises $0.02 to $0.04
GerPer00: folds 
simmo5050: raises $0.16 to $0.20
Flipz99: folds 
Lorpugo: calls $0.16
*** FLOP *** [8c 9s 4h]
simmo5050: checks 
Lorpugo: checks 
*** TURN *** [8c 9s 4h] [8s]
simmo5050: checks 
Lorpugo: checks 
*** RIVER *** [8c 9s 4h 8s] [2d]
Puffjazz joins the table at seat #2 
simmo5050: checks 
Lorpugo: bets $0.36
simmo5050: folds 
Uncalled bet ($0.36) returned to Lorpugo
Lorpugo collected $0.41 from pot
Lorpugo: doesn't show hand 
*** SUMMARY ***
Total pot $0.42 | Rake $0.01 
Board [8c 9s 4h 8s 2d]
Seat 1: Zoorroh folded before Flop (didn't bet)
Seat 3: Lorpugo collected ($0.41)
Seat 4: GerPer00 (button) folded before Flop (didn't bet)
Seat 5: simmo5050 (small blind) folded on the River
Seat 6: Flipz99 (big blind) folded before Flop



PokerStars Hand #240915047762:  Hold'em No Limit ($0.01/$0.02 USD) - 2023/01/04 16:59:00 ET
Table 'Ottilia II' 6-max Seat #5 is the button
Seat 1: Zoorroh ($3.78 in chips) 
Seat 2: Puffjazz ($1.20 in chips) 
Seat 3: Lorpugo ($2.55 in chips) 
Seat 4: GerPer00 ($2.84 in chips) 
Seat 5: simmo5050 ($2 in chips) 
Seat 6: Flipz99 ($1.45 in chips) 
Flipz99: posts small blind $0.01
Zoorroh: posts big blind $0.02
Puffjazz: posts big blind $0.02
*** HOLE CARDS ***
Dealt to Lorpugo [2s Kc]
Puffjazz: checks 
Lorpugo: folds 
GerPer00: folds 
simmo5050: folds 
Flipz99: folds 
Zoorroh: checks 
*** FLOP *** [Qd 9h Ks]
Zoorroh: checks 
Puffjazz: checks 
*** TURN *** [Qd 9h Ks] [Ac]
Zoorroh: checks 
Puffjazz: checks 
*** RIVER *** [Qd 9h Ks Ac] [Qs]
Zoorroh: checks 
Puffjazz: checks 
*** SHOW DOWN ***
Zoorroh: shows [9d 8d] (two pair, Queens and Nines)
Puffjazz: mucks hand 
Zoorroh collected $0.05 from pot
*** SUMMARY ***
Total pot $0.05 | Rake $0 
Board [Qd 9h Ks Ac Qs]
Seat 1: Zoorroh (big blind) showed [9d 8d] and won ($0.05) with two pair, Queens and Nines
Seat 2: Puffjazz mucked [Jh 4s]
Seat 3: Lorpugo folded before Flop (didn't bet)
Seat 4: GerPer00 folded before Flop (didn't bet)
Seat 5: simmo5050 (button) folded before Flop (didn't bet)
Seat 6: Flipz99 (small blind) folded before Flop



PokerStars Hand #240915057033:  Hold'em No Limit ($0.01/$0.02 USD) - 2023/01/04 16:59:29 ET
Table 'Ottilia II' 6-max Seat #6 is the button
Seat 1: Zoorroh ($3.81 in chips) 
Seat 2: Puffjazz ($1.18 in chips) 
Seat 3: Lorpugo ($2.55 in chips) 
Seat 4: GerPer00 ($2.84 in chips) 
Seat 5: simmo5050 ($2 in chips) 
Seat 6: Flipz99 ($1.44 in chips) 
Zoorroh: posts small blind $0.01
Puffjazz: posts big blind $0.02
*** HOLE CARDS ***
Dealt to Lorpugo [Td Ah]
Lorpugo: raises $0.02 to $0.04
GerPer00: folds 
simmo5050: folds 
Flipz99: folds 
Zoorroh: folds 
Puffjazz: folds 
Uncalled bet ($0.02) returned to Lorpugo
Lorpugo collected $0.05 from pot
Lorpugo: doesn't show hand 
*** SUMMARY ***
Total pot $0.05 | Rake $0 
Seat 1: Zoorroh (small blind) folded before Flop
Seat 2: Puffjazz (big blind) folded before Flop
Seat 3: Lorpugo collected ($0.05)
Seat 4: GerPer00 folded before Flop (didn't bet)
Seat 5: simmo5050 folded before Flop (didn't bet)
Seat 6: Flipz99 (button) folded before Flop (didn't bet)



PokerStars Hand #240915062349:  Hold'em No Limit ($0.01/$0.02 USD) - 2023/01/04 16:59:45 ET
Table 'Ottilia II' 6-max Seat #1 is the button
Seat 1: Zoorroh ($3.80 in chips) 
Seat 2: Puffjazz ($1.16 in chips) 
Seat 3: Lorpugo ($2.58 in chips) 
Seat 4: GerPer00 ($2.84 in chips) 
Seat 5: simmo5050 ($2 in chips) 
Seat 6: Flipz99 ($1.44 in chips) 
Puffjazz: posts small blind $0.01
Lorpugo: posts big blind $0.02
*** HOLE CARDS ***
Dealt to Lorpugo [5d Jh]
GerPer00: folds 
simmo5050: raises $0.04 to $0.06
Flipz99: folds 
Zoorroh: calls $0.06
Puffjazz: folds 
Lorpugo: folds 
*** FLOP *** [3c Qh Qd]
simmo5050: bets $0.04
Zoorroh: raises $0.11 to $0.15
simmo5050: calls $0.11
*** TURN *** [3c Qh Qd] [7c]
simmo5050: bets $0.40
Zoorroh: folds 
Uncalled bet ($0.40) returned to simmo5050
simmo5050 collected $0.43 from pot
simmo5050: doesn't show hand 
*** SUMMARY ***
Total pot $0.45 | Rake $0.02 
Board [3c Qh Qd 7c]
Seat 1: Zoorroh (button) folded on the Turn
Seat 2: Puffjazz (small blind) folded before Flop
Seat 3: Lorpugo (big blind) folded before Flop
Seat 4: GerPer00 folded before Flop (didn't bet)
Seat 5: simmo5050 collected ($0.43)
Seat 6: Flipz99 folded before Flop (didn't bet)



PokerStars Hand #240915076320:  Hold'em No Limit ($0.01/$0.02 USD) - 2023/01/04 17:00:28 ET
Table 'Ottilia II' 6-max Seat #2 is the button
Seat 1: Zoorroh ($3.59 in chips) 
Seat 2: Puffjazz ($1.15 in chips) 
Seat 3: Lorpugo ($2.56 in chips) 
Seat 4: GerPer00 ($2.84 in chips) 
Seat 5: simmo5050 ($2.22 in chips) 
Seat 6: Flipz99 ($1.44 in chips) 
Lorpugo: posts small blind $0.01
GerPer00: posts big blind $0.02
*** HOLE CARDS ***
Dealt to Lorpugo [9h Ad]
simmo5050: folds 
Flipz99: folds 
Zoorroh: folds 
Puffjazz: folds 
Lorpugo: raises $0.04 to $0.06
GerPer00: calls $0.04
*** FLOP *** [6d 8d Kd]
Lorpugo: checks 
GerPer00: checks 
*** TURN *** [6d 8d Kd] [Jh]
Lorpugo: bets $0.08
GerPer00: calls $0.08
*** RIVER *** [6d 8d Kd Jh] [9d]
Lorpugo: bets $0.44
GerPer00: folds 
Uncalled bet ($0.44) returned to Lorpugo
Lorpugo collected $0.27 from pot
Lorpugo: doesn't show hand 
*** SUMMARY ***
Total pot $0.28 | Rake $0.01 
Board [6d 8d Kd Jh 9d]
Seat 1: Zoorroh folded before Flop (didn't bet)
Seat 2: Puffjazz (button) folded before Flop (didn't bet)
Seat 3: Lorpugo (small blind) collected ($0.27)
Seat 4: GerPer00 (big blind) folded on the River
Seat 5: simmo5050 folded before Flop (didn't bet)
Seat 6: Flipz99 folded before Flop (didn't bet)



PokerStars Hand #240915092862:  Hold'em No Limit ($0.01/$0.02 USD) - 2023/01/04 17:01:12 ET
Table 'Ottilia II' 6-max Seat #3 is the button
Seat 1: Zoorroh ($3.59 in chips) 
Seat 2: Puffjazz ($1.15 in chips) 
Seat 3: Lorpugo ($2.69 in chips) 
Seat 4: GerPer00 ($2.70 in chips) 
Seat 5: simmo5050 ($2.22 in chips) 
Seat 6: Flipz99 ($1.44 in chips) 
GerPer00: posts small blind $0.01
simmo5050: posts big blind $0.02
*** HOLE CARDS ***
Dealt to Lorpugo [7c Jd]
Flipz99: raises $0.03 to $0.05
Zoorroh: folds 
Puffjazz: folds 
Lorpugo: folds 
GerPer00: folds 
simmo5050: folds 
Uncalled bet ($0.03) returned to Flipz99
Flipz99 collected $0.05 from pot
*** SUMMARY ***
Total pot $0.05 | Rake $0 
Seat 1: Zoorroh folded before Flop (didn't bet)
Seat 2: Puffjazz folded before Flop (didn't bet)
Seat 3: Lorpugo (button) folded before Flop (didn't bet)
Seat 4: GerPer00 (small blind) folded before Flop
Seat 5: simmo5050 (big blind) folded before Flop
Seat 6: Flipz99 collected ($0.05)



PokerStars Hand #240915101778:  Hold'em No Limit ($0.01/$0.02 USD) - 2023/01/04 17:01:34 ET
Table 'Ottilia II' 6-max Seat #4 is the button
Seat 1: Zoorroh ($3.59 in chips) 
Seat 2: Puffjazz ($1.15 in chips) 
Seat 3: Lorpugo ($2.69 in chips) 
Seat 4: GerPer00 ($2.69 in chips) 
Seat 5: simmo5050 ($2.20 in chips) 
Seat 6: Flipz99 ($1.47 in chips) 
simmo5050: posts small blind $0.01
Flipz99: posts big blind $0.02
*** HOLE CARDS ***
Dealt to Lorpugo [9d 8c]
Zoorroh: folds 
Puffjazz: folds 
Lorpugo: raises $0.02 to $0.04
GerPer00: folds 
simmo5050: folds 
Flipz99: folds 
Uncalled bet ($0.02) returned to Lorpugo
Lorpugo collected $0.05 from pot
Lorpugo: doesn't show hand 
*** SUMMARY ***
Total pot $0.05 | Rake $0 
Seat 1: Zoorroh folded before Flop (didn't bet)
Seat 2: Puffjazz folded before Flop (didn't bet)
Seat 3: Lorpugo collected ($0.05)
Seat 4: GerPer00 (button) folded before Flop (didn't bet)
Seat 5: simmo5050 (small blind) folded before Flop
Seat 6: Flipz99 (big blind) folded before Flop



PokerStars Hand #240915108321:  Hold'em No Limit ($0.01/$0.02 USD) - 2023/01/04 17:01:49 ET
Table 'Ottilia II' 6-max Seat #5 is the button
Seat 1: Zoorroh ($3.59 in chips) 
Seat 2: Puffjazz ($1.15 in chips) 
Seat 3: Lorpugo ($2.72 in chips) 
Seat 4: GerPer00 ($2.69 in chips) 
Seat 5: simmo5050 ($2.19 in chips) 
Seat 6: Flipz99 ($1.45 in chips) 
Flipz99: posts small blind $0.01
Zoorroh: posts big blind $0.02
*** HOLE CARDS ***
Dealt to Lorpugo [3d Kc]
Puffjazz: folds 
Lorpugo: folds 
GerPer00: folds 
simmo5050: folds 
Flipz99: raises $0.04 to $0.06
Zoorroh: calls $0.04
*** FLOP *** [5h 9d Js]
Flipz99: checks 
Zoorroh: bets $0.06
Flipz99: calls $0.06
*** TURN *** [5h 9d Js] [9h]
Flipz99: checks 
Zoorroh: checks 
*** RIVER *** [5h 9d Js 9h] [6c]
Flipz99: checks 
Zoorroh: checks 
*** SHOW DOWN ***
Flipz99: shows [Ah Kd] (a pair of Nines)
Zoorroh: shows [Qs 5s] (two pair, Nines and Fives)
Zoorroh collected $0.23 from pot
*** SUMMARY ***
Total pot $0.24 | Rake $0.01 
Board [5h 9d Js 9h 6c]
Seat 1: Zoorroh (big blind) showed [Qs 5s] and won ($0.23) with two pair, Nines and Fives
Seat 2: Puffjazz folded before Flop (didn't bet)
Seat 3: Lorpugo folded before Flop (didn't bet)
Seat 4: GerPer00 folded before Flop (didn't bet)
Seat 5: simmo5050 (button) folded before Flop (didn't bet)
Seat 6: Flipz99 (small blind) showed [Ah Kd] and lost with a pair of Nines



PokerStars Hand #240915128859:  Hold'em No Limit ($0.01/$0.02 USD) - 2023/01/04 17:02:34 ET
Table 'Ottilia II' 6-max Seat #6 is the button
Seat 1: Zoorroh ($3.70 in chips) 
Seat 2: Puffjazz ($1.15 in chips) 
Seat 3: Lorpugo ($2.72 in chips) 
Seat 4: GerPer00 ($2.69 in chips) 
Seat 5: simmo5050 ($2.19 in chips) 
Seat 6: Flipz99 ($1.33 in chips) 
Zoorroh: posts small blind $0.01
Puffjazz: posts big blind $0.02
*** HOLE CARDS ***
Dealt to Lorpugo [Ts 6d]
Lorpugo: folds 
GerPer00: folds 
simmo5050: folds 
Flipz99: folds 
Zoorroh: raises $0.04 to $0.06
Puffjazz: folds 
Uncalled bet ($0.04) returned to Zoorroh
Zoorroh collected $0.04 from pot
Zoorroh: doesn't show hand 
*** SUMMARY ***
Total pot $0.04 | Rake $0 
Seat 1: Zoorroh (small blind) collected ($0.04)
Seat 2: Puffjazz (big blind) folded before Flop
Seat 3: Lorpugo folded before Flop (didn't bet)
Seat 4: GerPer00 folded before Flop (didn't bet)
Seat 5: simmo5050 folded before Flop (didn't bet)
Seat 6: Flipz99 (button) folded before Flop (didn't bet)



PokerStars Hand #240915133808:  Hold'em No Limit ($0.01/$0.02 USD) - 2023/01/04 17:02:45 ET
Table 'Ottilia II' 6-max Seat #1 is the button
Seat 1: Zoorroh ($3.72 in chips) 
Seat 2: Puffjazz ($1.13 in chips) 
Seat 3: Lorpugo ($2.72 in chips) 
Seat 4: GerPer00 ($2.69 in chips) 
Seat 5: simmo5050 ($2.19 in chips) 
Seat 6: Flipz99 ($1.33 in chips) 
Puffjazz: posts small blind $0.01
Lorpugo: posts big blind $0.02
*** HOLE CARDS ***
Dealt to Lorpugo [3d Jc]
GerPer00: folds 
simmo5050: folds 
Flipz99: folds 
Zoorroh: raises $0.03 to $0.05
Puffjazz: calls $0.04
Lorpugo: folds 
*** FLOP *** [9s 6c Kc]
Puffjazz: bets $0.06
Zoorroh: calls $0.06
*** TURN *** [9s 6c Kc] [Ts]
Puffjazz: checks 
Zoorroh: checks 
*** RIVER *** [9s 6c Kc Ts] [9c]
Puffjazz: bets $0.12
Zoorroh: calls $0.12
*** SHOW DOWN ***
Puffjazz: shows [6s Ah] (two pair, Nines and Sixes)
Zoorroh: shows [Jd 9h] (three of a kind, Nines)
Zoorroh collected $0.46 from pot
*** SUMMARY ***
Total pot $0.48 | Rake $0.02 
Board [9s 6c Kc Ts 9c]
Seat 1: Zoorroh (button) showed [Jd 9h] and won ($0.46) with three of a kind, Nines
Seat 2: Puffjazz (small blind) showed [6s Ah] and lost with two pair, Nines and Sixes
Seat 3: Lorpugo (big blind) folded before Flop
Seat 4: GerPer00 folded before Flop (didn't bet)
Seat 5: simmo5050 folded before Flop (didn't bet)
Seat 6: Flipz99 folded before Flop (didn't bet)



PokerStars Hand #240915155662:  Hold'em No Limit ($0.01/$0.02 USD) - 2023/01/04 17:03:33 ET
Table 'Ottilia II' 6-max Seat #2 is the button
Seat 1: Zoorroh ($3.95 in chips) 
Seat 2: Puffjazz ($0.90 in chips) 
Seat 3: Lorpugo ($2.70 in chips) 
Seat 4: GerPer00 ($2.69 in chips) 
Seat 5: simmo5050 ($2.19 in chips) 
Seat 6: Flipz99 ($1.33 in chips) 
Lorpugo: posts small blind $0.01
GerPer00: posts big blind $0.02
*** HOLE CARDS ***
Dealt to Lorpugo [9c 3c]
simmo5050: folds 
Flipz99: folds 
Zoorroh: folds 
Puffjazz: folds 
Lorpugo: raises $0.03 to $0.05
GerPer00: folds 
Uncalled bet ($0.03) returned to Lorpugo
Lorpugo collected $0.04 from pot
Lorpugo: doesn't show hand 
*** SUMMARY ***
Total pot $0.04 | Rake $0 
Seat 1: Zoorroh folded before Flop (didn't bet)
Seat 2: Puffjazz (button) folded before Flop (didn't bet)
Seat 3: Lorpugo (small blind) collected ($0.04)
Seat 4: GerPer00 (big blind) folded before Flop
Seat 5: simmo5050 folded before Flop (didn't bet)
Seat 6: Flipz99 folded before Flop (didn't bet)



PokerStars Hand #240915166668:  Hold'em No Limit ($0.01/$0.02 USD) - 2023/01/04 17:03:56 ET
Table 'Ottilia II' 6-max Seat #3 is the button
Seat 1: Zoorroh ($3.95 in chips) 
Seat 2: Puffjazz ($0.90 in chips) 
Seat 3: Lorpugo ($2.72 in chips) 
Seat 4: GerPer00 ($2.67 in chips) 
Seat 5: simmo5050 ($2.19 in chips) 
Seat 6: Flipz99 ($1.33 in chips) 
GerPer00: posts small blind $0.01
simmo5050: posts big blind $0.02
*** HOLE CARDS ***
Dealt to Lorpugo [6s 3d]
Flipz99: folds 
Zoorroh: raises $0.04 to $0.06
Puffjazz: folds 
Lorpugo: folds 
GerPer00: folds 
simmo5050: folds 
Uncalled bet ($0.04) returned to Zoorroh
Zoorroh collected $0.05 from pot
Zoorroh: doesn't show hand 
*** SUMMARY ***
Total pot $0.05 | Rake $0 
Seat 1: Zoorroh collected ($0.05)
Seat 2: Puffjazz folded before Flop (didn't bet)
Seat 3: Lorpugo (button) folded before Flop (didn't bet)
Seat 4: GerPer00 (small blind) folded before Flop
Seat 5: simmo5050 (big blind) folded before Flop
Seat 6: Flipz99 folded before Flop (didn't bet)



PokerStars Hand #240915176595:  Hold'em No Limit ($0.01/$0.02 USD) - 2023/01/04 17:04:18 ET
Table 'Ottilia II' 6-max Seat #4 is the button
Seat 1: Zoorroh ($3.98 in chips) 
Seat 2: Puffjazz ($0.90 in chips) 
Seat 3: Lorpugo ($2.72 in chips) 
Seat 4: GerPer00 ($2.66 in chips) 
Seat 5: simmo5050 ($2.17 in chips) 
Seat 6: Flipz99 ($1.33 in chips) 
simmo5050: posts small blind $0.01
Flipz99: posts big blind $0.02
*** HOLE CARDS ***
Dealt to Lorpugo [8s Ah]
Zoorroh: folds 
Puffjazz: folds 
Lorpugo: raises $0.02 to $0.04
GerPer00: folds 
simmo5050: folds 
Flipz99: folds 
Uncalled bet ($0.02) returned to Lorpugo
Lorpugo collected $0.05 from pot
Lorpugo: doesn't show hand 
*** SUMMARY ***
Total pot $0.05 | Rake $0 
Seat 1: Zoorroh folded before Flop (didn't bet)
Seat 2: Puffjazz folded before Flop (didn't bet)
Seat 3: Lorpugo collected ($0.05)
Seat 4: GerPer00 (button) folded before Flop (didn't bet)
Seat 5: simmo5050 (small blind) folded before Flop
Seat 6: Flipz99 (big blind) folded before Flop



PokerStars Hand #240915184170:  Hold'em No Limit ($0.01/$0.02 USD) - 2023/01/04 17:04:34 ET
Table 'Ottilia II' 6-max Seat #5 is the button
Seat 1: Zoorroh ($3.98 in chips) 
Seat 2: Puffjazz ($0.90 in chips) 
Seat 3: Lorpugo ($2.75 in chips) 
Seat 4: GerPer00 ($2.66 in chips) 
Seat 5: simmo5050 ($2.16 in chips) 
Seat 6: Flipz99 ($1.31 in chips) 
Flipz99: posts small blind $0.01
Zoorroh: posts big blind $0.02
*** HOLE CARDS ***
Dealt to Lorpugo [Kd 6c]
Puffjazz: calls $0.02
Lorpugo: folds 
GerPer00: raises $0.06 to $0.08
simmo5050: folds 
Flipz99: folds 
Zoorroh: folds 
Puffjazz: calls $0.06
*** FLOP *** [Ks 9s Js]
Puffjazz: checks 
GerPer00: checks 
*** TURN *** [Ks 9s Js] [3c]
Puffjazz: checks 
GerPer00: checks 
*** RIVER *** [Ks 9s Js 3c] [4h]
Puffjazz: checks 
GerPer00: checks 
*** SHOW DOWN ***
Puffjazz: shows [Ac 7s] (high card Ace)
GerPer00: shows [2d 2s] (a pair of Deuces)
GerPer00 collected $0.18 from pot
*** SUMMARY ***
Total pot $0.19 | Rake $0.01 
Board [Ks 9s Js 3c 4h]
Seat 1: Zoorroh (big blind) folded before Flop
Seat 2: Puffjazz showed [Ac 7s] and lost with high card Ace
Seat 3: Lorpugo folded before Flop (didn't bet)
Seat 4: GerPer00 showed [2d 2s] and won ($0.18) with a pair of Deuces
Seat 5: simmo5050 (button) folded before Flop (didn't bet)
Seat 6: Flipz99 (small blind) folded before Flop



PokerStars Hand #240915204943:  Hold'em No Limit ($0.01/$0.02 USD) - 2023/01/04 17:05:19 ET
Table 'Ottilia II' 6-max Seat #6 is the button
Seat 1: Zoorroh ($3.96 in chips) 
Seat 2: Puffjazz ($0.82 in chips) 
Seat 3: Lorpugo ($2.75 in chips) 
Seat 4: GerPer00 ($2.76 in chips) 
Seat 5: simmo5050 ($2.16 in chips) 
Seat 6: Flipz99 ($1.30 in chips) 
Zoorroh: posts small blind $0.01
Puffjazz: posts big blind $0.02
*** HOLE CARDS ***
Dealt to Lorpugo [4d 9h]
Lorpugo: folds 
GerPer00: folds 
simmo5050: folds 
Flipz99: raises $0.03 to $0.05
Zoorroh: folds 
Puffjazz: folds 
Uncalled bet ($0.03) returned to Flipz99
Flipz99 collected $0.05 from pot
*** SUMMARY ***
Total pot $0.05 | Rake $0 
Seat 1: Zoorroh (small blind) folded before Flop
Seat 2: Puffjazz (big blind) folded before Flop
Seat 3: Lorpugo folded before Flop (didn't bet)
Seat 4: GerPer00 folded before Flop (didn't bet)
Seat 5: simmo5050 folded before Flop (didn't bet)
Seat 6: Flipz99 (button) collected ($0.05)



PokerStars Hand #240915210798:  Hold'em No Limit ($0.01/$0.02 USD) - 2023/01/04 17:05:32 ET
Table 'Ottilia II' 6-max Seat #1 is the button
Seat 1: Zoorroh ($3.95 in chips) 
Seat 2: Puffjazz ($0.80 in chips) 
Seat 3: Lorpugo ($2.75 in chips) 
Seat 4: GerPer00 ($2.76 in chips) 
Seat 5: simmo5050 ($2.16 in chips) 
Seat 6: Flipz99 ($1.33 in chips) 
Puffjazz: posts small blind $0.01
Lorpugo: posts big blind $0.02
*** HOLE CARDS ***
Dealt to Lorpugo [9d 8d]
GerPer00: folds 
simmo5050: folds 
Flipz99: folds 
Zoorroh: raises $0.03 to $0.05
Puffjazz: raises $0.03 to $0.08
Lorpugo: calls $0.06
Zoorroh: calls $0.03
*** FLOP *** [5s 9h 3h]
Puffjazz: checks 
Lorpugo: bets $0.32
Zoorroh: folds 
Puffjazz: folds 
Uncalled bet ($0.32) returned to Lorpugo
Lorpugo collected $0.23 from pot
Lorpugo: doesn't show hand 
*** SUMMARY ***
Total pot $0.24 | Rake $0.01 
Board [5s 9h 3h]
Seat 1: Zoorroh (button) folded on the Flop
Seat 2: Puffjazz (small blind) folded on the Flop
Seat 3: Lorpugo (big blind) collected ($0.23)
Seat 4: GerPer00 folded before Flop (didn't bet)
Seat 5: simmo5050 folded before Flop (didn't bet)
Seat 6: Flipz99 folded before Flop (didn't bet)



PokerStars Hand #240915240650:  Hold'em No Limit ($0.01/$0.02 USD) - 2023/01/04 17:06:36 ET
Table 'Ottilia II' 6-max Seat #2 is the button
Seat 1: Zoorroh ($3.87 in chips) 
Seat 2: Puffjazz ($0.72 in chips) 
Seat 3: Lorpugo ($2.90 in chips) 
Seat 4: GerPer00 ($2.76 in chips) 
Seat 5: simmo5050 ($2.16 in chips) 
Seat 6: Flipz99 ($1.33 in chips) 
Lorpugo: posts small blind $0.01
GerPer00: posts big blind $0.02
*** HOLE CARDS ***
Dealt to Lorpugo [Th 4d]
simmo5050: folds 
Flipz99: folds 
Zoorroh: raises $0.04 to $0.06
Puffjazz: calls $0.06
Lorpugo: folds 
GerPer00: folds 
*** FLOP *** [4s Qs 7s]
Zoorroh: bets $0.07
Puffjazz: folds 
Uncalled bet ($0.07) returned to Zoorroh
Zoorroh collected $0.14 from pot
Zoorroh: doesn't show hand 
*** SUMMARY ***
Total pot $0.15 | Rake $0.01 
Board [4s Qs 7s]
Seat 1: Zoorroh collected ($0.14)
Seat 2: Puffjazz (button) folded on the Flop
Seat 3: Lorpugo (small blind) folded before Flop
Seat 4: GerPer00 (big blind) folded before Flop
Seat 5: simmo5050 folded before Flop (didn't bet)
Seat 6: Flipz99 folded before Flop (didn't bet)



PokerStars Hand #240915254355:  Hold'em No Limit ($0.01/$0.02 USD) - 2023/01/04 17:07:06 ET
Table 'Ottilia II' 6-max Seat #3 is the button
Seat 1: Zoorroh ($3.95 in chips) 
Seat 2: Puffjazz ($0.66 in chips) 
Seat 3: Lorpugo ($2.89 in chips) 
Seat 4: GerPer00 ($2.74 in chips) 
Seat 5: simmo5050 ($2.16 in chips) 
Seat 6: Flipz99 ($1.33 in chips) 
GerPer00: posts small blind $0.01
simmo5050: posts big blind $0.02
*** HOLE CARDS ***
Dealt to Lorpugo [7s Ks]
Flipz99: folds 
Zoorroh: folds 
Flipz99 leaves the table
Puffjazz: calls $0.02
Lorpugo: raises $0.12 to $0.14
GerPer00: folds 
simmo5050: folds 
Puffjazz: folds 
Uncalled bet ($0.12) returned to Lorpugo
Lorpugo collected $0.07 from pot
Lorpugo: doesn't show hand 
*** SUMMARY ***
Total pot $0.07 | Rake $0 
Seat 1: Zoorroh folded before Flop (didn't bet)
Seat 2: Puffjazz folded before Flop
Seat 3: Lorpugo (button) collected ($0.07)
Seat 4: GerPer00 (small blind) folded before Flop
Seat 5: simmo5050 (big blind) folded before Flop
Seat 6: Flipz99 folded before Flop (didn't bet)



PokerStars Hand #240915263091:  Hold'em No Limit ($0.01/$0.02 USD) - 2023/01/04 17:07:25 ET
Table 'Ottilia II' 6-max Seat #4 is the button
Seat 1: Zoorroh ($3.95 in chips) 
Seat 2: Puffjazz ($0.64 in chips) 
Seat 3: Lorpugo ($2.94 in chips) 
Seat 4: GerPer00 ($2.73 in chips) 
Seat 5: simmo5050 ($2.14 in chips) 
simmo5050: posts small blind $0.01
Zoorroh: posts big blind $0.02
*** HOLE CARDS ***
Dealt to Lorpugo [7h Kc]
Montamha joins the table at seat #6 
Montamha leaves the table
Puffjazz has timed out
Puffjazz: folds 
Lorpugo: folds 
GerPer00: raises $0.03 to $0.05
simmo5050: folds 
Zoorroh: folds 
Uncalled bet ($0.03) returned to GerPer00
GerPer00 collected $0.05 from pot
GerPer00: doesn't show hand 
*** SUMMARY ***
Total pot $0.05 | Rake $0 
Seat 1: Zoorroh (big blind) folded before Flop
Seat 2: Puffjazz folded before Flop (didn't bet)
Seat 3: Lorpugo folded before Flop (didn't bet)
Seat 4: GerPer00 (button) collected ($0.05)
Seat 5: simmo5050 (small blind) folded before Flop



PokerStars Hand #240915272584:  Hold'em No Limit ($0.01/$0.02 USD) - 2023/01/04 17:07:46 ET
Table 'Ottilia II' 6-max Seat #5 is the button
Seat 1: Zoorroh ($3.93 in chips) 
Seat 3: Lorpugo ($2.94 in chips) 
Seat 4: GerPer00 ($2.76 in chips) 
Seat 5: simmo5050 ($2.13 in chips) 
Zoorroh: posts small blind $0.01
Lorpugo: posts big blind $0.02
*** HOLE CARDS ***
Dealt to Lorpugo [Qs 5h]
GerPer00: folds 
simmo5050: raises $0.04 to $0.06
Zoorroh: calls $0.05
Lorpugo: folds 
*** FLOP *** [9h 2d Th]
Zoorroh: checks 
simmo5050: bets $0.04
Zoorroh: raises $0.14 to $0.18
simmo5050: calls $0.14
*** TURN *** [9h 2d Th] [Kc]
Zoorroh: checks 
simmo5050: checks 
*** RIVER *** [9h 2d Th Kc] [2h]
edmilsonkgt joins the table at seat #6 
Zoorroh: checks 
simmo5050: checks 
*** SHOW DOWN ***
Zoorroh: shows [Ah Ts] (two pair, Tens and Deuces)
simmo5050: shows [Qc Kd] (two pair, Kings and Deuces)
simmo5050 collected $0.48 from pot
*** SUMMARY ***
Total pot $0.50 | Rake $0.02 
Board [9h 2d Th Kc 2h]
Seat 1: Zoorroh (small blind) showed [Ah Ts] and lost with two pair, Tens and Deuces
Seat 3: Lorpugo (big blind) folded before Flop
Seat 4: GerPer00 folded before Flop (didn't bet)
Seat 5: simmo5050 (button) showed [Qc Kd] and won ($0.48) with two pair, Kings and Deuces



PokerStars Hand #240915293183:  Hold'em No Limit ($0.01/$0.02 USD) - 2023/01/04 17:08:31 ET
Table 'Ottilia II' 6-max Seat #1 is the button
Seat 1: Zoorroh ($3.69 in chips) 
Seat 3: Lorpugo ($2.92 in chips) 
Seat 4: GerPer00 ($2.76 in chips) 
Seat 5: simmo5050 ($2.37 in chips) 
Lorpugo: posts small blind $0.01
GerPer00: posts big blind $0.02
*** HOLE CARDS ***
Dealt to Lorpugo [4d 8c]
simmo5050: folds 
Zoorroh: folds 
Lorpugo: folds 
Uncalled bet ($0.01) returned to GerPer00
GerPer00 collected $0.02 from pot
GerPer00: doesn't show hand 
*** SUMMARY ***
Total pot $0.02 | Rake $0 
Seat 1: Zoorroh (button) folded before Flop (didn't bet)
Seat 3: Lorpugo (small blind) folded before Flop
Seat 4: GerPer00 (big blind) collected ($0.02)
Seat 5: simmo5050 folded before Flop (didn't bet)



PokerStars Hand #240915296996:  Hold'em No Limit ($0.01/$0.02 USD) - 2023/01/04 17:08:39 ET
Table 'Ottilia II' 6-max Seat #3 is the button
Seat 1: Zoorroh ($3.69 in chips) 
Seat 2: Puffjazz ($0.64 in chips) 
Seat 3: Lorpugo ($2.91 in chips) 
Seat 4: GerPer00 ($2.77 in chips) 
Seat 5: simmo5050 ($2.37 in chips) 
GerPer00: posts small blind $0.01
simmo5050: posts big blind $0.02
Puffjazz: posts small & big blinds $0.03
*** HOLE CARDS ***
Dealt to Lorpugo [2d 8c]
Zoorroh: folds 
Puffjazz: raises $0.02 to $0.04
Lorpugo: folds 
GerPer00: folds 
simmo5050: raises $0.14 to $0.18
Puffjazz: folds 
Uncalled bet ($0.14) returned to simmo5050
simmo5050 collected $0.10 from pot
simmo5050: doesn't show hand 
*** SUMMARY ***
Total pot $0.10 | Rake $0 
Seat 1: Zoorroh folded before Flop (didn't bet)
Seat 2: Puffjazz folded before Flop
Seat 3: Lorpugo (button) folded before Flop (didn't bet)
Seat 4: GerPer00 (small blind) folded before Flop
Seat 5: simmo5050 (big blind) collected ($0.10)



PokerStars Hand #240915308633:  Hold'em No Limit ($0.01/$0.02 USD) - 2023/01/04 17:09:04 ET
Table 'Ottilia II' 6-max Seat #4 is the button
Seat 1: Zoorroh ($3.69 in chips) 
Seat 2: Puffjazz ($0.59 in chips) 
Seat 3: Lorpugo ($2.91 in chips) 
Seat 4: GerPer00 ($2.76 in chips) 
Seat 5: simmo5050 ($2.43 in chips) 
Seat 6: edmilsonkgt ($0.80 in chips) 
simmo5050: posts small blind $0.01
edmilsonkgt: posts big blind $0.02
*** HOLE CARDS ***
Dealt to Lorpugo [Qh 6d]
Zoorroh: raises $0.04 to $0.06
Puffjazz: folds 
Lorpugo: folds 
GerPer00: folds 
simmo5050: folds 
edmilsonkgt has timed out
edmilsonkgt: folds 
Uncalled bet ($0.04) returned to Zoorroh
Zoorroh collected $0.05 from pot
Zoorroh: doesn't show hand 
*** SUMMARY ***
Total pot $0.05 | Rake $0 
Seat 1: Zoorroh collected ($0.05)
Seat 2: Puffjazz folded before Flop (didn't bet)
Seat 3: Lorpugo folded before Flop (didn't bet)
Seat 4: GerPer00 (button) folded before Flop (didn't bet)
Seat 5: simmo5050 (small blind) folded before Flop
Seat 6: edmilsonkgt (big blind) folded before Flop



PokerStars Hand #240915328986:  Hold'em No Limit ($0.01/$0.02 USD) - 2023/01/04 17:09:49 ET
Table 'Ottilia II' 6-max Seat #5 is the button
Seat 1: Zoorroh ($3.72 in chips) 
Seat 2: Puffjazz ($0.59 in chips) 
Seat 3: Lorpugo ($2.91 in chips) 
Seat 4: GerPer00 ($2.76 in chips) 
Seat 5: simmo5050 ($2.42 in chips) 
Zoorroh: posts small blind $0.01
Puffjazz: posts big blind $0.02
*** HOLE CARDS ***
Dealt to Lorpugo [6d 8s]
Lorpugo: folds 
GerPer00: folds 
simmo5050: raises $0.04 to $0.06
Zoorroh: raises $0.14 to $0.20
Puffjazz: folds 
simmo5050: folds 
Uncalled bet ($0.14) returned to Zoorroh
Zoorroh collected $0.14 from pot
Zoorroh: doesn't show hand 
*** SUMMARY ***
Total pot $0.14 | Rake $0 
Seat 1: Zoorroh (small blind) collected ($0.14)
Seat 2: Puffjazz (big blind) folded before Flop
Seat 3: Lorpugo folded before Flop (didn't bet)
Seat 4: GerPer00 folded before Flop (didn't bet)
Seat 5: simmo5050 (button) folded before Flop



PokerStars Hand #240915336605:  Hold'em No Limit ($0.01/$0.02 USD) - 2023/01/04 17:10:05 ET
Table 'Ottilia II' 6-max Seat #1 is the button
Seat 1: Zoorroh ($3.80 in chips) 
Seat 2: Puffjazz ($0.57 in chips) 
Seat 3: Lorpugo ($2.91 in chips) 
Seat 4: GerPer00 ($2.76 in chips) 
Seat 5: simmo5050 ($2.36 in chips) 
Puffjazz: posts small blind $0.01
Lorpugo: posts big blind $0.02
*** HOLE CARDS ***
Dealt to Lorpugo [As 8s]
GerPer00: folds 
simmo5050: folds 
Zoorroh: raises $0.03 to $0.05
Puffjazz: folds 
Lorpugo: raises $0.03 to $0.08
Zoorroh: calls $0.03
*** FLOP *** [Ts Ks 9c]
Lorpugo: checks 
Zoorroh: bets $0.05
Lorpugo: raises $0.09 to $0.14
Zoorroh: calls $0.09
*** TURN *** [Ts Ks 9c] [3h]
Lorpugo: checks 
Zoorroh: bets $0.14
Lorpugo: calls $0.14
*** RIVER *** [Ts Ks 9c 3h] [8d]
Lorpugo: checks 
Zoorroh: bets $0.48
Lorpugo: folds 
Uncalled bet ($0.48) returned to Zoorroh
Zoorroh collected $0.70 from pot
Zoorroh: doesn't show hand 
*** SUMMARY ***
Total pot $0.73 | Rake $0.03 
Board [Ts Ks 9c 3h 8d]
Seat 1: Zoorroh (button) collected ($0.70)
Seat 2: Puffjazz (small blind) folded before Flop
Seat 3: Lorpugo (big blind) folded on the River
Seat 4: GerPer00 folded before Flop (didn't bet)
Seat 5: simmo5050 folded before Flop (didn't bet)



PokerStars Hand #240915374613:  Hold'em No Limit ($0.01/$0.02 USD) - 2023/01/04 17:11:29 ET
Table 'Ottilia II' 6-max Seat #2 is the button
Seat 1: Zoorroh ($4.14 in chips) 
Seat 2: Puffjazz ($0.56 in chips) 
Seat 3: Lorpugo ($2.55 in chips) 
Seat 4: GerPer00 ($2.76 in chips) 
Seat 5: simmo5050 ($2.36 in chips) 
Lorpugo: posts small blind $0.01
GerPer00: posts big blind $0.02
*** HOLE CARDS ***
Dealt to Lorpugo [2d 7s]
simmo5050: folds 
Zoorroh: folds 
Puffjazz: calls $0.02
Lorpugo: folds 
GerPer00: checks 
*** FLOP *** [3c Qd Jc]
GerPer00: checks 
Puffjazz: checks 
*** TURN *** [3c Qd Jc] [Kc]
GerPer00: checks 
Puffjazz: checks 
*** RIVER *** [3c Qd Jc Kc] [Ah]
GerPer00: bets $0.04
Puffjazz: raises $0.04 to $0.08
GerPer00: calls $0.04
*** SHOW DOWN ***
Puffjazz: shows [As 9d] (a pair of Aces)
GerPer00: shows [Th 8s] (a straight, Ten to Ace)
GerPer00 collected $0.20 from pot
*** SUMMARY ***
Total pot $0.21 | Rake $0.01 
Board [3c Qd Jc Kc Ah]
Seat 1: Zoorroh folded before Flop (didn't bet)
Seat 2: Puffjazz (button) showed [As 9d] and lost with a pair of Aces
Seat 3: Lorpugo (small blind) folded before Flop
Seat 4: GerPer00 (big blind) showed [Th 8s] and won ($0.20) with a straight, Ten to Ace
Seat 5: simmo5050 folded before Flop (didn't bet)



PokerStars Hand #240915397997:  Hold'em No Limit ($0.01/$0.02 USD) - 2023/01/04 17:12:20 ET
Table 'Ottilia II' 6-max Seat #3 is the button
Seat 1: Zoorroh ($4.14 in chips) 
Seat 2: Puffjazz ($0.46 in chips) 
Seat 3: Lorpugo ($2.54 in chips) 
Seat 4: GerPer00 ($2.86 in chips) 
Seat 5: simmo5050 ($2.36 in chips) 
GerPer00: posts small blind $0.01
simmo5050: posts big blind $0.02
*** HOLE CARDS ***
Dealt to Lorpugo [2d 4s]
Zoorroh: raises $0.04 to $0.06
Puffjazz: calls $0.06
Lorpugo: folds 
GerPer00: folds 
simmo5050: calls $0.04
*** FLOP *** [Td 9c 3s]
simmo5050: checks 
Zoorroh: bets $0.09
Puffjazz: raises $0.09 to $0.18
simmo5050: folds 
Zoorroh: raises $3.90 to $4.08 and is all-in
Puffjazz: calls $0.22 and is all-in
Uncalled bet ($3.68) returned to Zoorroh
*** TURN *** [Td 9c 3s] [Jh]
*** RIVER *** [Td 9c 3s Jh] [2h]
*** SHOW DOWN ***
Zoorroh: shows [Th Kd] (a pair of Tens)
Puffjazz: shows [Tc Jc] (two pair, Jacks and Tens)
Puffjazz collected $0.96 from pot
*** SUMMARY ***
Total pot $0.99 | Rake $0.03 
Board [Td 9c 3s Jh 2h]
Seat 1: Zoorroh showed [Th Kd] and lost with a pair of Tens
Seat 2: Puffjazz showed [Tc Jc] and won ($0.96) with two pair, Jacks and Tens
Seat 3: Lorpugo (button) folded before Flop (didn't bet)
Seat 4: GerPer00 (small blind) folded before Flop
Seat 5: simmo5050 (big blind) folded on the Flop



PokerStars Hand #240915425708:  Hold'em No Limit ($0.01/$0.02 USD) - 2023/01/04 17:13:20 ET
Table 'Ottilia II' 6-max Seat #4 is the button
Seat 1: Zoorroh ($3.68 in chips) 
Seat 2: Puffjazz ($0.96 in chips) 
Seat 3: Lorpugo ($2.54 in chips) 
Seat 4: GerPer00 ($2.85 in chips) 
Seat 5: simmo5050 ($2.30 in chips) 
Seat 6: edmilsonkgt ($0.78 in chips) 
simmo5050: posts small blind $0.01
edmilsonkgt: posts big blind $0.02
*** HOLE CARDS ***
Dealt to Lorpugo [9s 5s]
Zoorroh: folds 
Puffjazz: folds 
Lorpugo: raises $0.02 to $0.04
GerPer00: folds 
simmo5050: folds 
edmilsonkgt has timed out
edmilsonkgt: folds 
Uncalled bet ($0.02) returned to Lorpugo
Lorpugo collected $0.05 from pot
Lorpugo: doesn't show hand 
*** SUMMARY ***
Total pot $0.05 | Rake $0 
Seat 1: Zoorroh folded before Flop (didn't bet)
Seat 2: Puffjazz folded before Flop (didn't bet)
Seat 3: Lorpugo collected ($0.05)
Seat 4: GerPer00 (button) folded before Flop (didn't bet)
Seat 5: simmo5050 (small blind) folded before Flop
Seat 6: edmilsonkgt (big blind) folded before Flop



PokerStars Hand #240915439108:  Hold'em No Limit ($0.01/$0.02 USD) - 2023/01/04 17:13:49 ET
Table 'Ottilia II' 6-max Seat #5 is the button
Seat 1: Zoorroh ($3.68 in chips) 
Seat 2: Puffjazz ($0.96 in chips) 
Seat 3: Lorpugo ($2.57 in chips) 
Seat 4: GerPer00 ($2.85 in chips) 
Seat 5: simmo5050 ($2.29 in chips) 
Zoorroh: posts small blind $0.01
Puffjazz: posts big blind $0.02
*** HOLE CARDS ***
Dealt to Lorpugo [5c Td]
Lorpugo: folds 
GerPer00: folds 
simmo5050: folds 
Zoorroh: calls $0.01
Puffjazz: checks 
*** FLOP *** [6h 2d Kc]
Zoorroh: bets $0.02
Puffjazz: calls $0.02
*** TURN *** [6h 2d Kc] [6c]
Zoorroh: checks 
Puffjazz: checks 
*** RIVER *** [6h 2d Kc 6c] [7c]
Zoorroh: checks 
Puffjazz: checks 
*** SHOW DOWN ***
Zoorroh: shows [Qd 3d] (a pair of Sixes)
Puffjazz: mucks hand 
Zoorroh collected $0.08 from pot
*** SUMMARY ***
Total pot $0.08 | Rake $0 
Board [6h 2d Kc 6c 7c]
Seat 1: Zoorroh (small blind) showed [Qd 3d] and won ($0.08) with a pair of Sixes
Seat 2: Puffjazz (big blind) mucked [4s 3c]
Seat 3: Lorpugo folded before Flop (didn't bet)
Seat 4: GerPer00 folded before Flop (didn't bet)
Seat 5: simmo5050 (button) folded before Flop (didn't bet)



PokerStars Hand #240915453437:  Hold'em No Limit ($0.01/$0.02 USD) - 2023/01/04 17:14:21 ET
Table 'Ottilia II' 6-max Seat #1 is the button
Seat 1: Zoorroh ($3.72 in chips) 
Seat 2: Puffjazz ($0.92 in chips) 
Seat 3: Lorpugo ($2.57 in chips) 
Seat 4: GerPer00 ($2.85 in chips) 
Seat 5: simmo5050 ($2.29 in chips) 
Puffjazz: posts small blind $0.01
Lorpugo: posts big blind $0.02
*** HOLE CARDS ***
Dealt to Lorpugo [Ts Jd]
GerPer00: raises $0.03 to $0.05
simmo5050: folds 
Zoorroh: folds 
Puffjazz: calls $0.04
Lorpugo: raises $0.15 to $0.20
GerPer00: calls $0.15
Puffjazz: folds 
*** FLOP *** [Qs Jc 7s]
Lorpugo: checks 
GerPer00: checks 
*** TURN *** [Qs Jc 7s] [4d]
Lorpugo: bets $0.28
GerPer00: calls $0.28
*** RIVER *** [Qs Jc 7s 4d] [Ac]
Lorpugo: checks 
GerPer00: checks 
*** SHOW DOWN ***
Lorpugo: shows [Ts Jd] (a pair of Jacks)
GerPer00: mucks hand 
Lorpugo collected $0.97 from pot
*** SUMMARY ***
Total pot $1.01 | Rake $0.04 
Board [Qs Jc 7s 4d Ac]
Seat 1: Zoorroh (button) folded before Flop (didn't bet)
Seat 2: Puffjazz (small blind) folded before Flop
Seat 3: Lorpugo (big blind) showed [Ts Jd] and won ($0.97) with a pair of Jacks
Seat 4: GerPer00 mucked [9s 9h]
Seat 5: simmo5050 folded before Flop (didn't bet)



PokerStars Hand #240915474714:  Hold'em No Limit ($0.01/$0.02 USD) - 2023/01/04 17:15:07 ET
Table 'Ottilia II' 6-max Seat #2 is the button
Seat 1: Zoorroh ($3.72 in chips) 
Seat 2: Puffjazz ($0.87 in chips) 
Seat 3: Lorpugo ($3.06 in chips) 
Seat 4: GerPer00 ($2.37 in chips) 
Seat 5: simmo5050 ($2.29 in chips) 
Lorpugo: posts small blind $0.01
GerPer00: posts big blind $0.02
*** HOLE CARDS ***
Dealt to Lorpugo [As 4d]
simmo5050: folds 
Zoorroh: folds 
Puffjazz: raises $0.02 to $0.04
Lorpugo: raises $0.12 to $0.16
GerPer00: folds 
Puffjazz: calls $0.12
*** FLOP *** [Ah 2d Jh]
Lorpugo: checks 
Puffjazz: checks 
*** TURN *** [Ah 2d Jh] [9d]
Lorpugo: bets $2.90 and is all-in
Puffjazz: folds 
Uncalled bet ($2.90) returned to Lorpugo
Lorpugo collected $0.33 from pot
Lorpugo: doesn't show hand 
*** SUMMARY ***
Total pot $0.34 | Rake $0.01 
Board [Ah 2d Jh 9d]
Seat 1: Zoorroh folded before Flop (didn't bet)
Seat 2: Puffjazz (button) folded on the Turn
Seat 3: Lorpugo (small blind) collected ($0.33)
Seat 4: GerPer00 (big blind) folded before Flop
Seat 5: simmo5050 folded before Flop (didn't bet)



PokerStars Hand #240915494631:  Hold'em No Limit ($0.01/$0.02 USD) - 2023/01/04 17:15:52 ET
Table 'Ottilia II' 6-max Seat #3 is the button
Seat 1: Zoorroh ($3.72 in chips) 
Seat 2: Puffjazz ($0.71 in chips) 
Seat 3: Lorpugo ($3.23 in chips) 
Seat 4: GerPer00 ($2.35 in chips) 
Seat 5: simmo5050 ($2.29 in chips) 
Seat 6: edmilsonkgt ($0.76 in chips) 
GerPer00: posts small blind $0.01
simmo5050: posts big blind $0.02
edmilsonkgt: posts small blind $0.01
*** HOLE CARDS ***
Dealt to Lorpugo [Tc 8c]
edmilsonkgt has timed out
edmilsonkgt: folds 
Zoorroh: folds 
Puffjazz: calls $0.02
Lorpugo: raises $0.12 to $0.14
GerPer00: folds 
simmo5050: folds 
Puffjazz: folds 
Uncalled bet ($0.12) returned to Lorpugo
Lorpugo collected $0.08 from pot
Lorpugo: doesn't show hand 
*** SUMMARY ***
Total pot $0.08 | Rake $0 
Seat 1: Zoorroh folded before Flop (didn't bet)
Seat 2: Puffjazz folded before Flop
Seat 3: Lorpugo (button) collected ($0.08)
Seat 4: GerPer00 (small blind) folded before Flop
Seat 5: simmo5050 (big blind) folded before Flop
Seat 6: edmilsonkgt folded before Flop (didn't bet)



PokerStars Hand #240915506266:  Hold'em No Limit ($0.01/$0.02 USD) - 2023/01/04 17:16:17 ET
Table 'Ottilia II' 6-max Seat #4 is the button
Seat 1: Zoorroh ($3.72 in chips) 
Seat 2: Puffjazz ($0.69 in chips) 
Seat 3: Lorpugo ($3.29 in chips) 
Seat 4: GerPer00 ($2.34 in chips) 
Seat 5: simmo5050 ($2.27 in chips) 
Seat 6: edmilsonkgt ($0.75 in chips) 
simmo5050: posts small blind $0.01
edmilsonkgt: posts big blind $0.02
*** HOLE CARDS ***
Dealt to Lorpugo [9h Ad]
Zoorroh: folds 
Puffjazz: folds 
Lorpugo: raises $0.02 to $0.04
GerPer00: folds 
simmo5050: raises $0.14 to $0.18
edmilsonkgt: calls $0.16
Lorpugo: folds 
*** FLOP *** [Tc Th 6h]
simmo5050: bets $0.10
edmilsonkgt: calls $0.10
*** TURN *** [Tc Th 6h] [4c]
simmo5050: checks 
edmilsonkgt: bets $0.47 and is all-in
simmo5050: folds 
Uncalled bet ($0.47) returned to edmilsonkgt
edmilsonkgt collected $0.58 from pot
edmilsonkgt: doesn't show hand 
*** SUMMARY ***
Total pot $0.60 | Rake $0.02 
Board [Tc Th 6h 4c]
Seat 1: Zoorroh folded before Flop (didn't bet)
Seat 2: Puffjazz folded before Flop (didn't bet)
Seat 3: Lorpugo folded before Flop
Seat 4: GerPer00 (button) folded before Flop (didn't bet)
Seat 5: simmo5050 (small blind) folded on the Turn
Seat 6: edmilsonkgt (big blind) collected ($0.58)



PokerStars Hand #240915523972:  Hold'em No Limit ($0.01/$0.02 USD) - 2023/01/04 17:16:56 ET
Table 'Ottilia II' 6-max Seat #5 is the button
Seat 1: Zoorroh ($3.72 in chips) 
Seat 2: Puffjazz ($0.69 in chips) 
Seat 3: Lorpugo ($3.25 in chips) 
Seat 4: GerPer00 ($2.34 in chips) 
Seat 5: simmo5050 ($2 in chips) 
Seat 6: edmilsonkgt ($1.05 in chips) 
edmilsonkgt: posts small blind $0.01
Zoorroh: posts big blind $0.02
*** HOLE CARDS ***
Dealt to Lorpugo [Jh 9c]
Puffjazz: folds 
Lorpugo: folds 
GerPer00: raises $0.03 to $0.05
simmo5050: folds 
edmilsonkgt: calls $0.04
Zoorroh: calls $0.03
*** FLOP *** [Ac Ah 4s]
edmilsonkgt: checks 
Zoorroh: checks 
GerPer00: bets $0.07
edmilsonkgt: calls $0.07
Zoorroh: folds 
*** TURN *** [Ac Ah 4s] [Tc]
edmilsonkgt: checks 
GerPer00: bets $0.14
edmilsonkgt: calls $0.14
*** RIVER *** [Ac Ah 4s Tc] [Kd]
edmilsonkgt: bets $0.55
GerPer00: folds 
Uncalled bet ($0.55) returned to edmilsonkgt
edmilsonkgt collected $0.55 from pot
*** SUMMARY ***
Total pot $0.57 | Rake $0.02 
Board [Ac Ah 4s Tc Kd]
Seat 1: Zoorroh (big blind) folded on the Flop
Seat 2: Puffjazz folded before Flop (didn't bet)
Seat 3: Lorpugo folded before Flop (didn't bet)
Seat 4: GerPer00 folded on the River
Seat 5: simmo5050 (button) folded before Flop (didn't bet)
Seat 6: edmilsonkgt (small blind) collected ($0.55)



PokerStars Hand #240915562573:  Hold'em No Limit ($0.01/$0.02 USD) - 2023/01/04 17:18:21 ET
Table 'Ottilia II' 6-max Seat #6 is the button
Seat 1: Zoorroh ($3.67 in chips) 
Seat 2: Puffjazz ($0.69 in chips) 
Seat 3: Lorpugo ($3.25 in chips) 
Seat 4: GerPer00 ($2.08 in chips) 
Seat 5: simmo5050 ($2 in chips) 
Seat 6: edmilsonkgt ($1.34 in chips) 
Zoorroh: posts small blind $0.01
Puffjazz: posts big blind $0.02
*** HOLE CARDS ***
Dealt to Lorpugo [7c 5s]
Lorpugo: folds 
GerPer00: folds 
simmo5050: raises $0.04 to $0.06
edmilsonkgt: folds 
edmilsonkgt leaves the table
Zoorroh: folds 
Puffjazz: folds 
Uncalled bet ($0.04) returned to simmo5050
simmo5050 collected $0.05 from pot
simmo5050: doesn't show hand 
*** SUMMARY ***
Total pot $0.05 | Rake $0 
Seat 1: Zoorroh (small blind) folded before Flop
Seat 2: Puffjazz (big blind) folded before Flop
Seat 3: Lorpugo folded before Flop (didn't bet)
Seat 4: GerPer00 folded before Flop (didn't bet)
Seat 5: simmo5050 collected ($0.05)
Seat 6: edmilsonkgt (button) folded before Flop (didn't bet)



PokerStars Hand #240915568926:  Hold'em No Limit ($0.01/$0.02 USD) - 2023/01/04 17:18:35 ET
Table 'Ottilia II' 6-max Seat #1 is the button
Seat 1: Zoorroh ($3.66 in chips) 
Seat 2: Puffjazz ($0.67 in chips) 
Seat 3: Lorpugo ($3.25 in chips) 
Seat 4: GerPer00 ($2.08 in chips) 
Seat 5: simmo5050 ($2.03 in chips) 
Puffjazz: posts small blind $0.01
Lorpugo: posts big blind $0.02
*** HOLE CARDS ***
Dealt to Lorpugo [8h 4h]
GerPer00: raises $0.03 to $0.05
simmo5050: folds 
Mounsef Lk joins the table at seat #6 
Zoorroh: folds 
Puffjazz: calls $0.04
Lorpugo: folds 
*** FLOP *** [Qh 8c As]
Puffjazz: checks 
GerPer00: bets $0.06
Puffjazz: folds 
Uncalled bet ($0.06) returned to GerPer00
GerPer00 collected $0.12 from pot
GerPer00: doesn't show hand 
*** SUMMARY ***
Total pot $0.12 | Rake $0 
Board [Qh 8c As]
Seat 1: Zoorroh (button) folded before Flop (didn't bet)
Seat 2: Puffjazz (small blind) folded on the Flop
Seat 3: Lorpugo (big blind) folded before Flop
Seat 4: GerPer00 collected ($0.12)
Seat 5: simmo5050 folded before Flop (didn't bet)



PokerStars Hand #240915580114:  Hold'em No Limit ($0.01/$0.02 USD) - 2023/01/04 17:19:00 ET
Table 'Ottilia II' 6-max Seat #2 is the button
Seat 1: Zoorroh ($3.66 in chips) 
Seat 2: Puffjazz ($0.62 in chips) 
Seat 3: Lorpugo ($3.23 in chips) 
Seat 4: GerPer00 ($2.15 in chips) 
Seat 5: simmo5050 ($2.03 in chips) 
Seat 6: Mounsef Lk ($2 in chips) 
Lorpugo: posts small blind $0.01
GerPer00: posts big blind $0.02
Mounsef Lk: posts big blind $0.02
*** HOLE CARDS ***
Dealt to Lorpugo [3c Qh]
simmo5050: raises $0.08 to $0.10
Mounsef Lk: folds 
Zoorroh: folds 
Puffjazz: calls $0.10
Lorpugo: folds 
GerPer00: folds 
*** FLOP *** [4c 9h 7s]
simmo5050: checks 
Puffjazz: checks 
*** TURN *** [4c 9h 7s] [4s]
simmo5050: checks 
Puffjazz: checks 
*** RIVER *** [4c 9h 7s 4s] [8s]
simmo5050: checks 
Puffjazz: checks 
*** SHOW DOWN ***
simmo5050: shows [Ac Tc] (a pair of Fours)
Puffjazz: mucks hand 
simmo5050 collected $0.24 from pot
*** SUMMARY ***
Total pot $0.25 | Rake $0.01 
Board [4c 9h 7s 4s 8s]
Seat 1: Zoorroh folded before Flop (didn't bet)
Seat 2: Puffjazz (button) mucked [5d 3d]
Seat 3: Lorpugo (small blind) folded before Flop
Seat 4: GerPer00 (big blind) folded before Flop
Seat 5: simmo5050 showed [Ac Tc] and won ($0.24) with a pair of Fours
Seat 6: Mounsef Lk folded before Flop (didn't bet)



PokerStars Hand #240915597300:  Hold'em No Limit ($0.01/$0.02 USD) - 2023/01/04 17:19:38 ET
Table 'Ottilia II' 6-max Seat #3 is the button
Seat 1: Zoorroh ($3.66 in chips) 
Seat 2: Puffjazz ($0.52 in chips) 
Seat 3: Lorpugo ($3.22 in chips) 
Seat 4: GerPer00 ($2.13 in chips) 
Seat 5: simmo5050 ($2.17 in chips) 
Seat 6: Mounsef Lk ($1.98 in chips) 
GerPer00: posts small blind $0.01
simmo5050: posts big blind $0.02
*** HOLE CARDS ***
Dealt to Lorpugo [5d 8d]
Mounsef Lk: folds 
Zoorroh: folds 
Puffjazz: raises $0.02 to $0.04
Lorpugo: raises $0.02 to $0.06
GerPer00: folds 
simmo5050: folds 
Puffjazz: calls $0.02
*** FLOP *** [Kh 9c 9d]
Puffjazz: checks 
Lorpugo: checks 
*** TURN *** [Kh 9c 9d] [Kd]
Puffjazz: checks 
Lorpugo: bets $0.05
Puffjazz: calls $0.05
*** RIVER *** [Kh 9c 9d Kd] [Qc]
Puffjazz: checks 
Lorpugo: checks 
*** SHOW DOWN ***
Puffjazz: shows [Th As] (two pair, Kings and Nines)
Lorpugo: mucks hand 
Puffjazz collected $0.24 from pot
*** SUMMARY ***
Total pot $0.25 | Rake $0.01 
Board [Kh 9c 9d Kd Qc]
Seat 1: Zoorroh folded before Flop (didn't bet)
Seat 2: Puffjazz showed [Th As] and won ($0.24) with two pair, Kings and Nines
Seat 3: Lorpugo (button) mucked [5d 8d]
Seat 4: GerPer00 (small blind) folded before Flop
Seat 5: simmo5050 (big blind) folded before Flop
Seat 6: Mounsef Lk folded before Flop (didn't bet)



PokerStars Hand #240915619406:  Hold'em No Limit ($0.01/$0.02 USD) - 2023/01/04 17:20:27 ET
Table 'Ottilia II' 6-max Seat #4 is the button
Seat 1: Zoorroh ($3.66 in chips) 
Seat 2: Puffjazz ($0.65 in chips) 
Seat 3: Lorpugo ($3.11 in chips) 
Seat 4: GerPer00 ($2.12 in chips) 
Seat 5: simmo5050 ($2.15 in chips) 
Seat 6: Mounsef Lk ($1.98 in chips) 
simmo5050: posts small blind $0.01
Mounsef Lk: posts big blind $0.02
*** HOLE CARDS ***
Dealt to Lorpugo [9c 5h]
Zoorroh: folds 
Puffjazz: raises $0.02 to $0.04
Lorpugo: folds 
GerPer00: calls $0.04
simmo5050: folds 
Mounsef Lk: raises $0.02 to $0.06
Puffjazz: calls $0.02
GerPer00: calls $0.02
*** FLOP *** [Td 4d Ah]
Mounsef Lk: checks 
Puffjazz: bets $0.09
GerPer00: calls $0.09
Mounsef Lk: folds 
*** TURN *** [Td 4d Ah] [3c]
Puffjazz: bets $0.18
GerPer00: raises $0.36 to $0.54
Puffjazz: calls $0.32 and is all-in
Uncalled bet ($0.04) returned to GerPer00
*** RIVER *** [Td 4d Ah 3c] [Kc]
*** SHOW DOWN ***
Puffjazz: shows [Th As] (two pair, Aces and Tens)
GerPer00: shows [4c 4h] (three of a kind, Fours)
GerPer00 collected $1.32 from pot
*** SUMMARY ***
Total pot $1.37 | Rake $0.05 
Board [Td 4d Ah 3c Kc]
Seat 1: Zoorroh folded before Flop (didn't bet)
Seat 2: Puffjazz showed [Th As] and lost with two pair, Aces and Tens
Seat 3: Lorpugo folded before Flop (didn't bet)
Seat 4: GerPer00 (button) showed [4c 4h] and won ($1.32) with three of a kind, Fours
Seat 5: simmo5050 (small blind) folded before Flop
Seat 6: Mounsef Lk (big blind) folded on the Flop



PokerStars Hand #240915646198:  Hold'em No Limit ($0.01/$0.02 USD) - 2023/01/04 17:21:27 ET
Table 'Ottilia II' 6-max Seat #5 is the button
Seat 1: Zoorroh ($3.66 in chips) 
Seat 3: Lorpugo ($3.11 in chips) 
Seat 4: GerPer00 ($2.79 in chips) 
Seat 5: simmo5050 ($2.14 in chips) 
Seat 6: Mounsef Lk ($1.92 in chips) 
Mounsef Lk: posts small blind $0.01
Zoorroh: posts big blind $0.02
*** HOLE CARDS ***
Dealt to Lorpugo [6c As]
Lorpugo: raises $0.02 to $0.04
GerPer00: folds 
simmo5050: folds 
Mounsef Lk: folds 
Zoorroh: folds 
Uncalled bet ($0.02) returned to Lorpugo
Puffjazz leaves the table
Lorpugo collected $0.05 from pot
Lorpugo: doesn't show hand 
*** SUMMARY ***
Total pot $0.05 | Rake $0 
Seat 1: Zoorroh (big blind) folded before Flop
Seat 3: Lorpugo collected ($0.05)
Seat 4: GerPer00 folded before Flop (didn't bet)
Seat 5: simmo5050 (button) folded before Flop (didn't bet)
Seat 6: Mounsef Lk (small blind) folded before Flop



PokerStars Hand #240915650330:  Hold'em No Limit ($0.01/$0.02 USD) - 2023/01/04 17:21:36 ET
Table 'Ottilia II' 6-max Seat #6 is the button
Seat 1: Zoorroh ($3.64 in chips) 
Seat 3: Lorpugo ($3.14 in chips) 
Seat 4: GerPer00 ($2.79 in chips) 
Seat 5: simmo5050 ($2.14 in chips) 
Seat 6: Mounsef Lk ($1.91 in chips) 
Zoorroh: posts small blind $0.01
Lorpugo: posts big blind $0.02
*** HOLE CARDS ***
Dealt to Lorpugo [Ks Th]
StefanoBio311 joins the table at seat #2 
GerPer00: raises $0.03 to $0.05
simmo5050: folds 
Mounsef Lk: calls $0.05
Zoorroh: folds 
Lorpugo: folds 
*** FLOP *** [5c Jc 4h]
GerPer00: checks 
Mounsef Lk: checks 
*** TURN *** [5c Jc 4h] [Kc]
GerPer00: bets $0.07
Mounsef Lk: folds 
Uncalled bet ($0.07) returned to GerPer00
GerPer00 collected $0.13 from pot
GerPer00: doesn't show hand 
*** SUMMARY ***
Total pot $0.13 | Rake $0 
Board [5c Jc 4h Kc]
Seat 1: Zoorroh (small blind) folded before Flop
Seat 3: Lorpugo (big blind) folded before Flop
Seat 4: GerPer00 collected ($0.13)
Seat 5: simmo5050 folded before Flop (didn't bet)
Seat 6: Mounsef Lk (button) folded on the Turn



PokerStars Hand #240915665361:  Hold'em No Limit ($0.01/$0.02 USD) - 2023/01/04 17:22:09 ET
Table 'Ottilia II' 6-max Seat #1 is the button
Seat 1: Zoorroh ($3.63 in chips) 
Seat 3: Lorpugo ($3.12 in chips) 
Seat 4: GerPer00 ($2.87 in chips) 
Seat 5: simmo5050 ($2.14 in chips) 
Seat 6: Mounsef Lk ($1.86 in chips) 
Lorpugo: posts small blind $0.01
GerPer00: posts big blind $0.02
*** HOLE CARDS ***
Dealt to Lorpugo [5h 8h]
simmo5050: folds 
Mounsef Lk: raises $0.04 to $0.06
Zoorroh: calls $0.06
Lorpugo: folds 
GerPer00: calls $0.04
*** FLOP *** [2s Kc 6h]
GerPer00: checks 
Mounsef Lk: bets $0.10
Zoorroh: folds 
GerPer00: calls $0.10
*** TURN *** [2s Kc 6h] [8c]
GerPer00: checks 
Mounsef Lk: bets $0.20
GerPer00: calls $0.20
*** RIVER *** [2s Kc 6h 8c] [Js]
GerPer00: checks 
Mounsef Lk: bets $0.30
GerPer00: folds 
Uncalled bet ($0.30) returned to Mounsef Lk
Mounsef Lk collected $0.76 from pot
*** SUMMARY ***
Total pot $0.79 | Rake $0.03 
Board [2s Kc 6h 8c Js]
Seat 1: Zoorroh (button) folded on the Flop
Seat 3: Lorpugo (small blind) folded before Flop
Seat 4: GerPer00 (big blind) folded on the River
Seat 5: simmo5050 folded before Flop (didn't bet)
Seat 6: Mounsef Lk collected ($0.76)



PokerStars Hand #240915692164:  Hold'em No Limit ($0.01/$0.02 USD) - 2023/01/04 17:23:09 ET
Table 'Ottilia II' 6-max Seat #3 is the button
Seat 1: Zoorroh ($3.57 in chips) 
Seat 3: Lorpugo ($3.11 in chips) 
Seat 4: GerPer00 ($2.51 in chips) 
Seat 5: simmo5050 ($2.14 in chips) 
Seat 6: Mounsef Lk ($2.26 in chips) 
GerPer00: posts small blind $0.01
simmo5050: posts big blind $0.02
*** HOLE CARDS ***
Dealt to Lorpugo [8h 4d]
Mounsef Lk: raises $0.04 to $0.06
Zoorroh: folds 
Lorpugo: folds 
GerPer00: folds 
simmo5050: folds 
Uncalled bet ($0.04) returned to Mounsef Lk
Mounsef Lk collected $0.05 from pot
*** SUMMARY ***
Total pot $0.05 | Rake $0 
Seat 1: Zoorroh folded before Flop (didn't bet)
Seat 3: Lorpugo (button) folded before Flop (didn't bet)
Seat 4: GerPer00 (small blind) folded before Flop
Seat 5: simmo5050 (big blind) folded before Flop
Seat 6: Mounsef Lk collected ($0.05)



PokerStars Hand #240915700566:  Hold'em No Limit ($0.01/$0.02 USD) - 2023/01/04 17:23:28 ET
Table 'Ottilia II' 6-max Seat #4 is the button
Seat 1: Zoorroh ($3.57 in chips) 
Seat 3: Lorpugo ($3.11 in chips) 
Seat 4: GerPer00 ($2.50 in chips) 
Seat 5: simmo5050 ($2.12 in chips) 
Seat 6: Mounsef Lk ($2.29 in chips) 
simmo5050: posts small blind $0.01
Mounsef Lk: posts big blind $0.02
*** HOLE CARDS ***
Dealt to Lorpugo [8s 6s]
Zoorroh: folds 
Lorpugo: raises $0.02 to $0.04
GerPer00: folds 
simmo5050: folds 
Mounsef Lk: raises $0.02 to $0.06
Lorpugo: raises $0.13 to $0.19
Mounsef Lk: calls $0.13
*** FLOP *** [Jh 8c 8h]
Mounsef Lk: checks 
Lorpugo: bets $0.14
Mounsef Lk: calls $0.14
*** TURN *** [Jh 8c 8h] [2h]
Mounsef Lk: checks 
Lorpugo: bets $0.44
Mounsef Lk: calls $0.44
*** RIVER *** [Jh 8c 8h 2h] [3d]
Mounsef Lk: checks 
Lorpugo: bets $0.02
Mounsef Lk: calls $0.02
*** SHOW DOWN ***
Lorpugo: shows [8s 6s] (three of a kind, Eights)
Mounsef Lk: mucks hand 
Lorpugo collected $1.53 from pot
*** SUMMARY ***
Total pot $1.59 | Rake $0.06 
Board [Jh 8c 8h 2h 3d]
Seat 1: Zoorroh folded before Flop (didn't bet)
Seat 3: Lorpugo showed [8s 6s] and won ($1.53) with three of a kind, Eights
Seat 4: GerPer00 (button) folded before Flop (didn't bet)
Seat 5: simmo5050 (small blind) folded before Flop
Seat 6: Mounsef Lk (big blind) mucked [Qc Ah]



PokerStars Hand #240915724611:  Hold'em No Limit ($0.01/$0.02 USD) - 2023/01/04 17:24:22 ET
Table 'Ottilia II' 6-max Seat #5 is the button
Seat 1: Zoorroh ($3.57 in chips) 
Seat 3: Lorpugo ($3.85 in chips) 
Seat 4: GerPer00 ($2.50 in chips) 
Seat 5: simmo5050 ($2.11 in chips) 
Seat 6: Mounsef Lk ($1.50 in chips) 
Mounsef Lk: posts small blind $0.01
Zoorroh: posts big blind $0.02
*** HOLE CARDS ***
Dealt to Lorpugo [2s Qs]
Lorpugo: raises $0.02 to $0.04
GerPer00: folds 
simmo5050: folds 
Mounsef Lk: folds 
Zoorroh: calls $0.02
*** FLOP *** [Qc Tc 3s]
Zoorroh: checks 
Lorpugo: bets $0.06
Zoorroh: calls $0.06
*** TURN *** [Qc Tc 3s] [Ad]
Zoorroh: checks 
Lorpugo: bets $0.10
Zoorroh: calls $0.10
*** RIVER *** [Qc Tc 3s Ad] [4s]
Zoorroh: checks 
Lorpugo: checks 
*** SHOW DOWN ***
Zoorroh: shows [Ks Td] (a pair of Tens)
Lorpugo: shows [2s Qs] (a pair of Queens)
Lorpugo collected $0.40 from pot
*** SUMMARY ***
Total pot $0.41 | Rake $0.01 
Board [Qc Tc 3s Ad 4s]
Seat 1: Zoorroh (big blind) showed [Ks Td] and lost with a pair of Tens
Seat 3: Lorpugo showed [2s Qs] and won ($0.40) with a pair of Queens
Seat 4: GerPer00 folded before Flop (didn't bet)
Seat 5: simmo5050 (button) folded before Flop (didn't bet)
Seat 6: Mounsef Lk (small blind) folded before Flop



PokerStars Hand #240915744571:  Hold'em No Limit ($0.01/$0.02 USD) - 2023/01/04 17:25:07 ET
Table 'Ottilia II' 6-max Seat #6 is the button
Seat 1: Zoorroh ($3.37 in chips) 
Seat 2: StefanoBio311 ($2 in chips) 
Seat 3: Lorpugo ($4.05 in chips) 
Seat 4: GerPer00 ($2.50 in chips) 
Seat 5: simmo5050 ($2.11 in chips) 
Seat 6: Mounsef Lk ($1.49 in chips) 
Zoorroh: posts small blind $0.01
StefanoBio311: posts big blind $0.02
*** HOLE CARDS ***
Dealt to Lorpugo [8s Jh]
Lorpugo: raises $0.02 to $0.04
GerPer00: raises $0.12 to $0.16
simmo5050: folds 
Mounsef Lk: folds 
Zoorroh: folds 
StefanoBio311: folds 
Lorpugo: folds 
Uncalled bet ($0.12) returned to GerPer00
GerPer00 collected $0.11 from pot
GerPer00: doesn't show hand 
*** SUMMARY ***
Total pot $0.11 | Rake $0 
Seat 1: Zoorroh (small blind) folded before Flop
Seat 2: StefanoBio311 (big blind) folded before Flop
Seat 3: Lorpugo folded before Flop
Seat 4: GerPer00 collected ($0.11)
Seat 5: simmo5050 folded before Flop (didn't bet)
Seat 6: Mounsef Lk (button) folded before Flop (didn't bet)



PokerStars Hand #240915750830:  Hold'em No Limit ($0.01/$0.02 USD) - 2023/01/04 17:25:21 ET
Table 'Ottilia II' 6-max Seat #1 is the button
Seat 1: Zoorroh ($3.36 in chips) 
Seat 2: StefanoBio311 ($2 in chips) 
Seat 3: Lorpugo ($4.01 in chips) 
Seat 4: GerPer00 ($2.57 in chips) 
Seat 5: simmo5050 ($2.11 in chips) 
Seat 6: Mounsef Lk ($1.49 in chips) 
StefanoBio311: posts small blind $0.01
Lorpugo: posts big blind $0.02
*** HOLE CARDS ***
Dealt to Lorpugo [6c Ks]
GerPer00: folds 
simmo5050: folds 
Mounsef Lk: folds 
Zoorroh: raises $0.03 to $0.05
StefanoBio311: folds 
Lorpugo: calls $0.03
*** FLOP *** [Kd Th 8h]
Lorpugo: bets $0.02
Zoorroh: calls $0.02
*** TURN *** [Kd Th 8h] [6d]
Lorpugo: checks 
Zoorroh: checks 
*** RIVER *** [Kd Th 8h 6d] [Js]
Lorpugo: bets $0.20
Zoorroh: folds 
Uncalled bet ($0.20) returned to Lorpugo
Lorpugo collected $0.14 from pot
Lorpugo: doesn't show hand 
*** SUMMARY ***
Total pot $0.15 | Rake $0.01 
Board [Kd Th 8h 6d Js]
Seat 1: Zoorroh (button) folded on the River
Seat 2: StefanoBio311 (small blind) folded before Flop
Seat 3: Lorpugo (big blind) collected ($0.14)
Seat 4: GerPer00 folded before Flop (didn't bet)
Seat 5: simmo5050 folded before Flop (didn't bet)
Seat 6: Mounsef Lk folded before Flop (didn't bet)



PokerStars Hand #240915774938:  Hold'em No Limit ($0.01/$0.02 USD) - 2023/01/04 17:26:16 ET
Table 'Ottilia II' 6-max Seat #2 is the button
Seat 1: Zoorroh ($3.29 in chips) 
Seat 2: StefanoBio311 ($2 in chips) 
Seat 3: Lorpugo ($4.08 in chips) 
Seat 4: GerPer00 ($2.57 in chips) 
Seat 5: simmo5050 ($2.11 in chips) 
Seat 6: Mounsef Lk ($1.49 in chips) 
Lorpugo: posts small blind $0.01
GerPer00: posts big blind $0.02
*** HOLE CARDS ***
Dealt to Lorpugo [3s 4d]
simmo5050: folds 
Mounsef Lk: calls $0.02
Zoorroh: folds 
StefanoBio311: folds 
Lorpugo: folds 
GerPer00: raises $0.08 to $0.10
Mounsef Lk: calls $0.08
*** FLOP *** [Ah 7c 3d]
GerPer00: checks 
Mounsef Lk: checks 
*** TURN *** [Ah 7c 3d] [Ac]
GerPer00: checks 
Mounsef Lk: checks 
*** RIVER *** [Ah 7c 3d Ac] [Th]
GerPer00: checks 
Mounsef Lk: checks 
*** SHOW DOWN ***
GerPer00: shows [Qc Kh] (a pair of Aces)
Mounsef Lk: mucks hand 
GerPer00 collected $0.20 from pot
*** SUMMARY ***
Total pot $0.21 | Rake $0.01 
Board [Ah 7c 3d Ac Th]
Seat 1: Zoorroh folded before Flop (didn't bet)
Seat 2: StefanoBio311 (button) folded before Flop (didn't bet)
Seat 3: Lorpugo (small blind) folded before Flop
Seat 4: GerPer00 (big blind) showed [Qc Kh] and won ($0.20) with a pair of Aces
Seat 5: simmo5050 folded before Flop (didn't bet)
Seat 6: Mounsef Lk mucked [9h 6s]



PokerStars Hand #240915801684:  Hold'em No Limit ($0.01/$0.02 USD) - 2023/01/04 17:27:17 ET
Table 'Ottilia II' 6-max Seat #3 is the button
Seat 1: Zoorroh ($3.29 in chips) 
Seat 2: StefanoBio311 ($2 in chips) 
Seat 3: Lorpugo ($4.07 in chips) 
Seat 4: GerPer00 ($2.67 in chips) 
Seat 5: simmo5050 ($2.11 in chips) 
Seat 6: Mounsef Lk ($1.39 in chips) 
GerPer00: posts small blind $0.01
simmo5050: posts big blind $0.02
*** HOLE CARDS ***
Dealt to Lorpugo [7s 3d]
Mounsef Lk: calls $0.02
Zoorroh: folds 
StefanoBio311: folds 
Lorpugo: folds 
GerPer00: folds 
simmo5050: raises $0.06 to $0.08
Mounsef Lk: calls $0.06
*** FLOP *** [8d 7c 9d]
simmo5050: checks 
Mounsef Lk: checks 
*** TURN *** [8d 7c 9d] [2h]
simmo5050: checks 
Mounsef Lk: checks 
*** RIVER *** [8d 7c 9d 2h] [Ts]
simmo5050: bets $2.03 and is all-in
Mounsef Lk: calls $1.31 and is all-in
Uncalled bet ($0.72) returned to simmo5050
*** SHOW DOWN ***
simmo5050: shows [Qh Jh] (a straight, Eight to Queen)
Mounsef Lk: shows [Jc 4h] (a straight, Seven to Jack)
simmo5050 collected $2.69 from pot
*** SUMMARY ***
Total pot $2.79 | Rake $0.10 
Board [8d 7c 9d 2h Ts]
Seat 1: Zoorroh folded before Flop (didn't bet)
Seat 2: StefanoBio311 folded before Flop (didn't bet)
Seat 3: Lorpugo (button) folded before Flop (didn't bet)
Seat 4: GerPer00 (small blind) folded before Flop
Seat 5: simmo5050 (big blind) showed [Qh Jh] and won ($2.69) with a straight, Eight to Queen
Seat 6: Mounsef Lk showed [Jc 4h] and lost with a straight, Seven to Jack



PokerStars Hand #240915820501:  Hold'em No Limit ($0.01/$0.02 USD) - 2023/01/04 17:27:59 ET
Table 'Ottilia II' 6-max Seat #4 is the button
Seat 1: Zoorroh ($3.29 in chips) 
Seat 2: StefanoBio311 ($2 in chips) 
Seat 3: Lorpugo ($4.07 in chips) 
Seat 4: GerPer00 ($2.66 in chips) 
Seat 5: simmo5050 ($3.41 in chips) 
simmo5050: posts small blind $0.01
Zoorroh: posts big blind $0.02
*** HOLE CARDS ***
Dealt to Lorpugo [2s 9c]
StefanoBio311: folds 
Lorpugo: folds 
GerPer00: folds 
simmo5050: calls $0.01
Zoorroh: checks 
*** FLOP *** [3s 2d 4s]
simmo5050: checks 
Zoorroh: bets $0.04
Mounsef Lk leaves the table
simmo5050: folds 
Uncalled bet ($0.04) returned to Zoorroh
Zoorroh collected $0.04 from pot
Zoorroh: doesn't show hand 
*** SUMMARY ***
Total pot $0.04 | Rake $0 
Board [3s 2d 4s]
Seat 1: Zoorroh (big blind) collected ($0.04)
Seat 2: StefanoBio311 folded before Flop (didn't bet)
Seat 3: Lorpugo folded before Flop (didn't bet)
Seat 4: GerPer00 (button) folded before Flop (didn't bet)
Seat 5: simmo5050 (small blind) folded on the Flop



PokerStars Hand #240915830100:  Hold'em No Limit ($0.01/$0.02 USD) - 2023/01/04 17:28:21 ET
Table 'Ottilia II' 6-max Seat #5 is the button
Seat 1: Zoorroh ($3.31 in chips) 
Seat 2: StefanoBio311 ($2 in chips) 
Seat 3: Lorpugo ($4.07 in chips) 
Seat 4: GerPer00 ($2.66 in chips) 
Seat 5: simmo5050 ($3.39 in chips) 
Zoorroh: posts small blind $0.01
StefanoBio311: posts big blind $0.02
*** HOLE CARDS ***
Dealt to Lorpugo [7s 3s]
Lorpugo: folds 
GerPer00: folds 
simmo5050: folds 
Zoorroh: folds 
Uncalled bet ($0.01) returned to StefanoBio311
StefanoBio311 collected $0.02 from pot
StefanoBio311: doesn't show hand 
*** SUMMARY ***
Total pot $0.02 | Rake $0 
Seat 1: Zoorroh (small blind) folded before Flop
Seat 2: StefanoBio311 (big blind) collected ($0.02)
Seat 3: Lorpugo folded before Flop (didn't bet)
Seat 4: GerPer00 folded before Flop (didn't bet)
Seat 5: simmo5050 (button) folded before Flop (didn't bet)



PokerStars Hand #240915836661:  Hold'em No Limit ($0.01/$0.02 USD) - 2023/01/04 17:28:36 ET
Table 'Ottilia II' 6-max Seat #1 is the button
Seat 1: Zoorroh ($3.30 in chips) 
Seat 2: StefanoBio311 ($2.01 in chips) 
Seat 3: Lorpugo ($4.07 in chips) 
Seat 4: GerPer00 ($2.66 in chips) 
Seat 5: simmo5050 ($3.39 in chips) 
StefanoBio311: posts small blind $0.01
Lorpugo: posts big blind $0.02
*** HOLE CARDS ***
Dealt to Lorpugo [5h 7s]
GerPer00: folds 
simmo5050: folds 
Zoorroh: folds 
darkmnk joins the table at seat #6 
StefanoBio311: raises $0.03 to $0.05
Lorpugo: calls $0.03
*** FLOP *** [4h 7d 8s]
StefanoBio311: bets $0.03
Lorpugo: raises $0.03 to $0.06
StefanoBio311: folds 
Uncalled bet ($0.03) returned to Lorpugo
Lorpugo collected $0.15 from pot
Lorpugo: doesn't show hand 
*** SUMMARY ***
Total pot $0.16 | Rake $0.01 
Board [4h 7d 8s]
Seat 1: Zoorroh (button) folded before Flop (didn't bet)
Seat 2: StefanoBio311 (small blind) folded on the Flop
Seat 3: Lorpugo (big blind) collected ($0.15)
Seat 4: GerPer00 folded before Flop (didn't bet)
Seat 5: simmo5050 folded before Flop (didn't bet)



PokerStars Hand #240915848347:  Hold'em No Limit ($0.01/$0.02 USD) - 2023/01/04 17:29:03 ET
Table 'Ottilia II' 6-max Seat #2 is the button
Seat 1: Zoorroh ($3.30 in chips) 
Seat 2: StefanoBio311 ($2 in chips) 
Seat 3: Lorpugo ($4.14 in chips) 
Seat 4: GerPer00 ($2.66 in chips) 
Seat 5: simmo5050 ($3.39 in chips) 
Lorpugo: posts small blind $0.01
GerPer00: posts big blind $0.02
*** HOLE CARDS ***
Dealt to Lorpugo [Kh 3h]
simmo5050: folds 
Zoorroh: folds 
StefanoBio311: folds 
Lorpugo: raises $0.02 to $0.04
GerPer00: raises $0.10 to $0.14
Lorpugo: calls $0.10
*** FLOP *** [Ts Kd 8h]
Lorpugo: bets $0.02
GerPer00: raises $0.16 to $0.18
Lorpugo: calls $0.16
*** TURN *** [Ts Kd 8h] [4s]
Lorpugo: bets $0.02
GerPer00: raises $0.50 to $0.52
Lorpugo: raises $3.30 to $3.82 and is all-in
GerPer00: calls $1.82 and is all-in
Uncalled bet ($1.48) returned to Lorpugo
*** RIVER *** [Ts Kd 8h 4s] [2d]
*** SHOW DOWN ***
Lorpugo: shows [Kh 3h] (a pair of Kings)
GerPer00: shows [Ac Ad] (a pair of Aces)
GerPer00 collected $5.13 from pot
*** SUMMARY ***
Total pot $5.32 | Rake $0.19 
Board [Ts Kd 8h 4s 2d]
Seat 1: Zoorroh folded before Flop (didn't bet)
Seat 2: StefanoBio311 (button) folded before Flop (didn't bet)
Seat 3: Lorpugo (small blind) showed [Kh 3h] and lost with a pair of Kings
Seat 4: GerPer00 (big blind) showed [Ac Ad] and won ($5.13) with a pair of Aces
Seat 5: simmo5050 folded before Flop (didn't bet)



PokerStars Hand #240915866771:  Hold'em No Limit ($0.01/$0.02 USD) - 2023/01/04 17:29:45 ET
Table 'Ottilia II' 6-max Seat #3 is the button
Seat 1: Zoorroh ($3.30 in chips) 
Seat 2: StefanoBio311 ($2 in chips) 
Seat 3: Lorpugo ($1.48 in chips) 
Seat 4: GerPer00 ($5.13 in chips) 
Seat 5: simmo5050 ($3.39 in chips) 
GerPer00: posts small blind $0.01
simmo5050: posts big blind $0.02
*** HOLE CARDS ***
Dealt to Lorpugo [Qh 4d]
Zoorroh: folds 
StefanoBio311: folds 
Lorpugo: raises $0.02 to $0.04
GerPer00: folds 
simmo5050: folds 
Uncalled bet ($0.02) returned to Lorpugo
Lorpugo collected $0.05 from pot
Lorpugo: doesn't show hand 
*** SUMMARY ***
Total pot $0.05 | Rake $0 
Seat 1: Zoorroh folded before Flop (didn't bet)
Seat 2: StefanoBio311 folded before Flop (didn't bet)
Seat 3: Lorpugo (button) collected ($0.05)
Seat 4: GerPer00 (small blind) folded before Flop
Seat 5: simmo5050 (big blind) folded before Flop



PokerStars Hand #240915874988:  Hold'em No Limit ($0.01/$0.02 USD) - 2023/01/04 17:30:04 ET
Table 'Ottilia II' 6-max Seat #4 is the button
Seat 1: Zoorroh ($3.30 in chips) 
Seat 2: StefanoBio311 ($2 in chips) 
Seat 3: Lorpugo ($1.51 in chips) 
Seat 4: GerPer00 ($5.12 in chips) 
Seat 5: simmo5050 ($3.37 in chips) 
Seat 6: darkmnk ($2 in chips) 
simmo5050: posts small blind $0.01
darkmnk: posts big blind $0.02
*** HOLE CARDS ***
Dealt to Lorpugo [Ad 5h]
Zoorroh: folds 
StefanoBio311: raises $0.03 to $0.05
Lorpugo: folds 
GerPer00: folds 
simmo5050: calls $0.04
darkmnk: calls $0.03
*** FLOP *** [Td Jh Kh]
simmo5050: bets $0.10
darkmnk: folds 
StefanoBio311: raises $0.20 to $0.30
simmo5050: raises $0.74 to $1.04
StefanoBio311: raises $0.91 to $1.95 and is all-in
simmo5050: calls $0.91
*** TURN *** [Td Jh Kh] [Ts]
*** RIVER *** [Td Jh Kh Ts] [4c]
*** SHOW DOWN ***
simmo5050: shows [Tc Kc] (a full house, Tens full of Kings)
StefanoBio311: shows [Qh 9d] (a straight, Nine to King)
simmo5050 collected $3.91 from pot
*** SUMMARY ***
Total pot $4.05 | Rake $0.14 
Board [Td Jh Kh Ts 4c]
Seat 1: Zoorroh folded before Flop (didn't bet)
Seat 2: StefanoBio311 showed [Qh 9d] and lost with a straight, Nine to King
Seat 3: Lorpugo folded before Flop (didn't bet)
Seat 4: GerPer00 (button) folded before Flop (didn't bet)
Seat 5: simmo5050 (small blind) showed [Tc Kc] and won ($3.91) with a full house, Tens full of Kings
Seat 6: darkmnk (big blind) folded on the Flop



PokerStars Hand #240915900393:  Hold'em No Limit ($0.01/$0.02 USD) - 2023/01/04 17:31:02 ET
Table 'Ottilia II' 6-max Seat #5 is the button
Seat 1: Zoorroh ($3.30 in chips) 
Seat 2: StefanoBio311 ($2 in chips) 
Seat 3: Lorpugo ($1.51 in chips) 
Seat 4: GerPer00 ($5.12 in chips) 
Seat 5: simmo5050 ($5.28 in chips) 
Seat 6: darkmnk ($2 in chips) 
darkmnk: posts small blind $0.01
Zoorroh: posts big blind $0.02
*** HOLE CARDS ***
Dealt to Lorpugo [3h Ad]
StefanoBio311: folds 
Lorpugo: raises $0.02 to $0.04
darkmnk is disconnected 
GerPer00: folds 
simmo5050: folds 
darkmnk has timed out while disconnected
darkmnk: folds 
Zoorroh: folds 
Uncalled bet ($0.02) returned to Lorpugo
Lorpugo collected $0.05 from pot
Lorpugo: doesn't show hand 
*** SUMMARY ***
Total pot $0.05 | Rake $0 
Seat 1: Zoorroh (big blind) folded before Flop
Seat 2: StefanoBio311 folded before Flop (didn't bet)
Seat 3: Lorpugo collected ($0.05)
Seat 4: GerPer00 folded before Flop (didn't bet)
Seat 5: simmo5050 (button) folded before Flop (didn't bet)
Seat 6: darkmnk (small blind) folded before Flop



PokerStars Hand #240915917374:  Hold'em No Limit ($0.01/$0.02 USD) - 2023/01/04 17:31:40 ET
Table 'Ottilia II' 6-max Seat #6 is the button
Seat 1: Zoorroh ($3.28 in chips) 
Seat 2: StefanoBio311 ($2 in chips) 
Seat 3: Lorpugo ($1.54 in chips) 
Seat 4: GerPer00 ($5.12 in chips) 
Seat 5: simmo5050 ($5.28 in chips) 
Seat 6: darkmnk ($2 in chips) 
Zoorroh: posts small blind $0.01
StefanoBio311: posts big blind $0.02
*** HOLE CARDS ***
Dealt to Lorpugo [9s Jc]
Lorpugo: raises $0.02 to $0.04
GerPer00: raises $0.08 to $0.12
simmo5050: folds 
darkmnk: folds 
Zoorroh: folds 
StefanoBio311: folds 
Lorpugo: calls $0.08
*** FLOP *** [Jd Kd Ah]
Lorpugo: checks 
GerPer00: bets $0.08
Lorpugo: calls $0.08
*** TURN *** [Jd Kd Ah] [3s]
Lorpugo: bets $0.02
GerPer00: calls $0.02
*** RIVER *** [Jd Kd Ah 3s] [7s]
Lorpugo: bets $0.02
GerPer00: calls $0.02
*** SHOW DOWN ***
Lorpugo: shows [9s Jc] (a pair of Jacks)
GerPer00: mucks hand 
Lorpugo collected $0.49 from pot
*** SUMMARY ***
Total pot $0.51 | Rake $0.02 
Board [Jd Kd Ah 3s 7s]
Seat 1: Zoorroh (small blind) folded before Flop
Seat 2: StefanoBio311 (big blind) folded before Flop
Seat 3: Lorpugo showed [9s Jc] and won ($0.49) with a pair of Jacks
Seat 4: GerPer00 mucked [Ts Td]
Seat 5: simmo5050 folded before Flop (didn't bet)
Seat 6: darkmnk (button) folded before Flop (didn't bet)



PokerStars Hand #240915937737:  Hold'em No Limit ($0.01/$0.02 USD) - 2023/01/04 17:32:27 ET
Table 'Ottilia II' 6-max Seat #1 is the button
Seat 1: Zoorroh ($3.27 in chips) 
Seat 2: StefanoBio311 ($2 in chips) 
Seat 3: Lorpugo ($1.79 in chips) 
Seat 4: GerPer00 ($4.88 in chips) 
Seat 5: simmo5050 ($5.28 in chips) 
Seat 6: darkmnk ($2 in chips) 
StefanoBio311: posts small blind $0.01
Lorpugo: posts big blind $0.02
*** HOLE CARDS ***
Dealt to Lorpugo [4s 5c]
GerPer00: folds 
simmo5050: folds 
darkmnk: folds 
Zoorroh: raises $0.03 to $0.05
StefanoBio311: folds 
Lorpugo: calls $0.03
*** FLOP *** [Tc 8c 7d]
Lorpugo: checks 
Zoorroh: checks 
*** TURN *** [Tc 8c 7d] [Jh]
Lorpugo: checks 
Zoorroh: checks 
*** RIVER *** [Tc 8c 7d Jh] [Js]
Lorpugo: bets $0.02
Zoorroh: folds 
Uncalled bet ($0.02) returned to Lorpugo
Lorpugo collected $0.11 from pot
Lorpugo: doesn't show hand 
*** SUMMARY ***
Total pot $0.11 | Rake $0 
Board [Tc 8c 7d Jh Js]
Seat 1: Zoorroh (button) folded on the River
Seat 2: StefanoBio311 (small blind) folded before Flop
Seat 3: Lorpugo (big blind) collected ($0.11)
Seat 4: GerPer00 folded before Flop (didn't bet)
Seat 5: simmo5050 folded before Flop (didn't bet)
Seat 6: darkmnk folded before Flop (didn't bet)



PokerStars Hand #240915959207:  Hold'em No Limit ($0.01/$0.02 USD) - 2023/01/04 17:33:16 ET
Table 'Ottilia II' 6-max Seat #2 is the button
Seat 1: Zoorroh ($3.22 in chips) 
Seat 2: StefanoBio311 ($2 in chips) 
Seat 3: Lorpugo ($1.85 in chips) 
Seat 4: GerPer00 ($4.88 in chips) 
Seat 5: simmo5050 ($5.28 in chips) 
Seat 6: darkmnk ($2 in chips) 
Lorpugo: posts small blind $0.01
GerPer00: posts big blind $0.02
*** HOLE CARDS ***
Dealt to Lorpugo [5d 8c]
simmo5050: folds 
darkmnk: raises $0.04 to $0.06
Zoorroh: folds 
StefanoBio311: folds 
Lorpugo: folds 
GerPer00: folds 
Uncalled bet ($0.04) returned to darkmnk
darkmnk collected $0.05 from pot
darkmnk: doesn't show hand 
*** SUMMARY ***
Total pot $0.05 | Rake $0 
Seat 1: Zoorroh folded before Flop (didn't bet)
Seat 2: StefanoBio311 (button) folded before Flop (didn't bet)
Seat 3: Lorpugo (small blind) folded before Flop
Seat 4: GerPer00 (big blind) folded before Flop
Seat 5: simmo5050 folded before Flop (didn't bet)
Seat 6: darkmnk collected ($0.05)



PokerStars Hand #240915967524:  Hold'em No Limit ($0.01/$0.02 USD) - 2023/01/04 17:33:35 ET
Table 'Ottilia II' 6-max Seat #3 is the button
Seat 1: Zoorroh ($3.22 in chips) 
Seat 2: StefanoBio311 ($2 in chips) 
Seat 3: Lorpugo ($1.84 in chips) 
Seat 4: GerPer00 ($4.86 in chips) 
Seat 6: darkmnk ($2.03 in chips) 
GerPer00: posts small blind $0.01
darkmnk: posts big blind $0.02
*** HOLE CARDS ***
Dealt to Lorpugo [4c As]
Zoorroh: raises $0.04 to $0.06
StefanoBio311: folds 
Lorpugo: folds 
simmo5050 leaves the table
GerPer00: folds 
darkmnk: calls $0.04
*** FLOP *** [Kh 6d 6h]
darkmnk: checks 
Zoorroh: bets $0.07
darkmnk: calls $0.07
*** TURN *** [Kh 6d 6h] [9c]
darkmnk: checks 
Zoorroh: bets $0.13
darkmnk: calls $0.13
*** RIVER *** [Kh 6d 6h 9c] [6s]
darkmnk: checks 
Zoorroh: checks 
*** SHOW DOWN ***
darkmnk: shows [Kd 7d] (a full house, Sixes full of Kings)
Zoorroh: mucks hand 
darkmnk collected $0.51 from pot
*** SUMMARY ***
Total pot $0.53 | Rake $0.02 
Board [Kh 6d 6h 9c 6s]
Seat 1: Zoorroh mucked [Jh Ts]
Seat 2: StefanoBio311 folded before Flop (didn't bet)
Seat 3: Lorpugo (button) folded before Flop (didn't bet)
Seat 4: GerPer00 (small blind) folded before Flop
Seat 6: darkmnk (big blind) showed [Kd 7d] and won ($0.51) with a full house, Sixes full of Kings



PokerStars Hand #240915984337:  Hold'em No Limit ($0.01/$0.02 USD) - 2023/01/04 17:34:14 ET
Table 'Ottilia II' 6-max Seat #4 is the button
Seat 1: Zoorroh ($2.96 in chips) 
Seat 2: StefanoBio311 ($2 in chips) 
Seat 3: Lorpugo ($1.84 in chips) 
Seat 4: GerPer00 ($4.85 in chips) 
Seat 6: darkmnk ($2.28 in chips) 
darkmnk: posts small blind $0.01
Zoorroh: posts big blind $0.02
*** HOLE CARDS ***
Dealt to Lorpugo [Ad 8h]
StefanoBio311: folds 
kkpote joins the table at seat #5 
Lorpugo: raises $0.02 to $0.04
GerPer00: folds 
darkmnk: raises $0.10 to $0.14
Zoorroh: folds 
Lorpugo: folds 
Uncalled bet ($0.10) returned to darkmnk
darkmnk collected $0.10 from pot
darkmnk: doesn't show hand 
*** SUMMARY ***
Total pot $0.10 | Rake $0 
Seat 1: Zoorroh (big blind) folded before Flop
Seat 2: StefanoBio311 folded before Flop (didn't bet)
Seat 3: Lorpugo folded before Flop
Seat 4: GerPer00 (button) folded before Flop (didn't bet)
Seat 6: darkmnk (small blind) collected ($0.10)



PokerStars Hand #240915994148:  Hold'em No Limit ($0.01/$0.02 USD) - 2023/01/04 17:34:37 ET
Table 'Ottilia II' 6-max Seat #6 is the button
Seat 1: Zoorroh ($2.94 in chips) 
Seat 2: StefanoBio311 ($2 in chips) 
Seat 3: Lorpugo ($1.80 in chips) 
Seat 4: GerPer00 ($4.85 in chips) 
Seat 6: darkmnk ($2.34 in chips) 
Zoorroh: posts small blind $0.01
StefanoBio311: posts big blind $0.02
*** HOLE CARDS ***
Dealt to Lorpugo [4d 5s]
Lorpugo: raises $0.02 to $0.04
GerPer00: folds 
darkmnk: raises $0.08 to $0.12
Zoorroh: folds 
StefanoBio311: folds 
Lorpugo: calls $0.08
*** FLOP *** [6h 8s As]
Lorpugo: bets $0.09
darkmnk: calls $0.09
*** TURN *** [6h 8s As] [5d]
Lorpugo: bets $0.22
darkmnk: folds 
Uncalled bet ($0.22) returned to Lorpugo
Lorpugo collected $0.43 from pot
Lorpugo: doesn't show hand 
*** SUMMARY ***
Total pot $0.45 | Rake $0.02 
Board [6h 8s As 5d]
Seat 1: Zoorroh (small blind) folded before Flop
Seat 2: StefanoBio311 (big blind) folded before Flop
Seat 3: Lorpugo collected ($0.43)
Seat 4: GerPer00 folded before Flop (didn't bet)
Seat 6: darkmnk (button) folded on the Turn



PokerStars Hand #240916013555:  Hold'em No Limit ($0.01/$0.02 USD) - 2023/01/04 17:35:21 ET
Table 'Ottilia II' 6-max Seat #1 is the button
Seat 1: Zoorroh ($2.93 in chips) 
Seat 2: StefanoBio311 ($2 in chips) 
Seat 3: Lorpugo ($2.02 in chips) 
Seat 4: GerPer00 ($4.85 in chips) 
Seat 5: kkpote ($2 in chips) 
Seat 6: darkmnk ($2.13 in chips) 
StefanoBio311: posts small blind $0.01
Lorpugo: posts big blind $0.02
kkpote: posts big blind $0.02
*** HOLE CARDS ***
Dealt to Lorpugo [9s Jh]
GerPer00: folds 
kkpote: checks 
darkmnk: folds 
Zoorroh: raises $0.06 to $0.08
StefanoBio311: folds 
Lorpugo: calls $0.06
kkpote: folds 
*** FLOP *** [2d Qc 5c]
Lorpugo: checks 
Zoorroh: bets $0.09
Lorpugo: raises $0.35 to $0.44
Zoorroh: folds 
Uncalled bet ($0.35) returned to Lorpugo
Lorpugo collected $0.36 from pot
Lorpugo: doesn't show hand 
*** SUMMARY ***
Total pot $0.37 | Rake $0.01 
Board [2d Qc 5c]
Seat 1: Zoorroh (button) folded on the Flop
Seat 2: StefanoBio311 (small blind) folded before Flop
Seat 3: Lorpugo (big blind) collected ($0.36)
Seat 4: GerPer00 folded before Flop (didn't bet)
Seat 5: kkpote folded before Flop (didn't bet)
Seat 6: darkmnk folded before Flop (didn't bet)



PokerStars Hand #240916027884:  Hold'em No Limit ($0.01/$0.02 USD) - 2023/01/04 17:35:54 ET
Table 'Ottilia II' 6-max Seat #2 is the button
Seat 1: Zoorroh ($2.76 in chips) 
Seat 2: StefanoBio311 ($2 in chips) 
Seat 3: Lorpugo ($2.21 in chips) 
Seat 4: GerPer00 ($4.85 in chips) 
Seat 5: kkpote ($1.98 in chips) 
Seat 6: darkmnk ($2.13 in chips) 
Lorpugo: posts small blind $0.01
GerPer00: posts big blind $0.02
*** HOLE CARDS ***
Dealt to Lorpugo [7s 6s]
kkpote has timed out
kkpote: folds 
darkmnk: folds 
Zoorroh: folds 
StefanoBio311: raises $0.03 to $0.05
Lorpugo: calls $0.04
GerPer00: calls $0.03
*** FLOP *** [7d 9s Qc]
Lorpugo: checks 
GerPer00: checks 
StefanoBio311: bets $0.05
Lorpugo: folds 
GerPer00: folds 
Uncalled bet ($0.05) returned to StefanoBio311
StefanoBio311 collected $0.14 from pot
StefanoBio311: doesn't show hand 
*** SUMMARY ***
Total pot $0.15 | Rake $0.01 
Board [7d 9s Qc]
Seat 1: Zoorroh folded before Flop (didn't bet)
Seat 2: StefanoBio311 (button) collected ($0.14)
Seat 3: Lorpugo (small blind) folded on the Flop
Seat 4: GerPer00 (big blind) folded on the Flop
Seat 5: kkpote folded before Flop (didn't bet)
Seat 6: darkmnk folded before Flop (didn't bet)



PokerStars Hand #240916047929:  Hold'em No Limit ($0.01/$0.02 USD) - 2023/01/04 17:36:41 ET
Table 'Ottilia II' 6-max Seat #3 is the button
Seat 1: Zoorroh ($2.76 in chips) 
Seat 2: StefanoBio311 ($2.09 in chips) 
Seat 3: Lorpugo ($2.16 in chips) 
Seat 4: GerPer00 ($4.80 in chips) 
Seat 5: kkpote ($1.98 in chips) 
Seat 6: darkmnk ($2.13 in chips) 
GerPer00: posts small blind $0.01
kkpote: posts big blind $0.02
*** HOLE CARDS ***
Dealt to Lorpugo [9d 4h]
darkmnk: folds 
Zoorroh: folds 
StefanoBio311: raises $0.03 to $0.05
Lorpugo: folds 
GerPer00: folds 
kkpote: calls $0.03
*** FLOP *** [2d Kh 4s]
kkpote: checks 
StefanoBio311: bets $0.04
kkpote: calls $0.04
*** TURN *** [2d Kh 4s] [Th]
kkpote: checks 
StefanoBio311: checks 
*** RIVER *** [2d Kh 4s Th] [7c]
kkpote: bets $0.16
StefanoBio311: folds 
Uncalled bet ($0.16) returned to kkpote
kkpote collected $0.18 from pot
kkpote: doesn't show hand 
*** SUMMARY ***
Total pot $0.19 | Rake $0.01 
Board [2d Kh 4s Th 7c]
Seat 1: Zoorroh folded before Flop (didn't bet)
Seat 2: StefanoBio311 folded on the River
Seat 3: Lorpugo (button) folded before Flop (didn't bet)
Seat 4: GerPer00 (small blind) folded before Flop
Seat 5: kkpote (big blind) collected ($0.18)
Seat 6: darkmnk folded before Flop (didn't bet)



PokerStars Hand #240916069652:  Hold'em No Limit ($0.01/$0.02 USD) - 2023/01/04 17:37:33 ET
Table 'Ottilia II' 6-max Seat #4 is the button
Seat 1: Zoorroh ($2.76 in chips) 
Seat 2: StefanoBio311 ($2 in chips) 
Seat 3: Lorpugo ($2.16 in chips) 
Seat 4: GerPer00 ($4.79 in chips) 
Seat 5: kkpote ($2.07 in chips) 
Seat 6: darkmnk ($2.13 in chips) 
kkpote: posts small blind $0.01
darkmnk: posts big blind $0.02
*** HOLE CARDS ***
Dealt to Lorpugo [9c 5h]
Zoorroh: folds 
StefanoBio311: folds 
Lorpugo: folds 
GerPer00: folds 
kkpote: folds 
Uncalled bet ($0.01) returned to darkmnk
darkmnk collected $0.02 from pot
darkmnk: doesn't show hand 
*** SUMMARY ***
Total pot $0.02 | Rake $0 
Seat 1: Zoorroh folded before Flop (didn't bet)
Seat 2: StefanoBio311 folded before Flop (didn't bet)
Seat 3: Lorpugo folded before Flop (didn't bet)
Seat 4: GerPer00 (button) folded before Flop (didn't bet)
Seat 5: kkpote (small blind) folded before Flop
Seat 6: darkmnk (big blind) collected ($0.02)



PokerStars Hand #240916077002:  Hold'em No Limit ($0.01/$0.02 USD) - 2023/01/04 17:37:50 ET
Table 'Ottilia II' 6-max Seat #5 is the button
Seat 1: Zoorroh ($2.76 in chips) 
Seat 2: StefanoBio311 ($2 in chips) 
Seat 3: Lorpugo ($2.16 in chips) 
Seat 4: GerPer00 ($4.79 in chips) 
Seat 5: kkpote ($2.06 in chips) 
Seat 6: darkmnk ($2.14 in chips) 
darkmnk: posts small blind $0.01
Zoorroh: posts big blind $0.02
*** HOLE CARDS ***
Dealt to Lorpugo [Td 3s]
StefanoBio311: folds 
Lorpugo: folds 
GerPer00: folds 
kkpote: folds 
darkmnk: raises $0.04 to $0.06
Zoorroh: folds 
Uncalled bet ($0.04) returned to darkmnk
darkmnk collected $0.04 from pot
darkmnk: doesn't show hand 
*** SUMMARY ***
Total pot $0.04 | Rake $0 
Seat 1: Zoorroh (big blind) folded before Flop
Seat 2: StefanoBio311 folded before Flop (didn't bet)
Seat 3: Lorpugo folded before Flop (didn't bet)
Seat 4: GerPer00 folded before Flop (didn't bet)
Seat 5: kkpote (button) folded before Flop (didn't bet)
Seat 6: darkmnk (small blind) collected ($0.04)



PokerStars Hand #240916084446:  Hold'em No Limit ($0.01/$0.02 USD) - 2023/01/04 17:38:07 ET
Table 'Ottilia II' 6-max Seat #6 is the button
Seat 1: Zoorroh ($2.74 in chips) 
Seat 2: StefanoBio311 ($2 in chips) 
Seat 3: Lorpugo ($2.16 in chips) 
Seat 4: GerPer00 ($4.79 in chips) 
Seat 5: kkpote ($2.06 in chips) 
Seat 6: darkmnk ($2.16 in chips) 
Zoorroh: posts small blind $0.01
StefanoBio311: posts big blind $0.02
*** HOLE CARDS ***
Dealt to Lorpugo [Ac Qc]
Lorpugo: raises $0.02 to $0.04
GerPer00: folds 
kkpote: folds 
darkmnk: calls $0.04
Zoorroh: calls $0.03
StefanoBio311: calls $0.02
*** FLOP *** [Js 4d 6s]
Zoorroh: checks 
StefanoBio311: checks 
Lorpugo: checks 
darkmnk: bets $0.06
Zoorroh: raises $0.14 to $0.20
StefanoBio311: folds 
Lorpugo: folds 
darkmnk: folds 
Uncalled bet ($0.14) returned to Zoorroh
Zoorroh collected $0.27 from pot
Zoorroh: doesn't show hand 
*** SUMMARY ***
Total pot $0.28 | Rake $0.01 
Board [Js 4d 6s]
Seat 1: Zoorroh (small blind) collected ($0.27)
Seat 2: StefanoBio311 (big blind) folded on the Flop
Seat 3: Lorpugo folded on the Flop
Seat 4: GerPer00 folded before Flop (didn't bet)
Seat 5: kkpote folded before Flop (didn't bet)
Seat 6: darkmnk (button) folded on the Flop



PokerStars Hand #240916103382:  Hold'em No Limit ($0.01/$0.02 USD) - 2023/01/04 17:38:51 ET
Table 'Ottilia II' 6-max Seat #1 is the button
Seat 1: Zoorroh ($2.91 in chips) 
Seat 2: StefanoBio311 ($2 in chips) 
Seat 3: Lorpugo ($2.12 in chips) 
Seat 4: GerPer00 ($4.79 in chips) 
Seat 5: kkpote ($2.06 in chips) 
Seat 6: darkmnk ($2.06 in chips) 
StefanoBio311: posts small blind $0.01
Lorpugo: posts big blind $0.02
*** HOLE CARDS ***
Dealt to Lorpugo [Kd 5c]
GerPer00: folds 
kkpote: folds 
darkmnk: folds 
Zoorroh: raises $0.03 to $0.05
StefanoBio311: calls $0.04
Lorpugo: folds 
*** FLOP *** [4s 5s Kh]
StefanoBio311: checks 
Zoorroh: bets $0.04
StefanoBio311: raises $0.08 to $0.12
Zoorroh: calls $0.08
*** TURN *** [4s 5s Kh] [7d]
StefanoBio311: checks 
Zoorroh: checks 
*** RIVER *** [4s 5s Kh 7d] [Qh]
StefanoBio311: bets $0.12
Zoorroh: calls $0.12
*** SHOW DOWN ***
StefanoBio311: shows [As 8s] (high card Ace)
Zoorroh: shows [Ah Ks] (a pair of Kings)
Zoorroh collected $0.58 from pot
*** SUMMARY ***
Total pot $0.60 | Rake $0.02 
Board [4s 5s Kh 7d Qh]
Seat 1: Zoorroh (button) showed [Ah Ks] and won ($0.58) with a pair of Kings
Seat 2: StefanoBio311 (small blind) showed [As 8s] and lost with high card Ace
Seat 3: Lorpugo (big blind) folded before Flop
Seat 4: GerPer00 folded before Flop (didn't bet)
Seat 5: kkpote folded before Flop (didn't bet)
Seat 6: darkmnk folded before Flop (didn't bet)



PokerStars Hand #240916132739:  Hold'em No Limit ($0.01/$0.02 USD) - 2023/01/04 17:40:01 ET
Table 'Ottilia II' 6-max Seat #2 is the button
Seat 1: Zoorroh ($3.20 in chips) 
Seat 2: StefanoBio311 ($2 in chips) 
Seat 3: Lorpugo ($2.10 in chips) 
Seat 4: GerPer00 ($4.79 in chips) 
Seat 5: kkpote ($2.06 in chips) 
Seat 6: darkmnk ($2.06 in chips) 
Lorpugo: posts small blind $0.01
GerPer00: posts big blind $0.02
*** HOLE CARDS ***
Dealt to Lorpugo [9s 6s]
kkpote: folds 
darkmnk: folds 
Zoorroh: folds 
StefanoBio311: folds 
Lorpugo: raises $0.04 to $0.06
GerPer00: folds 
Uncalled bet ($0.04) returned to Lorpugo
Lorpugo collected $0.04 from pot
Lorpugo: doesn't show hand 
*** SUMMARY ***
Total pot $0.04 | Rake $0 
Seat 1: Zoorroh folded before Flop (didn't bet)
Seat 2: StefanoBio311 (button) folded before Flop (didn't bet)
Seat 3: Lorpugo (small blind) collected ($0.04)
Seat 4: GerPer00 (big blind) folded before Flop
Seat 5: kkpote folded before Flop (didn't bet)
Seat 6: darkmnk folded before Flop (didn't bet)



PokerStars Hand #240916138708:  Hold'em No Limit ($0.01/$0.02 USD) - 2023/01/04 17:40:15 ET
Table 'Ottilia II' 6-max Seat #3 is the button
Seat 1: Zoorroh ($3.20 in chips) 
Seat 2: StefanoBio311 ($2 in chips) 
Seat 3: Lorpugo ($2.12 in chips) 
Seat 4: GerPer00 ($4.77 in chips) 
Seat 5: kkpote ($2.06 in chips) 
Seat 6: darkmnk ($2.06 in chips) 
GerPer00: posts small blind $0.01
kkpote: posts big blind $0.02
*** HOLE CARDS ***
Dealt to Lorpugo [5h Td]
darkmnk: folds 
Zoorroh: raises $0.04 to $0.06
StefanoBio311: folds 
Lorpugo: folds 
GerPer00: calls $0.05
kkpote: calls $0.04
*** FLOP *** [3h As 9d]
GerPer00: checks 
kkpote: checks 
Zoorroh: bets $0.06
GerPer00: folds 
kkpote: calls $0.06
*** TURN *** [3h As 9d] [4c]
kkpote: checks 
Zoorroh: checks 
*** RIVER *** [3h As 9d 4c] [Kd]
kkpote: checks 
Zoorroh: checks 
*** SHOW DOWN ***
kkpote: shows [7c 9h] (a pair of Nines)
Zoorroh: shows [Js Ks] (a pair of Kings)
Zoorroh collected $0.29 from pot
*** SUMMARY ***
Total pot $0.30 | Rake $0.01 
Board [3h As 9d 4c Kd]
Seat 1: Zoorroh showed [Js Ks] and won ($0.29) with a pair of Kings
Seat 2: StefanoBio311 folded before Flop (didn't bet)
Seat 3: Lorpugo (button) folded before Flop (didn't bet)
Seat 4: GerPer00 (small blind) folded on the Flop
Seat 5: kkpote (big blind) showed [7c 9h] and lost with a pair of Nines
Seat 6: darkmnk folded before Flop (didn't bet)



PokerStars Hand #240916169801:  Hold'em No Limit ($0.01/$0.02 USD) - 2023/01/04 17:41:28 ET
Table 'Ottilia II' 6-max Seat #4 is the button
Seat 1: Zoorroh ($3.37 in chips) 
Seat 2: StefanoBio311 ($2 in chips) 
Seat 3: Lorpugo ($2.12 in chips) 
Seat 4: GerPer00 ($4.71 in chips) 
Seat 5: kkpote ($1.94 in chips) 
Seat 6: darkmnk ($2.06 in chips) 
kkpote: posts small blind $0.01
darkmnk: posts big blind $0.02
*** HOLE CARDS ***
Dealt to Lorpugo [9h 6s]
Zoorroh: folds 
StefanoBio311: raises $0.03 to $0.05
Lorpugo: folds 
GerPer00: folds 
kkpote: folds 
darkmnk: folds 
Uncalled bet ($0.03) returned to StefanoBio311
StefanoBio311 collected $0.05 from pot
StefanoBio311: doesn't show hand 
*** SUMMARY ***
Total pot $0.05 | Rake $0 
Seat 1: Zoorroh folded before Flop (didn't bet)
Seat 2: StefanoBio311 collected ($0.05)
Seat 3: Lorpugo folded before Flop (didn't bet)
Seat 4: GerPer00 (button) folded before Flop (didn't bet)
Seat 5: kkpote (small blind) folded before Flop
Seat 6: darkmnk (big blind) folded before Flop



PokerStars Hand #240916177034:  Hold'em No Limit ($0.01/$0.02 USD) - 2023/01/04 17:41:46 ET
Table 'Ottilia II' 6-max Seat #5 is the button
Seat 1: Zoorroh ($3.37 in chips) 
Seat 2: StefanoBio311 ($2.03 in chips) 
Seat 3: Lorpugo ($2.12 in chips) 
Seat 4: GerPer00 ($4.71 in chips) 
Seat 5: kkpote ($1.93 in chips) 
Seat 6: darkmnk ($2.04 in chips) 
darkmnk: posts small blind $0.01
Zoorroh: posts big blind $0.02
*** HOLE CARDS ***
Dealt to Lorpugo [3c Tc]
StefanoBio311: raises $0.03 to $0.05
Lorpugo: folds 
GerPer00: folds 
kkpote: folds 
darkmnk: folds 
Zoorroh: folds 
Uncalled bet ($0.03) returned to StefanoBio311
StefanoBio311 collected $0.05 from pot
StefanoBio311: doesn't show hand 
*** SUMMARY ***
Total pot $0.05 | Rake $0 
Seat 1: Zoorroh (big blind) folded before Flop
Seat 2: StefanoBio311 collected ($0.05)
Seat 3: Lorpugo folded before Flop (didn't bet)
Seat 4: GerPer00 folded before Flop (didn't bet)
Seat 5: kkpote (button) folded before Flop (didn't bet)
Seat 6: darkmnk (small blind) folded before Flop



PokerStars Hand #240916182975:  Hold'em No Limit ($0.01/$0.02 USD) - 2023/01/04 17:42:00 ET
Table 'Ottilia II' 6-max Seat #6 is the button
Seat 1: Zoorroh ($3.35 in chips) 
Seat 2: StefanoBio311 ($2.06 in chips) 
Seat 3: Lorpugo ($2.12 in chips) 
Seat 4: GerPer00 ($4.71 in chips) 
Seat 5: kkpote ($1.93 in chips) 
Seat 6: darkmnk ($2.03 in chips) 
Zoorroh: posts small blind $0.01
StefanoBio311: posts big blind $0.02
*** HOLE CARDS ***
Dealt to Lorpugo [9c Th]
Lorpugo: raises $0.02 to $0.04
GerPer00: folds 
kkpote: raises $0.15 to $0.19
darkmnk: folds 
Zoorroh: folds 
StefanoBio311: folds 
Lorpugo: folds 
Uncalled bet ($0.15) returned to kkpote
kkpote collected $0.11 from pot
kkpote: doesn't show hand 
*** SUMMARY ***
Total pot $0.11 | Rake $0 
Seat 1: Zoorroh (small blind) folded before Flop
Seat 2: StefanoBio311 (big blind) folded before Flop
Seat 3: Lorpugo folded before Flop
Seat 4: GerPer00 folded before Flop (didn't bet)
Seat 5: kkpote collected ($0.11)
Seat 6: darkmnk (button) folded before Flop (didn't bet)



PokerStars Hand #240916194587:  Hold'em No Limit ($0.01/$0.02 USD) - 2023/01/04 17:42:27 ET
Table 'Ottilia II' 6-max Seat #1 is the button
Seat 1: Zoorroh ($3.34 in chips) 
Seat 2: StefanoBio311 ($2.04 in chips) 
Seat 3: Lorpugo ($2.08 in chips) 
Seat 4: GerPer00 ($4.71 in chips) 
Seat 5: kkpote ($2 in chips) 
Seat 6: darkmnk ($2.03 in chips) 
StefanoBio311: posts small blind $0.01
Lorpugo: posts big blind $0.02
*** HOLE CARDS ***
Dealt to Lorpugo [3d Qs]
GerPer00: folds 
kkpote: folds 
darkmnk: raises $0.04 to $0.06
Zoorroh: calls $0.06
StefanoBio311: folds 
Lorpugo: folds 
*** FLOP *** [3h As Ts]
darkmnk: checks 
Zoorroh: bets $0.07
darkmnk: calls $0.07
*** TURN *** [3h As Ts] [6d]
darkmnk: checks 
Zoorroh: bets $0.22
darkmnk: calls $0.22
*** RIVER *** [3h As Ts 6d] [2h]
darkmnk: checks 
Zoorroh: bets $0.56
darkmnk: calls $0.56
*** SHOW DOWN ***
Zoorroh: shows [Ad Tc] (two pair, Aces and Tens)
darkmnk: mucks hand 
Zoorroh collected $1.79 from pot
*** SUMMARY ***
Total pot $1.85 | Rake $0.06 
Board [3h As Ts 6d 2h]
Seat 1: Zoorroh (button) showed [Ad Tc] and won ($1.79) with two pair, Aces and Tens
Seat 2: StefanoBio311 (small blind) folded before Flop
Seat 3: Lorpugo (big blind) folded before Flop
Seat 4: GerPer00 folded before Flop (didn't bet)
Seat 5: kkpote folded before Flop (didn't bet)
Seat 6: darkmnk mucked [8c Ah]



PokerStars Hand #240916215536:  Hold'em No Limit ($0.01/$0.02 USD) - 2023/01/04 17:43:17 ET
Table 'Ottilia II' 6-max Seat #2 is the button
Seat 1: Zoorroh ($4.22 in chips) 
Seat 2: StefanoBio311 ($2.03 in chips) 
Seat 3: Lorpugo ($2.06 in chips) 
Seat 4: GerPer00 ($4.71 in chips) 
Seat 5: kkpote ($2 in chips) 
Seat 6: darkmnk ($2 in chips) 
Lorpugo: posts small blind $0.01
GerPer00: posts big blind $0.02
*** HOLE CARDS ***
Dealt to Lorpugo [7s 8s]
kkpote: folds 
darkmnk: folds 
Zoorroh: folds 
StefanoBio311: raises $0.03 to $0.05
Lorpugo: raises $0.19 to $0.24
GerPer00: folds 
StefanoBio311: folds 
Uncalled bet ($0.19) returned to Lorpugo
Lorpugo collected $0.12 from pot
Lorpugo: doesn't show hand 
*** SUMMARY ***
Total pot $0.12 | Rake $0 
Seat 1: Zoorroh folded before Flop (didn't bet)
Seat 2: StefanoBio311 (button) folded before Flop
Seat 3: Lorpugo (small blind) collected ($0.12)
Seat 4: GerPer00 (big blind) folded before Flop
Seat 5: kkpote folded before Flop (didn't bet)
Seat 6: darkmnk folded before Flop (didn't bet)



PokerStars Hand #240916224019:  Hold'em No Limit ($0.01/$0.02 USD) - 2023/01/04 17:43:37 ET
Table 'Ottilia II' 6-max Seat #3 is the button
Seat 1: Zoorroh ($4.22 in chips) 
Seat 2: StefanoBio311 ($2 in chips) 
Seat 3: Lorpugo ($2.13 in chips) 
Seat 4: GerPer00 ($4.69 in chips) 
Seat 5: kkpote ($2 in chips) 
Seat 6: darkmnk ($2 in chips) 
GerPer00: posts small blind $0.01
kkpote: posts big blind $0.02
*** HOLE CARDS ***
Dealt to Lorpugo [7s 4d]
darkmnk: folds 
Zoorroh: folds 
StefanoBio311: folds 
Lorpugo: folds 
GerPer00: folds 
Uncalled bet ($0.01) returned to kkpote
kkpote collected $0.02 from pot
kkpote: doesn't show hand 
*** SUMMARY ***
Total pot $0.02 | Rake $0 
Seat 1: Zoorroh folded before Flop (didn't bet)
Seat 2: StefanoBio311 folded before Flop (didn't bet)
Seat 3: Lorpugo (button) folded before Flop (didn't bet)
Seat 4: GerPer00 (small blind) folded before Flop
Seat 5: kkpote (big blind) collected ($0.02)
Seat 6: darkmnk folded before Flop (didn't bet)



PokerStars Hand #240916229882:  Hold'em No Limit ($0.01/$0.02 USD) - 2023/01/04 17:43:51 ET
Table 'Ottilia II' 6-max Seat #4 is the button
Seat 1: Zoorroh ($4.22 in chips) 
Seat 2: StefanoBio311 ($2 in chips) 
Seat 3: Lorpugo ($2.13 in chips) 
Seat 4: GerPer00 ($4.68 in chips) 
Seat 5: kkpote ($2.01 in chips) 
Seat 6: darkmnk ($2 in chips) 
kkpote: posts small blind $0.01
darkmnk: posts big blind $0.02
*** HOLE CARDS ***
Dealt to Lorpugo [Ac 6h]
Zoorroh: folds 
Zoorroh leaves the table
StefanoBio311: folds 
Lorpugo: raises $0.02 to $0.04
SAras273 joins the table at seat #1 
GerPer00: folds 
kkpote: folds 
darkmnk: folds 
Uncalled bet ($0.02) returned to Lorpugo
Lorpugo collected $0.05 from pot
Lorpugo: doesn't show hand 
*** SUMMARY ***
Total pot $0.05 | Rake $0 
Seat 1: Zoorroh folded before Flop (didn't bet)
Seat 2: StefanoBio311 folded before Flop (didn't bet)
Seat 3: Lorpugo collected ($0.05)
Seat 4: GerPer00 (button) folded before Flop (didn't bet)
Seat 5: kkpote (small blind) folded before Flop
Seat 6: darkmnk (big blind) folded before Flop



PokerStars Hand #240916236017:  Hold'em No Limit ($0.01/$0.02 USD) - 2023/01/04 17:44:06 ET
Table 'Ottilia II' 6-max Seat #5 is the button
Seat 1: SAras273 ($2 in chips) 
Seat 2: StefanoBio311 ($2 in chips) 
Seat 3: Lorpugo ($2.16 in chips) 
Seat 4: GerPer00 ($4.68 in chips) 
Seat 5: kkpote ($2 in chips) 
Seat 6: darkmnk ($2 in chips) 
darkmnk: posts small blind $0.01
SAras273: posts big blind $0.02
*** HOLE CARDS ***
Dealt to Lorpugo [Kh 2s]
StefanoBio311: folds 
Lorpugo: folds 
GerPer00: raises $0.03 to $0.05
kkpote: folds 
darkmnk: folds 
SAras273: calls $0.03
*** FLOP *** [8h 6d Tc]
SAras273: checks 
GerPer00: checks 
*** TURN *** [8h 6d Tc] [Jd]
SAras273: checks 
GerPer00: checks 
*** RIVER *** [8h 6d Tc Jd] [Ks]
SAras273: checks 
GerPer00: checks 
*** SHOW DOWN ***
SAras273: shows [7c 7d] (a pair of Sevens)
GerPer00: mucks hand 
SAras273 collected $0.11 from pot
*** SUMMARY ***
Total pot $0.11 | Rake $0 
Board [8h 6d Tc Jd Ks]
Seat 1: SAras273 (big blind) showed [7c 7d] and won ($0.11) with a pair of Sevens
Seat 2: StefanoBio311 folded before Flop (didn't bet)
Seat 3: Lorpugo folded before Flop (didn't bet)
Seat 4: GerPer00 mucked [5h 5d]
Seat 5: kkpote (button) folded before Flop (didn't bet)
Seat 6: darkmnk (small blind) folded before Flop



PokerStars Hand #240916253678:  Hold'em No Limit ($0.01/$0.02 USD) - 2023/01/04 17:44:48 ET
Table 'Ottilia II' 6-max Seat #6 is the button
Seat 1: SAras273 ($2.06 in chips) 
Seat 2: StefanoBio311 ($2 in chips) 
Seat 3: Lorpugo ($2.16 in chips) 
Seat 4: GerPer00 ($4.63 in chips) 
Seat 5: kkpote ($2 in chips) 
Seat 6: darkmnk ($2 in chips) 
SAras273: posts small blind $0.01
StefanoBio311: posts big blind $0.02
*** HOLE CARDS ***
Dealt to Lorpugo [8h 5s]
Lorpugo: folds 
GerPer00: folds 
kkpote: folds 
darkmnk: folds 
SAras273: folds 
Uncalled bet ($0.01) returned to StefanoBio311
StefanoBio311 collected $0.02 from pot
StefanoBio311: doesn't show hand 
*** SUMMARY ***
Total pot $0.02 | Rake $0 
Seat 1: SAras273 (small blind) folded before Flop
Seat 2: StefanoBio311 (big blind) collected ($0.02)
Seat 3: Lorpugo folded before Flop (didn't bet)
Seat 4: GerPer00 folded before Flop (didn't bet)
Seat 5: kkpote folded before Flop (didn't bet)
Seat 6: darkmnk (button) folded before Flop (didn't bet)



PokerStars Hand #240916258674:  Hold'em No Limit ($0.01/$0.02 USD) - 2023/01/04 17:45:00 ET
Table 'Ottilia II' 6-max Seat #1 is the button
Seat 1: SAras273 ($2.05 in chips) 
Seat 2: StefanoBio311 ($2.01 in chips) 
Seat 3: Lorpugo ($2.16 in chips) 
Seat 4: GerPer00 ($4.63 in chips) 
Seat 5: kkpote ($2 in chips) 
Seat 6: darkmnk ($2 in chips) 
StefanoBio311: posts small blind $0.01
Lorpugo: posts big blind $0.02
*** HOLE CARDS ***
Dealt to Lorpugo [Qh 2c]
GerPer00: folds 
kkpote: folds 
darkmnk: folds 
SAras273: raises $0.04 to $0.06
StefanoBio311: folds 
Lorpugo: folds 
Uncalled bet ($0.04) returned to SAras273
SAras273 collected $0.05 from pot
SAras273: doesn't show hand 
*** SUMMARY ***
Total pot $0.05 | Rake $0 
Seat 1: SAras273 (button) collected ($0.05)
Seat 2: StefanoBio311 (small blind) folded before Flop
Seat 3: Lorpugo (big blind) folded before Flop
Seat 4: GerPer00 folded before Flop (didn't bet)
Seat 5: kkpote folded before Flop (didn't bet)
Seat 6: darkmnk folded before Flop (didn't bet)



PokerStars Hand #240916267835:  Hold'em No Limit ($0.01/$0.02 USD) - 2023/01/04 17:45:23 ET
Table 'Ottilia II' 6-max Seat #2 is the button
Seat 1: SAras273 ($2.08 in chips) 
Seat 2: StefanoBio311 ($2 in chips) 
Seat 3: Lorpugo ($2.14 in chips) 
Seat 4: GerPer00 ($4.63 in chips) 
Seat 5: kkpote ($2 in chips) 
Seat 6: darkmnk ($2 in chips) 
Lorpugo: posts small blind $0.01
GerPer00: posts big blind $0.02
*** HOLE CARDS ***
Dealt to Lorpugo [8c Qd]
kkpote: folds 
darkmnk: raises $0.02 to $0.04
SAras273: folds 
StefanoBio311: folds 
Lorpugo: calls $0.03
GerPer00: calls $0.02
*** FLOP *** [8h As Ah]
Lorpugo: bets $0.02
GerPer00: folds 
darkmnk: calls $0.02
*** TURN *** [8h As Ah] [Tc]
Lorpugo: bets $0.02
darkmnk: calls $0.02
*** RIVER *** [8h As Ah Tc] [8s]
Lorpugo: bets $0.02
darkmnk: raises $0.16 to $0.18
Lorpugo: calls $0.16
*** SHOW DOWN ***
darkmnk: shows [7c 7s] (two pair, Aces and Eights)
Lorpugo: shows [8c Qd] (a full house, Eights full of Aces)
Lorpugo collected $0.54 from pot
*** SUMMARY ***
Total pot $0.56 | Rake $0.02 
Board [8h As Ah Tc 8s]
Seat 1: SAras273 folded before Flop (didn't bet)
Seat 2: StefanoBio311 (button) folded before Flop (didn't bet)
Seat 3: Lorpugo (small blind) showed [8c Qd] and won ($0.54) with a full house, Eights full of Aces
Seat 4: GerPer00 (big blind) folded on the Flop
Seat 5: kkpote folded before Flop (didn't bet)
Seat 6: darkmnk showed [7c 7s] and lost with two pair, Aces and Eights



PokerStars Hand #240916300521:  Hold'em No Limit ($0.01/$0.02 USD) - 2023/01/04 17:46:41 ET
Table 'Ottilia II' 6-max Seat #3 is the button
Seat 1: SAras273 ($2.08 in chips) 
Seat 2: StefanoBio311 ($2 in chips) 
Seat 3: Lorpugo ($2.42 in chips) 
Seat 4: GerPer00 ($4.59 in chips) 
Seat 5: kkpote ($2 in chips) 
Seat 6: darkmnk ($2 in chips) 
GerPer00: posts small blind $0.01
kkpote: posts big blind $0.02
*** HOLE CARDS ***
Dealt to Lorpugo [Jd 3d]
darkmnk: folds 
SAras273: folds 
StefanoBio311: folds 
Lorpugo: raises $0.02 to $0.04
GerPer00: folds 
kkpote: calls $0.02
*** FLOP *** [5h 9s Kd]
kkpote: checks 
Lorpugo: checks 
*** TURN *** [5h 9s Kd] [7h]
kkpote: bets $0.05
Lorpugo: folds 
Uncalled bet ($0.05) returned to kkpote
kkpote collected $0.09 from pot
kkpote: doesn't show hand 
*** SUMMARY ***
Total pot $0.09 | Rake $0 
Board [5h 9s Kd 7h]
Seat 1: SAras273 folded before Flop (didn't bet)
Seat 2: StefanoBio311 folded before Flop (didn't bet)
Seat 3: Lorpugo (button) folded on the Turn
Seat 4: GerPer00 (small blind) folded before Flop
Seat 5: kkpote (big blind) collected ($0.09)
Seat 6: darkmnk folded before Flop (didn't bet)



PokerStars Hand #240916313945:  Hold'em No Limit ($0.01/$0.02 USD) - 2023/01/04 17:47:14 ET
Table 'Ottilia II' 6-max Seat #4 is the button
Seat 1: SAras273 ($2.08 in chips) 
Seat 2: StefanoBio311 ($2 in chips) 
Seat 3: Lorpugo ($2.38 in chips) 
Seat 4: GerPer00 ($4.58 in chips) 
Seat 5: kkpote ($2.05 in chips) 
Seat 6: darkmnk ($2 in chips) 
kkpote: posts small blind $0.01
darkmnk: posts big blind $0.02
*** HOLE CARDS ***
Dealt to Lorpugo [6s 8h]
SAras273: folds 
StefanoBio311: raises $0.03 to $0.05
Lorpugo: folds 
GerPer00: folds 
kkpote: calls $0.04
darkmnk: raises $0.15 to $0.20
StefanoBio311: calls $0.15
kkpote: calls $0.15
*** FLOP *** [2c 3d 5s]
kkpote: checks 
darkmnk: bets $0.29
StefanoBio311: folds 
kkpote: folds 
Uncalled bet ($0.29) returned to darkmnk
darkmnk collected $0.58 from pot
darkmnk: doesn't show hand 
*** SUMMARY ***
Total pot $0.60 | Rake $0.02 
Board [2c 3d 5s]
Seat 1: SAras273 folded before Flop (didn't bet)
Seat 2: StefanoBio311 folded on the Flop
Seat 3: Lorpugo folded before Flop (didn't bet)
Seat 4: GerPer00 (button) folded before Flop (didn't bet)
Seat 5: kkpote (small blind) folded on the Flop
Seat 6: darkmnk (big blind) collected ($0.58)



PokerStars Hand #240916330844:  Hold'em No Limit ($0.01/$0.02 USD) - 2023/01/04 17:47:55 ET
Table 'Ottilia II' 6-max Seat #5 is the button
Seat 1: SAras273 ($2.08 in chips) 
Seat 2: StefanoBio311 ($2 in chips) 
Seat 3: Lorpugo ($2.38 in chips) 
Seat 4: GerPer00 ($4.58 in chips) 
Seat 5: kkpote ($1.85 in chips) 
Seat 6: darkmnk ($2.38 in chips) 
darkmnk: posts small blind $0.01
SAras273: posts big blind $0.02
*** HOLE CARDS ***
Dealt to Lorpugo [9c 4h]
StefanoBio311: raises $0.03 to $0.05
Lorpugo: folds 
GerPer00: folds 
kkpote: calls $0.05
darkmnk: folds 
SAras273: calls $0.03
*** FLOP *** [Ah 2c 6c]
SAras273: checks 
StefanoBio311: checks 
kkpote: bets $0.08
SAras273: folds 
StefanoBio311: folds 
Uncalled bet ($0.08) returned to kkpote
kkpote collected $0.15 from pot
kkpote: doesn't show hand 
*** SUMMARY ***
Total pot $0.16 | Rake $0.01 
Board [Ah 2c 6c]
Seat 1: SAras273 (big blind) folded on the Flop
Seat 2: StefanoBio311 folded on the Flop
Seat 3: Lorpugo folded before Flop (didn't bet)
Seat 4: GerPer00 folded before Flop (didn't bet)
Seat 5: kkpote (button) collected ($0.15)
Seat 6: darkmnk (small blind) folded before Flop



PokerStars Hand #240916351606:  Hold'em No Limit ($0.01/$0.02 USD) - 2023/01/04 17:48:45 ET
Table 'Ottilia II' 6-max Seat #6 is the button
Seat 1: SAras273 ($2.03 in chips) 
Seat 2: StefanoBio311 ($2 in chips) 
Seat 3: Lorpugo ($2.38 in chips) 
Seat 4: GerPer00 ($4.58 in chips) 
Seat 5: kkpote ($1.95 in chips) 
Seat 6: darkmnk ($2.37 in chips) 
SAras273: posts small blind $0.01
StefanoBio311: posts big blind $0.02
*** HOLE CARDS ***
Dealt to Lorpugo [4d 5c]
Lorpugo: folds 
GerPer00: folds 
kkpote: folds 
darkmnk: raises $0.04 to $0.06
SAras273: folds 
StefanoBio311: calls $0.04
*** FLOP *** [6s Kc 3s]
StefanoBio311: checks 
darkmnk: bets $0.10
StefanoBio311: raises $0.20 to $0.30
darkmnk: calls $0.20
*** TURN *** [6s Kc 3s] [6d]
StefanoBio311: checks 
darkmnk: checks 
*** RIVER *** [6s Kc 3s 6d] [6c]
StefanoBio311: bets $0.23
darkmnk: raises $0.87 to $1.10
StefanoBio311: calls $0.87
*** SHOW DOWN ***
darkmnk: shows [9s Kd] (a full house, Sixes full of Kings)
StefanoBio311: shows [7h Kh] (a full house, Sixes full of Kings)
StefanoBio311 collected $1.42 from pot
darkmnk collected $1.41 from pot
*** SUMMARY ***
Total pot $2.93 | Rake $0.10 
Board [6s Kc 3s 6d 6c]
Seat 1: SAras273 (small blind) folded before Flop
Seat 2: StefanoBio311 (big blind) showed [7h Kh] and won ($1.42) with a full house, Sixes full of Kings
Seat 3: Lorpugo folded before Flop (didn't bet)
Seat 4: GerPer00 folded before Flop (didn't bet)
Seat 5: kkpote folded before Flop (didn't bet)
Seat 6: darkmnk (button) showed [9s Kd] and won ($1.41) with a full house, Sixes full of Kings



PokerStars Hand #240916389232:  Hold'em No Limit ($0.01/$0.02 USD) - 2023/01/04 17:50:18 ET
Table 'Ottilia II' 6-max Seat #1 is the button
Seat 1: SAras273 ($2.02 in chips) 
Seat 2: StefanoBio311 ($2 in chips) 
Seat 3: Lorpugo ($2.38 in chips) 
Seat 4: GerPer00 ($4.58 in chips) 
Seat 5: kkpote ($1.95 in chips) 
Seat 6: darkmnk ($2.32 in chips) 
StefanoBio311: posts small blind $0.01
Lorpugo: posts big blind $0.02
*** HOLE CARDS ***
Dealt to Lorpugo [Jd 7h]
GerPer00: folds 
kkpote has timed out
kkpote: folds 
darkmnk: folds 
SAras273: folds 
StefanoBio311: raises $0.03 to $0.05
Lorpugo: raises $0.11 to $0.16
StefanoBio311: calls $0.11
*** FLOP *** [4s 9h Td]
StefanoBio311: checks 
Lorpugo: bets $0.02
StefanoBio311: calls $0.02
*** TURN *** [4s 9h Td] [Qc]
StefanoBio311: checks 
Lorpugo: bets $0.18
StefanoBio311: raises $0.36 to $0.54
Lorpugo: folds 
Uncalled bet ($0.36) returned to StefanoBio311
StefanoBio311 collected $0.69 from pot
StefanoBio311: doesn't show hand 
*** SUMMARY ***
Total pot $0.72 | Rake $0.03 
Board [4s 9h Td Qc]
Seat 1: SAras273 (button) folded before Flop (didn't bet)
Seat 2: StefanoBio311 (small blind) collected ($0.69)
Seat 3: Lorpugo (big blind) folded on the Turn
Seat 4: GerPer00 folded before Flop (didn't bet)
Seat 5: kkpote folded before Flop (didn't bet)
Seat 6: darkmnk folded before Flop (didn't bet)



PokerStars Hand #240916422509:  Hold'em No Limit ($0.01/$0.02 USD) - 2023/01/04 17:51:40 ET
Table 'Ottilia II' 6-max Seat #2 is the button
Seat 1: SAras273 ($2.02 in chips) 
Seat 2: StefanoBio311 ($2.33 in chips) 
Seat 3: Lorpugo ($2.02 in chips) 
Seat 4: GerPer00 ($4.58 in chips) 
Seat 5: kkpote ($1.95 in chips) 
Seat 6: darkmnk ($2.32 in chips) 
Lorpugo: posts small blind $0.01
GerPer00: posts big blind $0.02
*** HOLE CARDS ***
Dealt to Lorpugo [3d 9s]
kkpote: raises $0.04 to $0.06
darkmnk: folds 
SAras273: folds 
StefanoBio311: folds 
Lorpugo: folds 
GerPer00: folds 
Uncalled bet ($0.04) returned to kkpote
kkpote collected $0.05 from pot
kkpote: doesn't show hand 
*** SUMMARY ***
Total pot $0.05 | Rake $0 
Seat 1: SAras273 folded before Flop (didn't bet)
Seat 2: StefanoBio311 (button) folded before Flop (didn't bet)
Seat 3: Lorpugo (small blind) folded before Flop
Seat 4: GerPer00 (big blind) folded before Flop
Seat 5: kkpote collected ($0.05)
Seat 6: darkmnk folded before Flop (didn't bet)



PokerStars Hand #240916428244:  Hold'em No Limit ($0.01/$0.02 USD) - 2023/01/04 17:51:55 ET
Table 'Ottilia II' 6-max Seat #3 is the button
Seat 1: SAras273 ($2.02 in chips) 
Seat 2: StefanoBio311 ($2.33 in chips) 
Seat 3: Lorpugo ($2.01 in chips) 
Seat 4: GerPer00 ($4.56 in chips) 
Seat 5: kkpote ($1.98 in chips) 
Seat 6: darkmnk ($2.32 in chips) 
GerPer00: posts small blind $0.01
kkpote: posts big blind $0.02
*** HOLE CARDS ***
Dealt to Lorpugo [Ac Kh]
darkmnk: folds 
SAras273: folds 
StefanoBio311: raises $0.03 to $0.05
Lorpugo: raises $0.03 to $0.08
GerPer00: folds 
kkpote: folds 
StefanoBio311: raises $0.16 to $0.24
Lorpugo: raises $0.51 to $0.75
StefanoBio311: calls $0.51
*** FLOP *** [6h 4c 8d]
kkpote leaves the table
StefanoBio311: checks 
Lucas Lemos0222 joins the table at seat #5 
Lorpugo: bets $1.26 and is all-in
StefanoBio311: folds 
Uncalled bet ($1.26) returned to Lorpugo
Lorpugo collected $1.48 from pot
Lorpugo: doesn't show hand 
*** SUMMARY ***
Total pot $1.53 | Rake $0.05 
Board [6h 4c 8d]
Seat 1: SAras273 folded before Flop (didn't bet)
Seat 2: StefanoBio311 folded on the Flop
Seat 3: Lorpugo (button) collected ($1.48)
Seat 4: GerPer00 (small blind) folded before Flop
Seat 5: kkpote (big blind) folded before Flop
Seat 6: darkmnk folded before Flop (didn't bet)



PokerStars Hand #240916451215:  Hold'em No Limit ($0.01/$0.02 USD) - 2023/01/04 17:52:53 ET
Table 'Ottilia II' 6-max Seat #4 is the button
Seat 1: SAras273 ($2.02 in chips) 
Seat 2: StefanoBio311 ($2 in chips) 
Seat 3: Lorpugo ($2.74 in chips) 
Seat 4: GerPer00 ($4.55 in chips) 
Seat 6: darkmnk ($2.32 in chips) 
darkmnk: posts small blind $0.01
SAras273: posts big blind $0.02
*** HOLE CARDS ***
Dealt to Lorpugo [6h 7s]
StefanoBio311: raises $0.03 to $0.05
Lorpugo: calls $0.05
GerPer00: calls $0.05
darkmnk: folds 
SAras273: folds 
*** FLOP *** [Td 8c 9d]
StefanoBio311: checks 
Lorpugo: bets $0.02
GerPer00: calls $0.02
StefanoBio311: calls $0.02
*** TURN *** [Td 8c 9d] [3c]
StefanoBio311: checks 
Lorpugo: bets $0.23
GerPer00: folds 
StefanoBio311: folds 
Uncalled bet ($0.23) returned to Lorpugo
Lorpugo collected $0.23 from pot
Lorpugo: doesn't show hand 
*** SUMMARY ***
Total pot $0.24 | Rake $0.01 
Board [Td 8c 9d 3c]
Seat 1: SAras273 (big blind) folded before Flop
Seat 2: StefanoBio311 folded on the Turn
Seat 3: Lorpugo collected ($0.23)
Seat 4: GerPer00 (button) folded on the Turn
Seat 6: darkmnk (small blind) folded before Flop



PokerStars Hand #240916472191:  Hold'em No Limit ($0.01/$0.02 USD) - 2023/01/04 17:53:45 ET
Table 'Ottilia II' 6-max Seat #6 is the button
Seat 1: SAras273 ($2 in chips) 
Seat 2: StefanoBio311 ($2 in chips) 
Seat 3: Lorpugo ($2.90 in chips) 
Seat 4: GerPer00 ($4.48 in chips) 
Seat 5: Lucas Lemos0222 ($1.20 in chips) 
Seat 6: darkmnk ($2.31 in chips) 
SAras273: posts small blind $0.01
StefanoBio311: posts big blind $0.02
Lucas Lemos0222: posts big blind $0.02
*** HOLE CARDS ***
Dealt to Lorpugo [5d 2h]
Lorpugo: folds 
GerPer00: folds 
Lucas Lemos0222: checks 
darkmnk: folds 
SAras273: folds 
StefanoBio311: checks 
*** FLOP *** [Kc Kh 5c]
StefanoBio311: bets $0.02
Lucas Lemos0222: folds 
Uncalled bet ($0.02) returned to StefanoBio311
StefanoBio311 collected $0.05 from pot
StefanoBio311: doesn't show hand 
*** SUMMARY ***
Total pot $0.05 | Rake $0 
Board [Kc Kh 5c]
Seat 1: SAras273 (small blind) folded before Flop
Seat 2: StefanoBio311 (big blind) collected ($0.05)
Seat 3: Lorpugo folded before Flop (didn't bet)
Seat 4: GerPer00 folded before Flop (didn't bet)
Seat 5: Lucas Lemos0222 folded on the Flop (didn't bet)
Seat 6: darkmnk (button) folded before Flop (didn't bet)



PokerStars Hand #240916480516:  Hold'em No Limit ($0.01/$0.02 USD) - 2023/01/04 17:54:06 ET
Table 'Ottilia II' 6-max Seat #1 is the button
Seat 1: SAras273 ($2 in chips) 
Seat 2: StefanoBio311 ($2.03 in chips) 
Seat 3: Lorpugo ($2.90 in chips) 
Seat 4: GerPer00 ($4.48 in chips) 
Seat 5: Lucas Lemos0222 ($1.18 in chips) 
Seat 6: darkmnk ($2.31 in chips) 
StefanoBio311: posts small blind $0.01
Lorpugo: posts big blind $0.02
*** HOLE CARDS ***
Dealt to Lorpugo [9s 8d]
GerPer00: folds 
Lucas Lemos0222: raises $0.04 to $0.06
darkmnk: folds 
SAras273: folds 
StefanoBio311: folds 
Lorpugo: calls $0.04
*** FLOP *** [5d 3c 7c]
Lorpugo: bets $0.04
Lucas Lemos0222: calls $0.04
*** TURN *** [5d 3c 7c] [4d]
Lorpugo: bets $0.10
Lucas Lemos0222: calls $0.10
*** RIVER *** [5d 3c 7c 4d] [6d]
Lorpugo: bets $2.70 and is all-in
Lucas Lemos0222: folds 
Uncalled bet ($2.70) returned to Lorpugo
Lorpugo collected $0.40 from pot
Lorpugo: doesn't show hand 
*** SUMMARY ***
Total pot $0.41 | Rake $0.01 
Board [5d 3c 7c 4d 6d]
Seat 1: SAras273 (button) folded before Flop (didn't bet)
Seat 2: StefanoBio311 (small blind) folded before Flop
Seat 3: Lorpugo (big blind) collected ($0.40)
Seat 4: GerPer00 folded before Flop (didn't bet)
Seat 5: Lucas Lemos0222 folded on the River
Seat 6: darkmnk folded before Flop (didn't bet)



PokerStars Hand #240916503196:  Hold'em No Limit ($0.01/$0.02 USD) - 2023/01/04 17:55:03 ET
Table 'Ottilia II' 6-max Seat #2 is the button
Seat 1: SAras273 ($2 in chips) 
Seat 2: StefanoBio311 ($2.02 in chips) 
Seat 3: Lorpugo ($3.10 in chips) 
Seat 4: GerPer00 ($4.48 in chips) 
Seat 5: Lucas Lemos0222 ($0.98 in chips) 
Seat 6: darkmnk ($2.31 in chips) 
Lorpugo: posts small blind $0.01
GerPer00: posts big blind $0.02
*** HOLE CARDS ***
Dealt to Lorpugo [5h 7h]
Lucas Lemos0222: folds 
darkmnk: folds 
SAras273: raises $0.04 to $0.06
StefanoBio311: calls $0.06
Lorpugo: calls $0.05
GerPer00: calls $0.04
*** FLOP *** [Tc Jc 4c]
Lorpugo: checks 
GerPer00: checks 
SAras273: checks 
StefanoBio311: checks 
*** TURN *** [Tc Jc 4c] [5d]
Lorpugo: checks 
GerPer00: checks 
SAras273: checks 
StefanoBio311: checks 
*** RIVER *** [Tc Jc 4c 5d] [Ac]
Lorpugo: checks 
GerPer00: checks 
SAras273: checks 
StefanoBio311: checks 
*** SHOW DOWN ***
Lorpugo: shows [5h 7h] (a pair of Fives)
GerPer00: shows [Ad 3d] (a pair of Aces)
SAras273: mucks hand 
StefanoBio311: shows [8d 8c] (a flush, Ace high)
StefanoBio311 collected $0.23 from pot
*** SUMMARY ***
Total pot $0.24 | Rake $0.01 
Board [Tc Jc 4c 5d Ac]
Seat 1: SAras273 mucked [Kd Js]
Seat 2: StefanoBio311 (button) showed [8d 8c] and won ($0.23) with a flush, Ace high
Seat 3: Lorpugo (small blind) showed [5h 7h] and lost with a pair of Fives
Seat 4: GerPer00 (big blind) showed [Ad 3d] and lost with a pair of Aces
Seat 5: Lucas Lemos0222 folded before Flop (didn't bet)
Seat 6: darkmnk folded before Flop (didn't bet)



PokerStars Hand #240916533754:  Hold'em No Limit ($0.01/$0.02 USD) - 2023/01/04 17:56:43 ET
Table 'Ottilia II' 6-max Seat #3 is the button
Seat 1: SAras273 ($2 in chips) 
Seat 2: StefanoBio311 ($2.19 in chips) 
Seat 3: Lorpugo ($3.04 in chips) 
Seat 4: GerPer00 ($4.42 in chips) 
Seat 5: Lucas Lemos0222 ($0.98 in chips) 
Seat 6: darkmnk ($2.31 in chips) 
GerPer00: posts small blind $0.01
Lucas Lemos0222: posts big blind $0.02
*** HOLE CARDS ***
Dealt to Lorpugo [5h 5s]
darkmnk: folds 
SAras273: raises $0.04 to $0.06
StefanoBio311: folds 
Lorpugo: calls $0.06
GerPer00: folds 
Lucas Lemos0222: folds 
*** FLOP *** [Kh Qc 3d]
SAras273: checks 
Lorpugo: bets $0.02
SAras273: raises $0.14 to $0.16
Lorpugo: folds 
Uncalled bet ($0.14) returned to SAras273
SAras273 collected $0.18 from pot
SAras273: doesn't show hand 
*** SUMMARY ***
Total pot $0.19 | Rake $0.01 
Board [Kh Qc 3d]
Seat 1: SAras273 collected ($0.18)
Seat 2: StefanoBio311 folded before Flop (didn't bet)
Seat 3: Lorpugo (button) folded on the Flop
Seat 4: GerPer00 (small blind) folded before Flop
Seat 5: Lucas Lemos0222 (big blind) folded before Flop
Seat 6: darkmnk folded before Flop (didn't bet)



PokerStars Hand #240916548084:  Hold'em No Limit ($0.01/$0.02 USD) - 2023/01/04 17:57:29 ET
Table 'Ottilia II' 6-max Seat #4 is the button
Seat 1: SAras273 ($2.10 in chips) 
Seat 2: StefanoBio311 ($2.19 in chips) 
Seat 3: Lorpugo ($2.96 in chips) 
Seat 4: GerPer00 ($4.41 in chips) 
Seat 5: Lucas Lemos0222 ($0.96 in chips) 
Seat 6: darkmnk ($2.31 in chips) 
Lucas Lemos0222: posts small blind $0.01
darkmnk: posts big blind $0.02
*** HOLE CARDS ***
Dealt to Lorpugo [3h Kc]
SAras273: raises $0.04 to $0.06
StefanoBio311: calls $0.06
Lorpugo: folds 
GerPer00: raises $0.18 to $0.24
Lucas Lemos0222: folds 
darkmnk: folds 
SAras273: calls $0.18
StefanoBio311: folds 
*** FLOP *** [4c 3s Ac]
SAras273: checks 
GerPer00: bets $0.28
SAras273: folds 
Uncalled bet ($0.28) returned to GerPer00
GerPer00 collected $0.55 from pot
GerPer00: doesn't show hand 
*** SUMMARY ***
Total pot $0.57 | Rake $0.02 
Board [4c 3s Ac]
Seat 1: SAras273 folded on the Flop
Seat 2: StefanoBio311 folded before Flop
Seat 3: Lorpugo folded before Flop (didn't bet)
Seat 4: GerPer00 (button) collected ($0.55)
Seat 5: Lucas Lemos0222 (small blind) folded before Flop
Seat 6: darkmnk (big blind) folded before Flop



PokerStars Hand #240916559387:  Hold'em No Limit ($0.01/$0.02 USD) - 2023/01/04 17:58:06 ET
Table 'Ottilia II' 6-max Seat #5 is the button
Seat 1: SAras273 ($2 in chips) 
Seat 2: StefanoBio311 ($2.13 in chips) 
Seat 3: Lorpugo ($2.96 in chips) 
Seat 4: GerPer00 ($4.72 in chips) 
Seat 5: Lucas Lemos0222 ($0.95 in chips) 
Seat 6: darkmnk ($2.29 in chips) 
darkmnk: posts small blind $0.01
SAras273: posts big blind $0.02
*** HOLE CARDS ***
Dealt to Lorpugo [Kc 7c]
StefanoBio311: folds 
Lorpugo: raises $0.02 to $0.04
GerPer00: folds 
Lucas Lemos0222: calls $0.04
darkmnk: folds 
SAras273: calls $0.02
*** FLOP *** [5h 9s 9h]
SAras273: checks 
Lorpugo: bets $0.07
Lucas Lemos0222: folds 
SAras273: calls $0.07
*** TURN *** [5h 9s 9h] [3d]
SAras273: checks 
Lorpugo: bets $0.26
SAras273: calls $0.26
*** RIVER *** [5h 9s 9h 3d] [Th]
SAras273: checks 
Lorpugo: checks 
*** SHOW DOWN ***
SAras273: shows [9c Jd] (three of a kind, Nines)
Lorpugo: mucks hand 
SAras273 collected $0.76 from pot
*** SUMMARY ***
Total pot $0.79 | Rake $0.03 
Board [5h 9s 9h 3d Th]
Seat 1: SAras273 (big blind) showed [9c Jd] and won ($0.76) with three of a kind, Nines
Seat 2: StefanoBio311 folded before Flop (didn't bet)
Seat 3: Lorpugo mucked [Kc 7c]
Seat 4: GerPer00 folded before Flop (didn't bet)
Seat 5: Lucas Lemos0222 (button) folded on the Flop
Seat 6: darkmnk (small blind) folded before Flop



