PokerStars Hand #240823263285:  Hold'em No Limit ($0.01/$0.02 USD) - 2022/12/31 14:19:11 ET
Table 'Irma II' 6-max Seat #4 is the button
Seat 1: nielsox ($1.99 in chips) 
Seat 2: A Gaf A ($2.47 in chips) 
Seat 3: CzeczonTomi ($0.99 in chips) 
Seat 4: Fernholz, Armin ($4.21 in chips) 
Seat 5: emersona ($1.79 in chips) 
Seat 6: Lorpugo ($1.60 in chips) 
emersona: posts small blind $0.01
Lorpugo: posts big blind $0.02
CzeczonTomi: posts big blind $0.02
*** HOLE CARDS ***
Dealt to Lorpugo [3c Qd]
nielsox: folds 
A Gaf A: folds 
CzeczonTomi: checks 
Fernholz, Armin: calls $0.02
emersona: calls $0.01
Lorpugo: checks 
*** FLOP *** [4c Ts 8s]
emersona: checks 
Lorpugo: checks 
CzeczonTomi: bets $0.04
Fernholz, Armin: calls $0.04
emersona: folds 
Lorpugo: folds 
*** TURN *** [4c Ts 8s] [2d]
CzeczonTomi: checks 
Fernholz, Armin: checks 
*** RIVER *** [4c Ts 8s 2d] [Qc]
CzeczonTomi: checks 
Fernholz, Armin: checks 
*** SHOW DOWN ***
CzeczonTomi: shows [8c 7c] (a pair of Eights)
Fernholz, Armin: mucks hand 
CzeczonTomi collected $0.15 from pot
*** SUMMARY ***
Total pot $0.16 | Rake $0.01 
Board [4c Ts 8s 2d Qc]
Seat 1: nielsox folded before Flop (didn't bet)
Seat 2: A Gaf A folded before Flop (didn't bet)
Seat 3: CzeczonTomi showed [8c 7c] and won ($0.15) with a pair of Eights
Seat 4: Fernholz, Armin (button) mucked [Kh Ad]
Seat 5: emersona (small blind) folded on the Flop
Seat 6: Lorpugo (big blind) folded on the Flop



PokerStars Hand #240823280550:  Hold'em No Limit ($0.01/$0.02 USD) - 2022/12/31 14:20:13 ET
Table 'Irma II' 6-max Seat #5 is the button
Seat 1: nielsox ($1.99 in chips) 
Seat 2: A Gaf A ($2.47 in chips) 
Seat 3: CzeczonTomi ($1.08 in chips) 
Seat 4: Fernholz, Armin ($4.15 in chips) 
Seat 5: emersona ($1.77 in chips) 
Seat 6: Lorpugo ($1.58 in chips) 
Lorpugo: posts small blind $0.01
nielsox: posts big blind $0.02
*** HOLE CARDS ***
Dealt to Lorpugo [Tc 5s]
A Gaf A: folds 
CzeczonTomi: folds 
Fernholz, Armin: folds 
emersona: folds 
CzeczonTomi leaves the table
Lorpugo: raises $0.04 to $0.06
nielsox: calls $0.04
*** FLOP *** [2d 6d 7c]
Lorpugo: bets $0.06
nielsox: calls $0.06
*** TURN *** [2d 6d 7c] [4h]
Bamfever joins the table at seat #3 
Lorpugo: bets $0.30
nielsox: folds 
Uncalled bet ($0.30) returned to Lorpugo
Lorpugo collected $0.23 from pot
Lorpugo: doesn't show hand 
*** SUMMARY ***
Total pot $0.24 | Rake $0.01 
Board [2d 6d 7c 4h]
Seat 1: nielsox (big blind) folded on the Turn
Seat 2: A Gaf A folded before Flop (didn't bet)
Seat 3: CzeczonTomi folded before Flop (didn't bet)
Seat 4: Fernholz, Armin folded before Flop (didn't bet)
Seat 5: emersona (button) folded before Flop (didn't bet)
Seat 6: Lorpugo (small blind) collected ($0.23)



PokerStars Hand #240823296663:  Hold'em No Limit ($0.01/$0.02 USD) - 2022/12/31 14:21:12 ET
Table 'Irma II' 6-max Seat #6 is the button
Seat 1: nielsox ($1.87 in chips) 
Seat 2: A Gaf A ($2.47 in chips) 
Seat 4: Fernholz, Armin ($4.15 in chips) 
Seat 5: emersona ($1.77 in chips) 
Seat 6: Lorpugo ($1.69 in chips) 
nielsox: posts small blind $0.01
A Gaf A: posts big blind $0.02
*** HOLE CARDS ***
Dealt to Lorpugo [6s 8s]
Fernholz, Armin: folds 
emersona: raises $0.02 to $0.04
Lorpugo: raises $0.11 to $0.15
nielsox: folds 
A Gaf A: folds 
emersona: folds 
Uncalled bet ($0.11) returned to Lorpugo
Lorpugo collected $0.11 from pot
Lorpugo: doesn't show hand 
*** SUMMARY ***
Total pot $0.11 | Rake $0 
Seat 1: nielsox (small blind) folded before Flop
Seat 2: A Gaf A (big blind) folded before Flop
Seat 4: Fernholz, Armin folded before Flop (didn't bet)
Seat 5: emersona folded before Flop
Seat 6: Lorpugo (button) collected ($0.11)



PokerStars Hand #240823303857:  Hold'em No Limit ($0.01/$0.02 USD) - 2022/12/31 14:21:37 ET
Table 'Irma II' 6-max Seat #1 is the button
Seat 1: nielsox ($1.86 in chips) 
Seat 2: A Gaf A ($2.45 in chips) 
Seat 3: Bamfever ($2 in chips) 
Seat 4: Fernholz, Armin ($4.15 in chips) 
Seat 5: emersona ($1.73 in chips) 
Seat 6: Lorpugo ($1.76 in chips) 
A Gaf A: posts small blind $0.01
Bamfever: posts big blind $0.02
*** HOLE CARDS ***
Dealt to Lorpugo [Tc Kc]
Fernholz, Armin: folds 
emersona: folds 
Lorpugo: raises $0.04 to $0.06
nielsox: calls $0.06
A Gaf A: folds 
Bamfever: folds 
*** FLOP *** [5s 9c Ac]
Lorpugo: bets $0.07
nielsox: calls $0.07
*** TURN *** [5s 9c Ac] [2d]
Lorpugo: bets $0.26
nielsox: folds 
Uncalled bet ($0.26) returned to Lorpugo
Lorpugo collected $0.28 from pot
Lorpugo: doesn't show hand 
*** SUMMARY ***
Total pot $0.29 | Rake $0.01 
Board [5s 9c Ac 2d]
Seat 1: nielsox (button) folded on the Turn
Seat 2: A Gaf A (small blind) folded before Flop
Seat 3: Bamfever (big blind) folded before Flop
Seat 4: Fernholz, Armin folded before Flop (didn't bet)
Seat 5: emersona folded before Flop (didn't bet)
Seat 6: Lorpugo collected ($0.28)



PokerStars Hand #240823317055:  Hold'em No Limit ($0.01/$0.02 USD) - 2022/12/31 14:22:25 ET
Table 'Irma II' 6-max Seat #2 is the button
Seat 1: nielsox ($1.73 in chips) 
Seat 2: A Gaf A ($2.44 in chips) 
Seat 3: Bamfever ($1.98 in chips) 
Seat 4: Fernholz, Armin ($4.15 in chips) 
Seat 5: emersona ($1.73 in chips) 
Seat 6: Lorpugo ($1.91 in chips) 
Bamfever: posts small blind $0.01
Fernholz, Armin: posts big blind $0.02
*** HOLE CARDS ***
Dealt to Lorpugo [5h Jd]
emersona: raises $0.02 to $0.04
Lorpugo: folds 
nielsox: calls $0.04
A Gaf A: folds 
Bamfever: folds 
Fernholz, Armin: folds 
*** FLOP *** [Ks 8h 8d]
emersona: checks 
nielsox: checks 
*** TURN *** [Ks 8h 8d] [7d]
emersona: bets $0.02
nielsox: calls $0.02
*** RIVER *** [Ks 8h 8d 7d] [6h]
Fernholz, Armin leaves the table
emersona: bets $0.09
nielsox: folds 
Uncalled bet ($0.09) returned to emersona
emersona collected $0.14 from pot
emersona: doesn't show hand 
*** SUMMARY ***
Total pot $0.15 | Rake $0.01 
Board [Ks 8h 8d 7d 6h]
Seat 1: nielsox folded on the River
Seat 2: A Gaf A (button) folded before Flop (didn't bet)
Seat 3: Bamfever (small blind) folded before Flop
Seat 4: Fernholz, Armin (big blind) folded before Flop
Seat 5: emersona collected ($0.14)
Seat 6: Lorpugo folded before Flop (didn't bet)



PokerStars Hand #240823332262:  Hold'em No Limit ($0.01/$0.02 USD) - 2022/12/31 14:23:21 ET
Table 'Irma II' 6-max Seat #3 is the button
Seat 1: nielsox ($1.94 in chips) 
Seat 2: A Gaf A ($2.44 in chips) 
Seat 3: Bamfever ($1.97 in chips) 
Seat 5: emersona ($1.81 in chips) 
Seat 6: Lorpugo ($1.91 in chips) 
emersona: posts small blind $0.01
Lorpugo: posts big blind $0.02
*** HOLE CARDS ***
Dealt to Lorpugo [2s Qc]
nielsox: raises $0.03 to $0.05
iliasmanou joins the table at seat #4 
A Gaf A: folds 
Bamfever: raises $0.13 to $0.18
emersona: folds 
Lorpugo: folds 
nielsox: calls $0.13
*** FLOP *** [3s Kh 7c]
nielsox: checks 
Bamfever: checks 
*** TURN *** [3s Kh 7c] [Td]
nielsox: bets $0.17
Bamfever: folds 
Uncalled bet ($0.17) returned to nielsox
nielsox collected $0.38 from pot
nielsox: doesn't show hand 
*** SUMMARY ***
Total pot $0.39 | Rake $0.01 
Board [3s Kh 7c Td]
Seat 1: nielsox collected ($0.38)
Seat 2: A Gaf A folded before Flop (didn't bet)
Seat 3: Bamfever (button) folded on the Turn
Seat 5: emersona (small blind) folded before Flop
Seat 6: Lorpugo (big blind) folded before Flop



PokerStars Hand #240823344020:  Hold'em No Limit ($0.01/$0.02 USD) - 2022/12/31 14:24:04 ET
Table 'Irma II' 6-max Seat #5 is the button
Seat 1: nielsox ($2.14 in chips) 
Seat 2: A Gaf A ($2.44 in chips) 
Seat 3: Bamfever ($1.79 in chips) 
Seat 5: emersona ($1.80 in chips) 
Seat 6: Lorpugo ($1.89 in chips) 
Lorpugo: posts small blind $0.01
nielsox: posts big blind $0.02
*** HOLE CARDS ***
Dealt to Lorpugo [3h Js]
A Gaf A: raises $0.04 to $0.06
Bamfever: calls $0.06
emersona: folds 
Lorpugo: folds 
nielsox: calls $0.04
*** FLOP *** [7s 5c 2s]
nielsox: checks 
A Gaf A: checks 
Bamfever: checks 
*** TURN *** [7s 5c 2s] [As]
nielsox: checks 
A Gaf A: bets $0.13
Bamfever: folds 
nielsox: folds 
Uncalled bet ($0.13) returned to A Gaf A
A Gaf A collected $0.18 from pot
*** SUMMARY ***
Total pot $0.19 | Rake $0.01 
Board [7s 5c 2s As]
Seat 1: nielsox (big blind) folded on the Turn
Seat 2: A Gaf A collected ($0.18)
Seat 3: Bamfever folded on the Turn
Seat 5: emersona (button) folded before Flop (didn't bet)
Seat 6: Lorpugo (small blind) folded before Flop



PokerStars Hand #240823355903:  Hold'em No Limit ($0.01/$0.02 USD) - 2022/12/31 14:24:47 ET
Table 'Irma II' 6-max Seat #6 is the button
Seat 1: nielsox ($2.08 in chips) 
Seat 2: A Gaf A ($2.56 in chips) 
Seat 3: Bamfever ($1.73 in chips) 
Seat 4: iliasmanou ($2 in chips) 
Seat 5: emersona ($1.80 in chips) 
Seat 6: Lorpugo ($1.88 in chips) 
nielsox: posts small blind $0.01
A Gaf A: posts big blind $0.02
iliasmanou: posts big blind $0.02
*** HOLE CARDS ***
Dealt to Lorpugo [6s 5d]
Bamfever: calls $0.02
iliasmanou: checks 
emersona: folds 
Lorpugo: folds 
nielsox: folds 
A Gaf A: checks 
*** FLOP *** [8d 9s 3s]
A Gaf A: checks 
Bamfever: checks 
iliasmanou: checks 
*** TURN *** [8d 9s 3s] [2h]
A Gaf A: bets $0.04
Bamfever: folds 
iliasmanou: folds 
Uncalled bet ($0.04) returned to A Gaf A
A Gaf A collected $0.07 from pot
*** SUMMARY ***
Total pot $0.07 | Rake $0 
Board [8d 9s 3s 2h]
Seat 1: nielsox (small blind) folded before Flop
Seat 2: A Gaf A (big blind) collected ($0.07)
Seat 3: Bamfever folded on the Turn
Seat 4: iliasmanou folded on the Turn (didn't bet)
Seat 5: emersona folded before Flop (didn't bet)
Seat 6: Lorpugo (button) folded before Flop (didn't bet)



PokerStars Hand #240823367636:  Hold'em No Limit ($0.01/$0.02 USD) - 2022/12/31 14:25:30 ET
Table 'Irma II' 6-max Seat #1 is the button
Seat 1: nielsox ($2.07 in chips) 
Seat 2: A Gaf A ($2.61 in chips) 
Seat 3: Bamfever ($1.71 in chips) 
Seat 4: iliasmanou ($1.98 in chips) 
Seat 5: emersona ($1.80 in chips) 
Seat 6: Lorpugo ($1.88 in chips) 
A Gaf A: posts small blind $0.01
Bamfever: posts big blind $0.02
*** HOLE CARDS ***
Dealt to Lorpugo [Th 6c]
iliasmanou: raises $0.02 to $0.04
emersona: folds 
Lorpugo: folds 
nielsox: calls $0.04
A Gaf A: folds 
Bamfever: folds 
*** FLOP *** [4d As Ad]
iliasmanou: bets $0.06
nielsox: folds 
Uncalled bet ($0.06) returned to iliasmanou
iliasmanou collected $0.11 from pot
*** SUMMARY ***
Total pot $0.11 | Rake $0 
Board [4d As Ad]
Seat 1: nielsox (button) folded on the Flop
Seat 2: A Gaf A (small blind) folded before Flop
Seat 3: Bamfever (big blind) folded before Flop
Seat 4: iliasmanou collected ($0.11)
Seat 5: emersona folded before Flop (didn't bet)
Seat 6: Lorpugo folded before Flop (didn't bet)



PokerStars Hand #240823377665:  Hold'em No Limit ($0.01/$0.02 USD) - 2022/12/31 14:26:06 ET
Table 'Irma II' 6-max Seat #2 is the button
Seat 1: nielsox ($2.03 in chips) 
Seat 2: A Gaf A ($2.60 in chips) 
Seat 3: Bamfever ($1.69 in chips) 
Seat 4: iliasmanou ($2.05 in chips) 
Seat 5: emersona ($1.80 in chips) 
Seat 6: Lorpugo ($1.88 in chips) 
Bamfever: posts small blind $0.01
iliasmanou: posts big blind $0.02
*** HOLE CARDS ***
Dealt to Lorpugo [2h 2d]
emersona: calls $0.02
Lorpugo: calls $0.02
nielsox: raises $0.04 to $0.06
A Gaf A: folds 
Bamfever: folds 
iliasmanou: calls $0.04
emersona: folds 
Lorpugo: calls $0.04
*** FLOP *** [3s 4c 4h]
iliasmanou: checks 
Lorpugo: bets $0.07
nielsox: calls $0.07
iliasmanou: folds 
*** TURN *** [3s 4c 4h] [9c]
Lorpugo: bets $0.11
nielsox: calls $0.11
*** RIVER *** [3s 4c 4h 9c] [Kc]
Lorpugo: checks 
nielsox: bets $0.32
Lorpugo: folds 
Uncalled bet ($0.32) returned to nielsox
nielsox collected $0.55 from pot
nielsox: doesn't show hand 
*** SUMMARY ***
Total pot $0.57 | Rake $0.02 
Board [3s 4c 4h 9c Kc]
Seat 1: nielsox collected ($0.55)
Seat 2: A Gaf A (button) folded before Flop (didn't bet)
Seat 3: Bamfever (small blind) folded before Flop
Seat 4: iliasmanou (big blind) folded on the Flop
Seat 5: emersona folded before Flop
Seat 6: Lorpugo folded on the River



PokerStars Hand #240823401907:  Hold'em No Limit ($0.01/$0.02 USD) - 2022/12/31 14:27:37 ET
Table 'Irma II' 6-max Seat #3 is the button
Seat 1: nielsox ($2.34 in chips) 
Seat 2: A Gaf A ($2.60 in chips) 
Seat 3: Bamfever ($1.68 in chips) 
Seat 4: iliasmanou ($1.99 in chips) 
Seat 5: emersona ($1.78 in chips) 
Seat 6: Lorpugo ($1.64 in chips) 
iliasmanou: posts small blind $0.01
emersona: posts big blind $0.02
*** HOLE CARDS ***
Dealt to Lorpugo [Jh Kh]
Lorpugo: raises $0.04 to $0.06
nielsox: folds 
A Gaf A: folds 
Bamfever: folds 
iliasmanou: calls $0.05
emersona: calls $0.04
*** FLOP *** [5c 5h 4h]
iliasmanou: checks 
emersona: checks 
Lorpugo: bets $0.09
iliasmanou: calls $0.09
emersona: folds 
*** TURN *** [5c 5h 4h] [4c]
iliasmanou: checks 
Lorpugo: checks 
*** RIVER *** [5c 5h 4h 4c] [3c]
iliasmanou: bets $0.18
Lorpugo: folds 
Uncalled bet ($0.18) returned to iliasmanou
iliasmanou collected $0.35 from pot
*** SUMMARY ***
Total pot $0.36 | Rake $0.01 
Board [5c 5h 4h 4c 3c]
Seat 1: nielsox folded before Flop (didn't bet)
Seat 2: A Gaf A folded before Flop (didn't bet)
Seat 3: Bamfever (button) folded before Flop (didn't bet)
Seat 4: iliasmanou (small blind) collected ($0.35)
Seat 5: emersona (big blind) folded on the Flop
Seat 6: Lorpugo folded on the River



PokerStars Hand #240823418642:  Hold'em No Limit ($0.01/$0.02 USD) - 2022/12/31 14:28:40 ET
Table 'Irma II' 6-max Seat #4 is the button
Seat 1: nielsox ($2.34 in chips) 
Seat 2: A Gaf A ($2.60 in chips) 
Seat 3: Bamfever ($1.68 in chips) 
Seat 4: iliasmanou ($2.19 in chips) 
Seat 5: emersona ($1.72 in chips) 
Seat 6: Lorpugo ($1.49 in chips) 
emersona: posts small blind $0.01
Lorpugo: posts big blind $0.02
*** HOLE CARDS ***
Dealt to Lorpugo [7c Ts]
nielsox: folds 
A Gaf A: folds 
Bamfever: folds 
iliasmanou: raises $0.04 to $0.06
emersona: folds 
Lorpugo: folds 
Uncalled bet ($0.04) returned to iliasmanou
iliasmanou collected $0.05 from pot
*** SUMMARY ***
Total pot $0.05 | Rake $0 
Seat 1: nielsox folded before Flop (didn't bet)
Seat 2: A Gaf A folded before Flop (didn't bet)
Seat 3: Bamfever folded before Flop (didn't bet)
Seat 4: iliasmanou (button) collected ($0.05)
Seat 5: emersona (small blind) folded before Flop
Seat 6: Lorpugo (big blind) folded before Flop



PokerStars Hand #240823424318:  Hold'em No Limit ($0.01/$0.02 USD) - 2022/12/31 14:29:02 ET
Table 'Irma II' 6-max Seat #5 is the button
Seat 1: nielsox ($2.34 in chips) 
Seat 2: A Gaf A ($2.60 in chips) 
Seat 3: Bamfever ($1.68 in chips) 
Seat 4: iliasmanou ($2.22 in chips) 
Seat 5: emersona ($1.71 in chips) 
Seat 6: Lorpugo ($1.47 in chips) 
Lorpugo: posts small blind $0.01
nielsox: posts big blind $0.02
*** HOLE CARDS ***
Dealt to Lorpugo [Kc Kd]
A Gaf A: folds 
Bamfever: folds 
iliasmanou: calls $0.02
emersona: folds 
Lorpugo: raises $0.08 to $0.10
nielsox: folds 
iliasmanou: calls $0.08
*** FLOP *** [4d Ah 9s]
Lorpugo: checks 
iliasmanou: bets $0.21
Lorpugo: calls $0.21
*** TURN *** [4d Ah 9s] [Jd]
Lorpugo: checks 
iliasmanou: bets $1.91 and is all-in
Lorpugo: folds 
Uncalled bet ($1.91) returned to iliasmanou
iliasmanou collected $0.62 from pot
*** SUMMARY ***
Total pot $0.64 | Rake $0.02 
Board [4d Ah 9s Jd]
Seat 1: nielsox (big blind) folded before Flop
Seat 2: A Gaf A folded before Flop (didn't bet)
Seat 3: Bamfever folded before Flop (didn't bet)
Seat 4: iliasmanou collected ($0.62)
Seat 5: emersona (button) folded before Flop (didn't bet)
Seat 6: Lorpugo (small blind) folded on the Turn



PokerStars Hand #240823434439:  Hold'em No Limit ($0.01/$0.02 USD) - 2022/12/31 14:29:40 ET
Table 'Irma II' 6-max Seat #6 is the button
Seat 1: nielsox ($2.32 in chips) 
Seat 2: A Gaf A ($2.60 in chips) 
Seat 3: Bamfever ($1.68 in chips) 
Seat 4: iliasmanou ($2.53 in chips) 
Seat 5: emersona ($1.71 in chips) 
Seat 6: Lorpugo ($1.16 in chips) 
nielsox: posts small blind $0.01
A Gaf A: posts big blind $0.02
*** HOLE CARDS ***
Dealt to Lorpugo [6s 3c]
Bamfever: folds 
iliasmanou: calls $0.02
emersona: folds 
Lorpugo: folds 
nielsox: calls $0.01
A Gaf A: checks 
*** FLOP *** [6d 7s 5d]
nielsox: checks 
A Gaf A: checks 
iliasmanou: bets $0.06
nielsox: folds 
A Gaf A: folds 
Uncalled bet ($0.06) returned to iliasmanou
iliasmanou collected $0.06 from pot
iliasmanou: doesn't show hand 
*** SUMMARY ***
Total pot $0.06 | Rake $0 
Board [6d 7s 5d]
Seat 1: nielsox (small blind) folded on the Flop
Seat 2: A Gaf A (big blind) folded on the Flop
Seat 3: Bamfever folded before Flop (didn't bet)
Seat 4: iliasmanou collected ($0.06)
Seat 5: emersona folded before Flop (didn't bet)
Seat 6: Lorpugo (button) folded before Flop (didn't bet)



PokerStars Hand #240823445453:  Hold'em No Limit ($0.01/$0.02 USD) - 2022/12/31 14:30:21 ET
Table 'Irma II' 6-max Seat #1 is the button
Seat 1: nielsox ($2.30 in chips) 
Seat 2: A Gaf A ($2.58 in chips) 
Seat 3: Bamfever ($1.68 in chips) 
Seat 4: iliasmanou ($2.57 in chips) 
Seat 5: emersona ($1.71 in chips) 
Seat 6: Lorpugo ($1.16 in chips) 
A Gaf A: posts small blind $0.01
Bamfever: posts big blind $0.02
*** HOLE CARDS ***
Dealt to Lorpugo [2d As]
iliasmanou: folds 
emersona: folds 
Lorpugo: raises $0.04 to $0.06
nielsox: folds 
A Gaf A: folds 
Bamfever: calls $0.04
*** FLOP *** [Qd 9s 4d]
Bamfever: checks 
Lorpugo: bets $0.04
Bamfever: calls $0.04
*** TURN *** [Qd 9s 4d] [2h]
Bamfever: checks 
Lorpugo: checks 
*** RIVER *** [Qd 9s 4d 2h] [4s]
Bamfever: bets $0.06
Lorpugo: calls $0.06
*** SHOW DOWN ***
Bamfever: shows [5c 5h] (two pair, Fives and Fours)
Lorpugo: mucks hand 
Bamfever collected $0.32 from pot
*** SUMMARY ***
Total pot $0.33 | Rake $0.01 
Board [Qd 9s 4d 2h 4s]
Seat 1: nielsox (button) folded before Flop (didn't bet)
Seat 2: A Gaf A (small blind) folded before Flop
Seat 3: Bamfever (big blind) showed [5c 5h] and won ($0.32) with two pair, Fives and Fours
Seat 4: iliasmanou folded before Flop (didn't bet)
Seat 5: emersona folded before Flop (didn't bet)
Seat 6: Lorpugo mucked [2d As]



PokerStars Hand #240823457533:  Hold'em No Limit ($0.01/$0.02 USD) - 2022/12/31 14:31:06 ET
Table 'Irma II' 6-max Seat #2 is the button
Seat 1: nielsox ($2.30 in chips) 
Seat 2: A Gaf A ($2.57 in chips) 
Seat 3: Bamfever ($1.84 in chips) 
Seat 4: iliasmanou ($2.57 in chips) 
Seat 5: emersona ($1.71 in chips) 
Seat 6: Lorpugo ($1 in chips) 
Bamfever: posts small blind $0.01
iliasmanou: posts big blind $0.02
*** HOLE CARDS ***
Dealt to Lorpugo [2c Kd]
emersona: folds 
Lorpugo: folds 
nielsox: folds 
A Gaf A: raises $0.04 to $0.06
Bamfever: folds 
iliasmanou: calls $0.04
*** FLOP *** [Qs 5s Kh]
iliasmanou: checks 
A Gaf A: bets $0.09
iliasmanou: folds 
Uncalled bet ($0.09) returned to A Gaf A
A Gaf A collected $0.13 from pot
*** SUMMARY ***
Total pot $0.13 | Rake $0 
Board [Qs 5s Kh]
Seat 1: nielsox folded before Flop (didn't bet)
Seat 2: A Gaf A (button) collected ($0.13)
Seat 3: Bamfever (small blind) folded before Flop
Seat 4: iliasmanou (big blind) folded on the Flop
Seat 5: emersona folded before Flop (didn't bet)
Seat 6: Lorpugo folded before Flop (didn't bet)



PokerStars Hand #240823468501:  Hold'em No Limit ($0.01/$0.02 USD) - 2022/12/31 14:31:48 ET
Table 'Irma II' 6-max Seat #3 is the button
Seat 1: nielsox ($2.30 in chips) 
Seat 2: A Gaf A ($2.64 in chips) 
Seat 3: Bamfever ($1.83 in chips) 
Seat 4: iliasmanou ($2.51 in chips) 
Seat 5: emersona ($1.71 in chips) 
Seat 6: Lorpugo ($1 in chips) 
iliasmanou: posts small blind $0.01
emersona: posts big blind $0.02
*** HOLE CARDS ***
Dealt to Lorpugo [Ks 4h]
Lorpugo: folds 
nielsox: folds 
A Gaf A: raises $0.04 to $0.06
Bamfever: folds 
iliasmanou: folds 
emersona: folds 
Uncalled bet ($0.04) returned to A Gaf A
A Gaf A collected $0.05 from pot
*** SUMMARY ***
Total pot $0.05 | Rake $0 
Seat 1: nielsox folded before Flop (didn't bet)
Seat 2: A Gaf A collected ($0.05)
Seat 3: Bamfever (button) folded before Flop (didn't bet)
Seat 4: iliasmanou (small blind) folded before Flop
Seat 5: emersona (big blind) folded before Flop
Seat 6: Lorpugo folded before Flop (didn't bet)



PokerStars Hand #240823473746:  Hold'em No Limit ($0.01/$0.02 USD) - 2022/12/31 14:32:07 ET
Table 'Irma II' 6-max Seat #4 is the button
Seat 1: nielsox ($2.30 in chips) 
Seat 2: A Gaf A ($2.67 in chips) 
Seat 3: Bamfever ($1.83 in chips) 
Seat 4: iliasmanou ($2.50 in chips) 
Seat 5: emersona ($1.69 in chips) 
Seat 6: Lorpugo ($1 in chips) 
emersona: posts small blind $0.01
Lorpugo: posts big blind $0.02
*** HOLE CARDS ***
Dealt to Lorpugo [3s 4d]
nielsox: folds 
A Gaf A: folds 
Bamfever: folds 
iliasmanou: calls $0.02
emersona: folds 
Lorpugo: checks 
*** FLOP *** [6d Qh 5d]
Lorpugo: checks 
iliasmanou: bets $0.04
Lorpugo: raises $0.07 to $0.11
iliasmanou: calls $0.07
*** TURN *** [6d Qh 5d] [2d]
Lorpugo: bets $0.17
iliasmanou: calls $0.17
*** RIVER *** [6d Qh 5d 2d] [Qs]
Lorpugo: bets $0.70 and is all-in
iliasmanou: calls $0.70
*** SHOW DOWN ***
Lorpugo: shows [3s 4d] (a straight, Deuce to Six)
iliasmanou: shows [6s Ac] (two pair, Queens and Sixes)
Lorpugo collected $1.94 from pot
*** SUMMARY ***
Total pot $2.01 | Rake $0.07 
Board [6d Qh 5d 2d Qs]
Seat 1: nielsox folded before Flop (didn't bet)
Seat 2: A Gaf A folded before Flop (didn't bet)
Seat 3: Bamfever folded before Flop (didn't bet)
Seat 4: iliasmanou (button) showed [6s Ac] and lost with two pair, Queens and Sixes
Seat 5: emersona (small blind) folded before Flop
Seat 6: Lorpugo (big blind) showed [3s 4d] and won ($1.94) with a straight, Deuce to Six



PokerStars Hand #240823488240:  Hold'em No Limit ($0.01/$0.02 USD) - 2022/12/31 14:33:02 ET
Table 'Irma II' 6-max Seat #5 is the button
Seat 1: nielsox ($2.30 in chips) 
Seat 2: A Gaf A ($2.67 in chips) 
Seat 3: Bamfever ($1.83 in chips) 
Seat 4: iliasmanou ($1.50 in chips) 
Seat 5: emersona ($1.68 in chips) 
Seat 6: Lorpugo ($1.94 in chips) 
Lorpugo: posts small blind $0.01
nielsox: posts big blind $0.02
*** HOLE CARDS ***
Dealt to Lorpugo [7d 3c]
A Gaf A: folds 
Bamfever has timed out
Bamfever: folds 
iliasmanou: calls $0.02
emersona: calls $0.02
Lorpugo: folds 
nielsox: checks 
*** FLOP *** [Qh 8c Kd]
nielsox: checks 
iliasmanou: checks 
emersona: checks 
*** TURN *** [Qh 8c Kd] [Jd]
nielsox: checks 
iliasmanou: checks 
emersona: bets $0.05
nielsox: folds 
iliasmanou: folds 
Uncalled bet ($0.05) returned to emersona
emersona collected $0.07 from pot
emersona: doesn't show hand 
*** SUMMARY ***
Total pot $0.07 | Rake $0 
Board [Qh 8c Kd Jd]
Seat 1: nielsox (big blind) folded on the Turn
Seat 2: A Gaf A folded before Flop (didn't bet)
Seat 3: Bamfever folded before Flop (didn't bet)
Seat 4: iliasmanou folded on the Turn
Seat 5: emersona (button) collected ($0.07)
Seat 6: Lorpugo (small blind) folded before Flop



PokerStars Hand #240823504237:  Hold'em No Limit ($0.01/$0.02 USD) - 2022/12/31 14:34:02 ET
Table 'Irma II' 6-max Seat #6 is the button
Seat 1: nielsox ($2.28 in chips) 
Seat 2: A Gaf A ($2.67 in chips) 
Seat 3: Bamfever ($1.83 in chips) 
Seat 4: iliasmanou ($1.48 in chips) 
Seat 5: emersona ($1.73 in chips) 
Seat 6: Lorpugo ($1.93 in chips) 
nielsox: posts small blind $0.01
A Gaf A: posts big blind $0.02
*** HOLE CARDS ***
Dealt to Lorpugo [8d 5d]
Bamfever: folds 
iliasmanou: calls $0.02
emersona: folds 
Lorpugo: calls $0.02
nielsox: calls $0.01
A Gaf A: checks 
*** FLOP *** [4s Td 4d]
nielsox: checks 
A Gaf A: checks 
iliasmanou: bets $0.08
Lorpugo: calls $0.08
nielsox: folds 
A Gaf A: folds 
*** TURN *** [4s Td 4d] [6d]
A Gaf A is disconnected 
iliasmanou: checks 
Lorpugo: bets $0.15
iliasmanou: calls $0.15
*** RIVER *** [4s Td 4d 6d] [6c]
iliasmanou: checks 
Lorpugo: checks 
*** SHOW DOWN ***
iliasmanou: shows [Ah 9h] (two pair, Sixes and Fours)
Lorpugo: shows [8d 5d] (a flush, Ten high)
Lorpugo collected $0.52 from pot
*** SUMMARY ***
Total pot $0.54 | Rake $0.02 
Board [4s Td 4d 6d 6c]
Seat 1: nielsox (small blind) folded on the Flop
Seat 2: A Gaf A (big blind) folded on the Flop
Seat 3: Bamfever folded before Flop (didn't bet)
Seat 4: iliasmanou showed [Ah 9h] and lost with two pair, Sixes and Fours
Seat 5: emersona folded before Flop (didn't bet)
Seat 6: Lorpugo (button) showed [8d 5d] and won ($0.52) with a flush, Ten high



PokerStars Hand #240823521890:  Hold'em No Limit ($0.01/$0.02 USD) - 2022/12/31 14:35:10 ET
Table 'Irma II' 6-max Seat #1 is the button
Seat 1: nielsox ($2.26 in chips) 
Seat 2: A Gaf A ($2.65 in chips) 
Seat 3: Bamfever ($1.83 in chips) 
Seat 4: iliasmanou ($1.23 in chips) 
Seat 5: emersona ($1.73 in chips) 
Seat 6: Lorpugo ($2.20 in chips) 
A Gaf A: posts small blind $0.01
Bamfever: posts big blind $0.02
*** HOLE CARDS ***
Dealt to Lorpugo [3d Kc]
iliasmanou: raises $0.08 to $0.10
emersona: folds 
Lorpugo: folds 
nielsox: folds 
A Gaf A: folds 
Bamfever: folds 
Uncalled bet ($0.08) returned to iliasmanou
iliasmanou collected $0.05 from pot
*** SUMMARY ***
Total pot $0.05 | Rake $0 
Seat 1: nielsox (button) folded before Flop (didn't bet)
Seat 2: A Gaf A (small blind) folded before Flop
Seat 3: Bamfever (big blind) folded before Flop
Seat 4: iliasmanou collected ($0.05)
Seat 5: emersona folded before Flop (didn't bet)
Seat 6: Lorpugo folded before Flop (didn't bet)



PokerStars Hand #240823531262:  Hold'em No Limit ($0.01/$0.02 USD) - 2022/12/31 14:35:46 ET
Table 'Irma II' 6-max Seat #2 is the button
Seat 1: nielsox ($2.26 in chips) 
Seat 2: A Gaf A ($2.64 in chips) 
Seat 3: Bamfever ($1.81 in chips) 
Seat 4: iliasmanou ($1.26 in chips) 
Seat 5: emersona ($1.73 in chips) 
Seat 6: Lorpugo ($2.20 in chips) 
Bamfever: posts small blind $0.01
iliasmanou: posts big blind $0.02
*** HOLE CARDS ***
Dealt to Lorpugo [8d 8c]
emersona: folds 
Lorpugo: raises $0.04 to $0.06
nielsox: folds 
A Gaf A: calls $0.06
Bamfever: folds 
iliasmanou: calls $0.04
*** FLOP *** [3c 8s 2c]
iliasmanou: checks 
Lorpugo: bets $0.09
A Gaf A: calls $0.09
iliasmanou: folds 
*** TURN *** [3c 8s 2c] [Kd]
Lorpugo: bets $0.28
A Gaf A: folds 
Uncalled bet ($0.28) returned to Lorpugo
Lorpugo collected $0.36 from pot
Lorpugo: doesn't show hand 
*** SUMMARY ***
Total pot $0.37 | Rake $0.01 
Board [3c 8s 2c Kd]
Seat 1: nielsox folded before Flop (didn't bet)
Seat 2: A Gaf A (button) folded on the Turn
Seat 3: Bamfever (small blind) folded before Flop
Seat 4: iliasmanou (big blind) folded on the Flop
Seat 5: emersona folded before Flop (didn't bet)
Seat 6: Lorpugo collected ($0.36)



PokerStars Hand #240823542671:  Hold'em No Limit ($0.01/$0.02 USD) - 2022/12/31 14:36:30 ET
Table 'Irma II' 6-max Seat #3 is the button
Seat 1: nielsox ($2.26 in chips) 
Seat 2: A Gaf A ($2.49 in chips) 
Seat 3: Bamfever ($1.80 in chips) 
Seat 4: iliasmanou ($1.20 in chips) 
Seat 5: emersona ($1.73 in chips) 
Seat 6: Lorpugo ($2.41 in chips) 
iliasmanou: posts small blind $0.01
emersona: posts big blind $0.02
*** HOLE CARDS ***
Dealt to Lorpugo [8s Jd]
Lorpugo: folds 
nielsox: folds 
A Gaf A: raises $0.04 to $0.06
Bamfever: folds 
iliasmanou: calls $0.05
emersona: folds 
*** FLOP *** [3d 4s 7d]
iliasmanou: checks 
A Gaf A: bets $0.09
iliasmanou: calls $0.09
*** TURN *** [3d 4s 7d] [Kh]
iliasmanou: bets $1.05 and is all-in
A Gaf A: folds 
Uncalled bet ($1.05) returned to iliasmanou
iliasmanou collected $0.31 from pot
*** SUMMARY ***
Total pot $0.32 | Rake $0.01 
Board [3d 4s 7d Kh]
Seat 1: nielsox folded before Flop (didn't bet)
Seat 2: A Gaf A folded on the Turn
Seat 3: Bamfever (button) folded before Flop (didn't bet)
Seat 4: iliasmanou (small blind) collected ($0.31)
Seat 5: emersona (big blind) folded before Flop
Seat 6: Lorpugo folded before Flop (didn't bet)



PokerStars Hand #240823552879:  Hold'em No Limit ($0.01/$0.02 USD) - 2022/12/31 14:37:09 ET
Table 'Irma II' 6-max Seat #4 is the button
Seat 1: nielsox ($2.26 in chips) 
Seat 2: A Gaf A ($2.34 in chips) 
Seat 3: Bamfever ($1.80 in chips) 
Seat 4: iliasmanou ($1.36 in chips) 
Seat 5: emersona ($1.71 in chips) 
Seat 6: Lorpugo ($2.41 in chips) 
emersona: posts small blind $0.01
Lorpugo: posts big blind $0.02
*** HOLE CARDS ***
Dealt to Lorpugo [Ac 9c]
nielsox: folds 
A Gaf A: raises $0.04 to $0.06
Bamfever: folds 
iliasmanou: raises $0.04 to $0.10
emersona: calls $0.09
Lorpugo: calls $0.08
A Gaf A: calls $0.04
*** FLOP *** [3s 7h As]
emersona: checks 
Lorpugo: checks 
A Gaf A: checks 
iliasmanou: checks 
*** TURN *** [3s 7h As] [3d]
emersona: bets $0.26
Lorpugo: folds 
A Gaf A: folds 
iliasmanou: folds 
Uncalled bet ($0.26) returned to emersona
emersona collected $0.39 from pot
emersona: doesn't show hand 
*** SUMMARY ***
Total pot $0.40 | Rake $0.01 
Board [3s 7h As 3d]
Seat 1: nielsox folded before Flop (didn't bet)
Seat 2: A Gaf A folded on the Turn
Seat 3: Bamfever folded before Flop (didn't bet)
Seat 4: iliasmanou (button) folded on the Turn
Seat 5: emersona (small blind) collected ($0.39)
Seat 6: Lorpugo (big blind) folded on the Turn



PokerStars Hand #240823567163:  Hold'em No Limit ($0.01/$0.02 USD) - 2022/12/31 14:38:03 ET
Table 'Irma II' 6-max Seat #5 is the button
Seat 1: nielsox ($2.26 in chips) 
Seat 2: A Gaf A ($2.24 in chips) 
Seat 3: Bamfever ($1.80 in chips) 
Seat 4: iliasmanou ($1.26 in chips) 
Seat 5: emersona ($2 in chips) 
Seat 6: Lorpugo ($2.31 in chips) 
Lorpugo: posts small blind $0.01
nielsox: posts big blind $0.02
*** HOLE CARDS ***
Dealt to Lorpugo [4d 5d]
A Gaf A: folds 
Bamfever: folds 
iliasmanou: calls $0.02
emersona: calls $0.02
Lorpugo: calls $0.01
nielsox: raises $0.06 to $0.08
iliasmanou: calls $0.06
emersona: folds 
Lorpugo: calls $0.06
*** FLOP *** [8c As Ts]
Lorpugo: checks 
nielsox: bets $0.11
iliasmanou: folds 
Lorpugo: folds 
Uncalled bet ($0.11) returned to nielsox
nielsox collected $0.25 from pot
nielsox: doesn't show hand 
*** SUMMARY ***
Total pot $0.26 | Rake $0.01 
Board [8c As Ts]
Seat 1: nielsox (big blind) collected ($0.25)
Seat 2: A Gaf A folded before Flop (didn't bet)
Seat 3: Bamfever folded before Flop (didn't bet)
Seat 4: iliasmanou folded on the Flop
Seat 5: emersona (button) folded before Flop
Seat 6: Lorpugo (small blind) folded on the Flop



PokerStars Hand #240823580093:  Hold'em No Limit ($0.01/$0.02 USD) - 2022/12/31 14:38:52 ET
Table 'Irma II' 6-max Seat #6 is the button
Seat 1: nielsox ($2.43 in chips) 
Seat 2: A Gaf A ($2.24 in chips) 
Seat 3: Bamfever ($1.80 in chips) 
Seat 4: iliasmanou ($1.18 in chips) 
Seat 5: emersona ($1.98 in chips) 
Seat 6: Lorpugo ($2.23 in chips) 
nielsox: posts small blind $0.01
A Gaf A: posts big blind $0.02
*** HOLE CARDS ***
Dealt to Lorpugo [6d Ac]
Bamfever: folds 
iliasmanou: calls $0.02
emersona: folds 
Lorpugo: calls $0.02
nielsox: folds 
A Gaf A: checks 
*** FLOP *** [9h 3s 8s]
A Gaf A: checks 
iliasmanou: bets $0.07
Lorpugo: folds 
A Gaf A: folds 
Uncalled bet ($0.07) returned to iliasmanou
iliasmanou collected $0.07 from pot
*** SUMMARY ***
Total pot $0.07 | Rake $0 
Board [9h 3s 8s]
Seat 1: nielsox (small blind) folded before Flop
Seat 2: A Gaf A (big blind) folded on the Flop
Seat 3: Bamfever folded before Flop (didn't bet)
Seat 4: iliasmanou collected ($0.07)
Seat 5: emersona folded before Flop (didn't bet)
Seat 6: Lorpugo (button) folded on the Flop



PokerStars Hand #240823589315:  Hold'em No Limit ($0.01/$0.02 USD) - 2022/12/31 14:39:28 ET
Table 'Irma II' 6-max Seat #1 is the button
Seat 1: nielsox ($2.42 in chips) 
Seat 2: A Gaf A ($2.22 in chips) 
Seat 4: iliasmanou ($1.23 in chips) 
Seat 5: emersona ($1.98 in chips) 
Seat 6: Lorpugo ($2.21 in chips) 
A Gaf A: posts small blind $0.01
iliasmanou: posts big blind $0.02
*** HOLE CARDS ***
Dealt to Lorpugo [6h Th]
emersona: folds 
Lorpugo: folds 
nielsox: folds 
A Gaf A: raises $0.04 to $0.06
iliasmanou: calls $0.04
*** FLOP *** [Qc Kh 9d]
A Gaf A: checks 
iliasmanou: checks 
*** TURN *** [Qc Kh 9d] [6d]
A Gaf A: bets $0.08
iliasmanou: calls $0.08
*** RIVER *** [Qc Kh 9d 6d] [9h]
A Gaf A: checks 
iliasmanou: bets $0.27
A Gaf A: folds 
Uncalled bet ($0.27) returned to iliasmanou
iliasmanou collected $0.27 from pot
*** SUMMARY ***
Total pot $0.28 | Rake $0.01 
Board [Qc Kh 9d 6d 9h]
Seat 1: nielsox (button) folded before Flop (didn't bet)
Seat 2: A Gaf A (small blind) folded on the River
Seat 4: iliasmanou (big blind) collected ($0.27)
Seat 5: emersona folded before Flop (didn't bet)
Seat 6: Lorpugo folded before Flop (didn't bet)



PokerStars Hand #240823597949:  Hold'em No Limit ($0.01/$0.02 USD) - 2022/12/31 14:40:01 ET
Table 'Irma II' 6-max Seat #2 is the button
Seat 1: nielsox ($2.42 in chips) 
Seat 2: A Gaf A ($2.08 in chips) 
Seat 4: iliasmanou ($1.36 in chips) 
Seat 5: emersona ($1.98 in chips) 
Seat 6: Lorpugo ($2.21 in chips) 
iliasmanou: posts small blind $0.01
emersona: posts big blind $0.02
*** HOLE CARDS ***
Dealt to Lorpugo [9c Ts]
Lorpugo: raises $0.02 to $0.04
nielsox: calls $0.04
A Gaf A: folds 
iliasmanou: raises $0.02 to $0.06
emersona: folds 
Lorpugo: calls $0.02
nielsox: calls $0.02
*** FLOP *** [Jd Tc Ac]
iliasmanou: bets $0.10
Lorpugo: folds 
nielsox: calls $0.10
*** TURN *** [Jd Tc Ac] [7d]
iliasmanou: bets $0.14
nielsox: raises $0.18 to $0.32
iliasmanou: calls $0.18
*** RIVER *** [Jd Tc Ac 7d] [Ad]
iliasmanou: checks 
nielsox: bets $1.94 and is all-in
iliasmanou: folds 
Uncalled bet ($1.94) returned to nielsox
nielsox collected $1 from pot
nielsox: doesn't show hand 
*** SUMMARY ***
Total pot $1.04 | Rake $0.04 
Board [Jd Tc Ac 7d Ad]
Seat 1: nielsox collected ($1)
Seat 2: A Gaf A (button) folded before Flop (didn't bet)
Seat 4: iliasmanou (small blind) folded on the River
Seat 5: emersona (big blind) folded before Flop
Seat 6: Lorpugo folded on the Flop



PokerStars Hand #240823613309:  Hold'em No Limit ($0.01/$0.02 USD) - 2022/12/31 14:40:59 ET
Table 'Irma II' 6-max Seat #4 is the button
Seat 1: nielsox ($2.94 in chips) 
Seat 2: A Gaf A ($2.08 in chips) 
Seat 3: Bamfever ($1.80 in chips) 
Seat 4: iliasmanou ($0.88 in chips) 
Seat 5: emersona ($1.96 in chips) 
Seat 6: Lorpugo ($2.15 in chips) 
emersona: posts small blind $0.01
Lorpugo: posts big blind $0.02
Bamfever: posts small & big blinds $0.03
*** HOLE CARDS ***
Dealt to Lorpugo [4c Ts]
nielsox: raises $0.03 to $0.05
A Gaf A: folds 
Bamfever: calls $0.03
iliasmanou: raises $0.83 to $0.88 and is all-in
emersona: folds 
Lorpugo: folds 
nielsox: folds 
Bamfever: folds 
Uncalled bet ($0.83) returned to iliasmanou
iliasmanou collected $0.19 from pot
*** SUMMARY ***
Total pot $0.19 | Rake $0 
Seat 1: nielsox folded before Flop
Seat 2: A Gaf A folded before Flop (didn't bet)
Seat 3: Bamfever folded before Flop
Seat 4: iliasmanou (button) collected ($0.19)
Seat 5: emersona (small blind) folded before Flop
Seat 6: Lorpugo (big blind) folded before Flop



PokerStars Hand #240823620068:  Hold'em No Limit ($0.01/$0.02 USD) - 2022/12/31 14:41:25 ET
Table 'Irma II' 6-max Seat #5 is the button
Seat 1: nielsox ($2.89 in chips) 
Seat 2: A Gaf A ($2.08 in chips) 
Seat 3: Bamfever ($1.74 in chips) 
Seat 4: iliasmanou ($1.02 in chips) 
Seat 5: emersona ($1.95 in chips) 
Seat 6: Lorpugo ($2.13 in chips) 
Lorpugo: posts small blind $0.01
nielsox: posts big blind $0.02
*** HOLE CARDS ***
Dealt to Lorpugo [6d 4h]
A Gaf A: folds 
Bamfever: folds 
iliasmanou: raises $1 to $1.02 and is all-in
emersona: folds 
Lorpugo: folds 
nielsox: folds 
Uncalled bet ($1) returned to iliasmanou
iliasmanou collected $0.05 from pot
*** SUMMARY ***
Total pot $0.05 | Rake $0 
Seat 1: nielsox (big blind) folded before Flop
Seat 2: A Gaf A folded before Flop (didn't bet)
Seat 3: Bamfever folded before Flop (didn't bet)
Seat 4: iliasmanou collected ($0.05)
Seat 5: emersona (button) folded before Flop (didn't bet)
Seat 6: Lorpugo (small blind) folded before Flop



PokerStars Hand #240823624379:  Hold'em No Limit ($0.01/$0.02 USD) - 2022/12/31 14:41:42 ET
Table 'Irma II' 6-max Seat #6 is the button
Seat 1: nielsox ($2.87 in chips) 
Seat 2: A Gaf A ($2.08 in chips) 
Seat 3: Bamfever ($1.74 in chips) 
Seat 4: iliasmanou ($1.05 in chips) 
Seat 5: emersona ($1.95 in chips) 
Seat 6: Lorpugo ($2.12 in chips) 
nielsox: posts small blind $0.01
A Gaf A: posts big blind $0.02
*** HOLE CARDS ***
Dealt to Lorpugo [As Jh]
Bamfever: folds 
iliasmanou: folds 
emersona: folds 
Lorpugo: raises $0.04 to $0.06
nielsox: folds 
A Gaf A: folds 
Uncalled bet ($0.04) returned to Lorpugo
Lorpugo collected $0.05 from pot
Lorpugo: doesn't show hand 
*** SUMMARY ***
Total pot $0.05 | Rake $0 
Seat 1: nielsox (small blind) folded before Flop
Seat 2: A Gaf A (big blind) folded before Flop
Seat 3: Bamfever folded before Flop (didn't bet)
Seat 4: iliasmanou folded before Flop (didn't bet)
Seat 5: emersona folded before Flop (didn't bet)
Seat 6: Lorpugo (button) collected ($0.05)



PokerStars Hand #240823628644:  Hold'em No Limit ($0.01/$0.02 USD) - 2022/12/31 14:41:58 ET
Table 'Irma II' 6-max Seat #1 is the button
Seat 1: nielsox ($2.86 in chips) 
Seat 2: A Gaf A ($2.06 in chips) 
Seat 3: Bamfever ($1.74 in chips) 
Seat 4: iliasmanou ($1.05 in chips) 
Seat 5: emersona ($1.95 in chips) 
Seat 6: Lorpugo ($2.15 in chips) 
A Gaf A: posts small blind $0.01
Bamfever: posts big blind $0.02
*** HOLE CARDS ***
Dealt to Lorpugo [8s Tc]
iliasmanou: raises $1.03 to $1.05 and is all-in
emersona: folds 
Lorpugo: folds 
nielsox: folds 
A Gaf A: folds 
Bamfever: folds 
Uncalled bet ($1.03) returned to iliasmanou
iliasmanou collected $0.05 from pot
*** SUMMARY ***
Total pot $0.05 | Rake $0 
Seat 1: nielsox (button) folded before Flop (didn't bet)
Seat 2: A Gaf A (small blind) folded before Flop
Seat 3: Bamfever (big blind) folded before Flop
Seat 4: iliasmanou collected ($0.05)
Seat 5: emersona folded before Flop (didn't bet)
Seat 6: Lorpugo folded before Flop (didn't bet)



PokerStars Hand #240823639152:  Hold'em No Limit ($0.01/$0.02 USD) - 2022/12/31 14:42:38 ET
Table 'Irma II' 6-max Seat #2 is the button
Seat 1: nielsox ($2.86 in chips) 
Seat 2: A Gaf A ($2.05 in chips) 
Seat 3: Bamfever ($1.72 in chips) 
Seat 4: iliasmanou ($1.08 in chips) 
Seat 5: emersona ($1.95 in chips) 
Seat 6: Lorpugo ($2.15 in chips) 
Bamfever: posts small blind $0.01
iliasmanou: posts big blind $0.02
*** HOLE CARDS ***
Dealt to Lorpugo [3h 5c]
emersona: folds 
Lorpugo: folds 
nielsox: folds 
A Gaf A: raises $0.04 to $0.06
Bamfever: folds 
iliasmanou: raises $1.02 to $1.08 and is all-in
A Gaf A: folds 
Uncalled bet ($1.02) returned to iliasmanou
iliasmanou collected $0.13 from pot
*** SUMMARY ***
Total pot $0.13 | Rake $0 
Seat 1: nielsox folded before Flop (didn't bet)
Seat 2: A Gaf A (button) folded before Flop
Seat 3: Bamfever (small blind) folded before Flop
Seat 4: iliasmanou (big blind) collected ($0.13)
Seat 5: emersona folded before Flop (didn't bet)
Seat 6: Lorpugo folded before Flop (didn't bet)



PokerStars Hand #240823644087:  Hold'em No Limit ($0.01/$0.02 USD) - 2022/12/31 14:42:58 ET
Table 'Irma II' 6-max Seat #3 is the button
Seat 1: nielsox ($2.86 in chips) 
Seat 2: A Gaf A ($2 in chips) 
Seat 3: Bamfever ($1.71 in chips) 
Seat 4: iliasmanou ($1.15 in chips) 
Seat 5: emersona ($1.95 in chips) 
Seat 6: Lorpugo ($2.15 in chips) 
iliasmanou: posts small blind $0.01
emersona: posts big blind $0.02
*** HOLE CARDS ***
Dealt to Lorpugo [Kd Ah]
Lorpugo: raises $0.02 to $0.04
nielsox: folds 
A Gaf A: folds 
Bamfever: folds 
iliasmanou: calls $0.03
emersona: folds 
*** FLOP *** [9h 9s 8h]
iliasmanou: checks 
Lorpugo: bets $0.03
iliasmanou: folds 
Uncalled bet ($0.03) returned to Lorpugo
Lorpugo collected $0.10 from pot
Lorpugo: doesn't show hand 
*** SUMMARY ***
Total pot $0.10 | Rake $0 
Board [9h 9s 8h]
Seat 1: nielsox folded before Flop (didn't bet)
Seat 2: A Gaf A folded before Flop (didn't bet)
Seat 3: Bamfever (button) folded before Flop (didn't bet)
Seat 4: iliasmanou (small blind) folded on the Flop
Seat 5: emersona (big blind) folded before Flop
Seat 6: Lorpugo collected ($0.10)



PokerStars Hand #240823654791:  Hold'em No Limit ($0.01/$0.02 USD) - 2022/12/31 14:43:38 ET
Table 'Irma II' 6-max Seat #4 is the button
Seat 1: nielsox ($2.86 in chips) 
Seat 2: A Gaf A ($2 in chips) 
Seat 3: Bamfever ($1.71 in chips) 
Seat 4: iliasmanou ($1.11 in chips) 
Seat 5: emersona ($1.93 in chips) 
Seat 6: Lorpugo ($2.21 in chips) 
emersona: posts small blind $0.01
Lorpugo: posts big blind $0.02
*** HOLE CARDS ***
Dealt to Lorpugo [5s 9h]
nielsox: folds 
A Gaf A: folds 
Bamfever: folds 
iliasmanou: folds 
emersona: raises $0.02 to $0.04
Lorpugo: folds 
Uncalled bet ($0.02) returned to emersona
emersona collected $0.04 from pot
emersona: doesn't show hand 
*** SUMMARY ***
Total pot $0.04 | Rake $0 
Seat 1: nielsox folded before Flop (didn't bet)
Seat 2: A Gaf A folded before Flop (didn't bet)
Seat 3: Bamfever folded before Flop (didn't bet)
Seat 4: iliasmanou (button) folded before Flop (didn't bet)
Seat 5: emersona (small blind) collected ($0.04)
Seat 6: Lorpugo (big blind) folded before Flop



PokerStars Hand #240823658818:  Hold'em No Limit ($0.01/$0.02 USD) - 2022/12/31 14:43:54 ET
Table 'Irma II' 6-max Seat #5 is the button
Seat 1: nielsox ($2.86 in chips) 
Seat 2: A Gaf A ($2 in chips) 
Seat 3: Bamfever ($1.71 in chips) 
Seat 4: iliasmanou ($1.11 in chips) 
Seat 5: emersona ($1.95 in chips) 
Seat 6: Lorpugo ($2.19 in chips) 
Lorpugo: posts small blind $0.01
nielsox: posts big blind $0.02
*** HOLE CARDS ***
Dealt to Lorpugo [As Ac]
A Gaf A: raises $0.04 to $0.06
Bamfever has timed out
Bamfever: folds 
iliasmanou: folds 
emersona: folds 
Lorpugo: raises $0.14 to $0.20
nielsox: folds 
A Gaf A: folds 
Uncalled bet ($0.14) returned to Lorpugo
Lorpugo collected $0.14 from pot
Lorpugo: doesn't show hand 
*** SUMMARY ***
Total pot $0.14 | Rake $0 
Seat 1: nielsox (big blind) folded before Flop
Seat 2: A Gaf A folded before Flop
Seat 3: Bamfever folded before Flop (didn't bet)
Seat 4: iliasmanou folded before Flop (didn't bet)
Seat 5: emersona (button) folded before Flop (didn't bet)
Seat 6: Lorpugo (small blind) collected ($0.14)



PokerStars Hand #240823667154:  Hold'em No Limit ($0.01/$0.02 USD) - 2022/12/31 14:44:26 ET
Table 'Irma II' 6-max Seat #6 is the button
Seat 1: nielsox ($2.84 in chips) 
Seat 2: A Gaf A ($2 in chips) 
Seat 3: Bamfever ($1.71 in chips) 
Seat 4: iliasmanou ($1.11 in chips) 
Seat 5: emersona ($1.95 in chips) 
Seat 6: Lorpugo ($2.27 in chips) 
nielsox: posts small blind $0.01
A Gaf A: posts big blind $0.02
*** HOLE CARDS ***
Dealt to Lorpugo [9c Ah]
Bamfever: calls $0.02
iliasmanou: raises $1.09 to $1.11 and is all-in
emersona: folds 
Lorpugo: folds 
nielsox: folds 
A Gaf A: folds 
Bamfever: folds 
Uncalled bet ($1.09) returned to iliasmanou
iliasmanou collected $0.07 from pot
*** SUMMARY ***
Total pot $0.07 | Rake $0 
Seat 1: nielsox (small blind) folded before Flop
Seat 2: A Gaf A (big blind) folded before Flop
Seat 3: Bamfever folded before Flop
Seat 4: iliasmanou collected ($0.07)
Seat 5: emersona folded before Flop (didn't bet)
Seat 6: Lorpugo (button) folded before Flop (didn't bet)



PokerStars Hand #240823678855:  Hold'em No Limit ($0.01/$0.02 USD) - 2022/12/31 14:45:11 ET
Table 'Irma II' 6-max Seat #1 is the button
Seat 1: nielsox ($2.83 in chips) 
Seat 2: A Gaf A ($2 in chips) 
Seat 3: Bamfever ($1.69 in chips) 
Seat 4: iliasmanou ($1.16 in chips) 
Seat 5: emersona ($1.95 in chips) 
Seat 6: Lorpugo ($2.27 in chips) 
A Gaf A: posts small blind $0.01
Bamfever: posts big blind $0.02
*** HOLE CARDS ***
Dealt to Lorpugo [Qh 7s]
iliasmanou: folds 
emersona: folds 
Lorpugo: folds 
nielsox: folds 
A Gaf A: raises $0.04 to $0.06
Bamfever: calls $0.04
*** FLOP *** [2h 6d Th]
A Gaf A: checks 
Bamfever: bets $0.12
A Gaf A: folds 
Uncalled bet ($0.12) returned to Bamfever
Bamfever collected $0.12 from pot
*** SUMMARY ***
Total pot $0.12 | Rake $0 
Board [2h 6d Th]
Seat 1: nielsox (button) folded before Flop (didn't bet)
Seat 2: A Gaf A (small blind) folded on the Flop
Seat 3: Bamfever (big blind) collected ($0.12)
Seat 4: iliasmanou folded before Flop (didn't bet)
Seat 5: emersona folded before Flop (didn't bet)
Seat 6: Lorpugo folded before Flop (didn't bet)



PokerStars Hand #240823687374:  Hold'em No Limit ($0.01/$0.02 USD) - 2022/12/31 14:45:44 ET
Table 'Irma II' 6-max Seat #2 is the button
Seat 1: nielsox ($2.83 in chips) 
Seat 2: A Gaf A ($2 in chips) 
Seat 3: Bamfever ($1.75 in chips) 
Seat 4: iliasmanou ($1.16 in chips) 
Seat 5: emersona ($1.95 in chips) 
Seat 6: Lorpugo ($2.27 in chips) 
Bamfever: posts small blind $0.01
iliasmanou: posts big blind $0.02
*** HOLE CARDS ***
Dealt to Lorpugo [Ks Qc]
emersona: folds 
Lorpugo: raises $0.04 to $0.06
nielsox: folds 
A Gaf A: folds 
Bamfever: folds 
iliasmanou: raises $1.10 to $1.16 and is all-in
Lorpugo: calls $1.10
*** FLOP *** [Kh 4h Kd]
*** TURN *** [Kh 4h Kd] [Jd]
*** RIVER *** [Kh 4h Kd Jd] [2d]
*** SHOW DOWN ***
iliasmanou: shows [Jh 9d] (two pair, Kings and Jacks)
Lorpugo: shows [Ks Qc] (three of a kind, Kings)
Lorpugo collected $2.25 from pot
*** SUMMARY ***
Total pot $2.33 | Rake $0.08 
Board [Kh 4h Kd Jd 2d]
Seat 1: nielsox folded before Flop (didn't bet)
Seat 2: A Gaf A (button) folded before Flop (didn't bet)
Seat 3: Bamfever (small blind) folded before Flop
Seat 4: iliasmanou (big blind) showed [Jh 9d] and lost with two pair, Kings and Jacks
Seat 5: emersona folded before Flop (didn't bet)
Seat 6: Lorpugo showed [Ks Qc] and won ($2.25) with three of a kind, Kings



