PokerStars Zoom Hand #241353121594:  Hold'em No Limit ($0.25/$0.50) - 2023/01/23 18:46:05 ET
Table 'C Carinae' 2-max Seat #1 is the button
Seat 1: Darian32 ($79.33 in chips) 
Seat 2: Lorpugo ($25 in chips) 
Darian32: posts small blind $0.25
Lorpugo: posts big blind $0.50
*** HOLE CARDS ***
Dealt to Lorpugo [Jh 8s]
Darian32: raises $0.75 to $1.25
Lorpugo: calls $0.75
*** FLOP *** [5s Td 7s]
Lorpugo: checks 
Darian32: bets $1.31
Lorpugo: calls $1.31
*** TURN *** [5s Td 7s] [9d]
Lorpugo: checks 
Darian32: checks 
*** RIVER *** [5s Td 7s 9d] [8d]
Lorpugo: bets $4.86
Darian32: folds 
Uncalled bet ($4.86) returned to Lorpugo
Lorpugo collected $4.86 from pot
Lorpugo: doesn't show hand 
Darian32 is disconnected 
*** SUMMARY ***
Total pot $5.12 | Rake $0.26 
Board [5s Td 7s 9d 8d]
Seat 1: Darian32 (button) (small blind) folded on the River
Seat 2: Lorpugo (big blind) collected ($4.86)



PokerStars Zoom Hand #241353130969:  Hold'em No Limit ($0.25/$0.50) - 2023/01/23 18:46:34 ET
Table 'C Carinae' 2-max Seat #1 is the button
Seat 1: Lorpugo ($27.30 in chips) 
Seat 2: I Am SaQ ($28.38 in chips) 
Lorpugo: posts small blind $0.25
I Am SaQ: posts big blind $0.50
*** HOLE CARDS ***
Dealt to Lorpugo [Js 6h]
Lorpugo: folds 
Uncalled bet ($0.25) returned to I Am SaQ
I Am SaQ collected $0.50 from pot
I Am SaQ: doesn't show hand 
*** SUMMARY ***
Total pot $0.50 | Rake $0 
Seat 1: Lorpugo (button) (small blind) folded before Flop
Seat 2: I Am SaQ (big blind) collected ($0.50)



PokerStars Zoom Hand #241353132860:  Hold'em No Limit ($0.25/$0.50) - 2023/01/23 18:46:40 ET
Table 'C Carinae' 2-max Seat #1 is the button
Seat 1: I Am SaQ ($28.63 in chips) 
Seat 2: Lorpugo ($27.05 in chips) 
I Am SaQ: posts small blind $0.25
Lorpugo: posts big blind $0.50
*** HOLE CARDS ***
Dealt to Lorpugo [7d 4d]
I Am SaQ: folds 
Uncalled bet ($0.25) returned to Lorpugo
Lorpugo collected $0.50 from pot
Lorpugo: doesn't show hand 
*** SUMMARY ***
Total pot $0.50 | Rake $0 
Seat 1: I Am SaQ (button) (small blind) folded before Flop
Seat 2: Lorpugo (big blind) collected ($0.50)



PokerStars Zoom Hand #241353134798:  Hold'em No Limit ($0.25/$0.50) - 2023/01/23 18:46:47 ET
Table 'C Carinae' 2-max Seat #1 is the button
Seat 1: Lorpugo ($27.30 in chips) 
Seat 2: I Am SaQ ($28.38 in chips) 
Lorpugo: posts small blind $0.25
I Am SaQ: posts big blind $0.50
*** HOLE CARDS ***
Dealt to Lorpugo [5s Jc]
Lorpugo: folds 
Uncalled bet ($0.25) returned to I Am SaQ
I Am SaQ collected $0.50 from pot
I Am SaQ: doesn't show hand 
*** SUMMARY ***
Total pot $0.50 | Rake $0 
Seat 1: Lorpugo (button) (small blind) folded before Flop
Seat 2: I Am SaQ (big blind) collected ($0.50)



PokerStars Zoom Hand #241353136641:  Hold'em No Limit ($0.25/$0.50) - 2023/01/23 18:46:52 ET
Table 'C Carinae' 2-max Seat #1 is the button
Seat 1: hugge9987 ($11.58 in chips) 
Seat 2: Lorpugo ($27.05 in chips) 
hugge9987: posts small blind $0.25
Lorpugo: posts big blind $0.50
*** HOLE CARDS ***
Dealt to Lorpugo [2d 9d]
hugge9987: calls $0.25
Lorpugo: checks 
*** FLOP *** [Td 4d 9h]
Lorpugo: checks 
hugge9987: bets $0.50
Lorpugo: raises $1.29 to $1.79
hugge9987: calls $1.29
*** TURN *** [Td 4d 9h] [As]
Lorpugo: checks 
hugge9987: bets $2.50
Lorpugo: calls $2.50
*** RIVER *** [Td 4d 9h As] [8s]
Lorpugo: checks 
hugge9987: bets $0.50
Lorpugo: calls $0.50
*** SHOW DOWN ***
hugge9987: shows [Ks Th] (a pair of Tens)
Lorpugo: mucks hand 
hugge9987 collected $10.05 from pot
*** SUMMARY ***
Total pot $10.58 | Rake $0.53 
Board [Td 4d 9h As 8s]
Seat 1: hugge9987 (button) (small blind) showed [Ks Th] and won ($10.05) with a pair of Tens
Seat 2: Lorpugo (big blind) mucked [2d 9d]



PokerStars Zoom Hand #241353145138:  Hold'em No Limit ($0.25/$0.50) - 2023/01/23 18:47:20 ET
Table 'C Carinae' 2-max Seat #1 is the button
Seat 1: Lorpugo ($21.76 in chips) 
Seat 2: YanZ97 ($89.09 in chips) 
Lorpugo: posts small blind $0.25
YanZ97: posts big blind $0.50
*** HOLE CARDS ***
Dealt to Lorpugo [Ad Jd]
Lorpugo: calls $0.25
YanZ97: raises $0.75 to $1.25
Lorpugo: raises $20.51 to $21.76 and is all-in
YanZ97: folds 
Uncalled bet ($20.51) returned to Lorpugo
Lorpugo collected $2.50 from pot
Lorpugo: doesn't show hand 
*** SUMMARY ***
Total pot $2.50 | Rake $0 
Seat 1: Lorpugo (button) (small blind) collected ($2.50)
Seat 2: YanZ97 (big blind) folded before Flop



PokerStars Zoom Hand #241353153358:  Hold'em No Limit ($0.25/$0.50) - 2023/01/23 18:47:46 ET
Table 'C Carinae' 2-max Seat #1 is the button
Seat 1: YanZ97 ($87.84 in chips) 
Seat 2: Lorpugo ($23.01 in chips) 
YanZ97: posts small blind $0.25
Lorpugo: posts big blind $0.50
*** HOLE CARDS ***
Dealt to Lorpugo [5h Qh]
YanZ97: raises $0.75 to $1.25
Lorpugo: calls $0.75
*** FLOP *** [Tc Qc Td]
Lorpugo: checks 
YanZ97: bets $0.79
Lorpugo: raises $3.96 to $4.75
YanZ97: folds 
Uncalled bet ($3.96) returned to Lorpugo
Lorpugo collected $3.88 from pot
Lorpugo: doesn't show hand 
*** SUMMARY ***
Total pot $4.08 | Rake $0.20 
Board [Tc Qc Td]
Seat 1: YanZ97 (button) (small blind) folded on the Flop
Seat 2: Lorpugo (big blind) collected ($3.88)



PokerStars Zoom Hand #241353159044:  Hold'em No Limit ($0.25/$0.50) - 2023/01/23 18:48:04 ET
Table 'C Carinae' 2-max Seat #1 is the button
Seat 1: Lorpugo ($24.85 in chips) 
Seat 2: YanZ97 ($85.80 in chips) 
Lorpugo: posts small blind $0.25
YanZ97: posts big blind $0.50
*** HOLE CARDS ***
Dealt to Lorpugo [Qc Ks]
Lorpugo: raises $0.50 to $1
YanZ97: folds 
Uncalled bet ($0.50) returned to Lorpugo
Lorpugo collected $1 from pot
Lorpugo: doesn't show hand 
*** SUMMARY ***
Total pot $1 | Rake $0 
Seat 1: Lorpugo (button) (small blind) collected ($1)
Seat 2: YanZ97 (big blind) folded before Flop



PokerStars Zoom Hand #241353161825:  Hold'em No Limit ($0.25/$0.50) - 2023/01/23 18:48:13 ET
Table 'C Carinae' 2-max Seat #1 is the button
Seat 1: daisuke.ars ($63.53 in chips) 
Seat 2: Lorpugo ($25.35 in chips) 
daisuke.ars: posts small blind $0.25
Lorpugo: posts big blind $0.50
*** HOLE CARDS ***
Dealt to Lorpugo [Kh Jh]
daisuke.ars: raises $0.65 to $1.15
Lorpugo: calls $0.65
*** FLOP *** [Kc 5s Td]
Lorpugo: checks 
daisuke.ars: bets $0.61
Lorpugo: raises $0.61 to $1.22
daisuke.ars: folds 
Uncalled bet ($0.61) returned to Lorpugo
Lorpugo collected $3.34 from pot
Lorpugo: doesn't show hand 
*** SUMMARY ***
Total pot $3.52 | Rake $0.18 
Board [Kc 5s Td]
Seat 1: daisuke.ars (button) (small blind) folded on the Flop
Seat 2: Lorpugo (big blind) collected ($3.34)



PokerStars Zoom Hand #241353167853:  Hold'em No Limit ($0.25/$0.50) - 2023/01/23 18:48:32 ET
Table 'C Carinae' 2-max Seat #1 is the button
Seat 1: Lorpugo ($26.93 in chips) 
Seat 2: daisuke.ars ($57.41 in chips) 
Lorpugo: posts small blind $0.25
daisuke.ars: posts big blind $0.50
*** HOLE CARDS ***
Dealt to Lorpugo [Kc 5s]
Lorpugo: calls $0.25
daisuke.ars: checks 
*** FLOP *** [Th Jc 2c]
daisuke.ars: checks 
Lorpugo: bets $0.50
daisuke.ars: calls $0.50
*** TURN *** [Th Jc 2c] [6c]
daisuke.ars: checks 
Lorpugo: bets $2.50
daisuke.ars: folds 
Uncalled bet ($2.50) returned to Lorpugo
Lorpugo collected $1.90 from pot
Lorpugo: doesn't show hand 
*** SUMMARY ***
Total pot $2 | Rake $0.10 
Board [Th Jc 2c 6c]
Seat 1: Lorpugo (button) (small blind) collected ($1.90)
Seat 2: daisuke.ars (big blind) folded on the Turn



PokerStars Zoom Hand #241353175044:  Hold'em No Limit ($0.25/$0.50) - 2023/01/23 18:48:55 ET
Table 'C Carinae' 2-max Seat #1 is the button
Seat 1: YanZ97 ($50.18 in chips) 
Seat 2: Lorpugo ($27.83 in chips) 
YanZ97: posts small blind $0.25
Lorpugo: posts big blind $0.50
*** HOLE CARDS ***
Dealt to Lorpugo [9d 9h]
YanZ97: folds 
Uncalled bet ($0.25) returned to Lorpugo
Lorpugo collected $0.50 from pot
Lorpugo: doesn't show hand 
*** SUMMARY ***
Total pot $0.50 | Rake $0 
Seat 1: YanZ97 (button) (small blind) folded before Flop
Seat 2: Lorpugo (big blind) collected ($0.50)



PokerStars Zoom Hand #241353177163:  Hold'em No Limit ($0.25/$0.50) - 2023/01/23 18:49:02 ET
Table 'C Carinae' 2-max Seat #1 is the button
Seat 1: Lorpugo ($28.08 in chips) 
Seat 2: vithel tone ($236.70 in chips) 
Lorpugo: posts small blind $0.25
vithel tone: posts big blind $0.50
*** HOLE CARDS ***
Dealt to Lorpugo [2c 4c]
Lorpugo: calls $0.25
vithel tone: raises $1.50 to $2
Lorpugo: calls $1.50
*** FLOP *** [Kc 3s 6s]
vithel tone: bets $2.93
Lorpugo: raises $6.38 to $9.31
vithel tone: calls $6.38
*** TURN *** [Kc 3s 6s] [9d]
vithel tone: checks 
Lorpugo: bets $16.77 and is all-in
vithel tone: calls $16.77
*** RIVER *** [Kc 3s 6s 9d] [Kh]
*** SHOW DOWN ***
vithel tone: shows [Kd 5d] (three of a kind, Kings)
Lorpugo: shows [2c 4c] (a pair of Kings)
vithel tone collected $55.41 from pot
*** SUMMARY ***
Total pot $56.16 | Rake $0.75 
Board [Kc 3s 6s 9d Kh]
Seat 1: Lorpugo (button) (small blind) showed [2c 4c] and lost with a pair of Kings
Seat 2: vithel tone (big blind) showed [Kd 5d] and won ($55.41) with three of a kind, Kings



