PokerStars Hand #241323278231:  Hold'em No Limit ($0.01/$0.02 USD) - 2023/01/22 13:28:08 ET
Table 'Ostanina II' 6-max Seat #5 is the button
Seat 2: Lorpugo ($1.60 in chips) 
Seat 3: Voinea79 ($3.18 in chips) 
Seat 4: Jvern02 ($2.60 in chips) 
Seat 5: iNside404 ($1.62 in chips) 
Seat 6: rosbel_poker ($2.50 in chips) 
rosbel_poker: posts small blind $0.01
Lorpugo: posts big blind $0.02
*** HOLE CARDS ***
Dealt to Lorpugo [4d 9c]
Voinea79: calls $0.02
Jvern02: raises $0.03 to $0.05
iNside404: folds 
rosbel_poker: folds 
Lorpugo: folds 
Voinea79: calls $0.03
*** FLOP *** [Kc 6h Ks]
Voinea79: bets $0.02
Jvern02: calls $0.02
*** TURN *** [Kc 6h Ks] [Js]
Voinea79: bets $0.02
Jvern02: raises $0.10 to $0.12
Voinea79: folds 
Uncalled bet ($0.10) returned to Jvern02
Jvern02 collected $0.20 from pot
Jvern02: doesn't show hand 
*** SUMMARY ***
Total pot $0.21 | Rake $0.01 
Board [Kc 6h Ks Js]
Seat 2: Lorpugo (big blind) folded before Flop
Seat 3: Voinea79 folded on the Turn
Seat 4: Jvern02 collected ($0.20)
Seat 5: iNside404 (button) folded before Flop (didn't bet)
Seat 6: rosbel_poker (small blind) folded before Flop



PokerStars Hand #241323295426:  Hold'em No Limit ($0.01/$0.02 USD) - 2023/01/22 13:28:47 ET
Table 'Ostanina II' 6-max Seat #6 is the button
Seat 2: Lorpugo ($1.58 in chips) 
Seat 3: Voinea79 ($3.09 in chips) 
Seat 4: Jvern02 ($2.71 in chips) 
Seat 5: iNside404 ($1.62 in chips) 
Seat 6: rosbel_poker ($2.49 in chips) 
Lorpugo: posts small blind $0.01
Voinea79: posts big blind $0.02
*** HOLE CARDS ***
Dealt to Lorpugo [8d 7d]
Jvern02: folds 
iNside404: folds 
rosbel_poker: folds 
Lorpugo: raises $0.03 to $0.05
Voinea79: calls $0.03
*** FLOP *** [2c 9h 3s]
Lorpugo: bets $0.03
Voinea79: raises $0.03 to $0.06
Lorpugo: folds 
Uncalled bet ($0.03) returned to Voinea79
Voinea79 collected $0.15 from pot
*** SUMMARY ***
Total pot $0.16 | Rake $0.01 
Board [2c 9h 3s]
Seat 2: Lorpugo (small blind) folded on the Flop
Seat 3: Voinea79 (big blind) collected ($0.15)
Seat 4: Jvern02 folded before Flop (didn't bet)
Seat 5: iNside404 folded before Flop (didn't bet)
Seat 6: rosbel_poker (button) folded before Flop (didn't bet)



PokerStars Hand #241323307596:  Hold'em No Limit ($0.01/$0.02 USD) - 2023/01/22 13:29:14 ET
Table 'Ostanina II' 6-max Seat #2 is the button
Seat 2: Lorpugo ($1.50 in chips) 
Seat 3: Voinea79 ($3.16 in chips) 
Seat 4: Jvern02 ($2.71 in chips) 
Seat 5: iNside404 ($1.62 in chips) 
Seat 6: rosbel_poker ($2.49 in chips) 
Voinea79: posts small blind $0.01
Jvern02: posts big blind $0.02
*** HOLE CARDS ***
Dealt to Lorpugo [Qd 4d]
iNside404: folds 
rosbel_poker: folds 
Lorpugo: raises $0.03 to $0.05
Voinea79: calls $0.04
Jvern02: folds 
*** FLOP *** [7d 3c 2s]
Voinea79: checks 
Lorpugo: bets $0.04
Voinea79: calls $0.04
*** TURN *** [7d 3c 2s] [6c]
Voinea79: checks 
Lorpugo: bets $0.12
Voinea79: folds 
Uncalled bet ($0.12) returned to Lorpugo
Lorpugo collected $0.19 from pot
Lorpugo: doesn't show hand 
*** SUMMARY ***
Total pot $0.20 | Rake $0.01 
Board [7d 3c 2s 6c]
Seat 2: Lorpugo (button) collected ($0.19)
Seat 3: Voinea79 (small blind) folded on the Turn
Seat 4: Jvern02 (big blind) folded before Flop
Seat 5: iNside404 folded before Flop (didn't bet)
Seat 6: rosbel_poker folded before Flop (didn't bet)



PokerStars Hand #241323323497:  Hold'em No Limit ($0.01/$0.02 USD) - 2023/01/22 13:29:51 ET
Table 'Ostanina II' 6-max Seat #3 is the button
Seat 2: Lorpugo ($1.60 in chips) 
Seat 3: Voinea79 ($3.07 in chips) 
Seat 4: Jvern02 ($2.69 in chips) 
Seat 5: iNside404 ($1.62 in chips) 
Seat 6: rosbel_poker ($2.49 in chips) 
Jvern02: posts small blind $0.01
iNside404: posts big blind $0.02
*** HOLE CARDS ***
Dealt to Lorpugo [Qc Tc]
rosbel_poker: folds 
Lorpugo: raises $0.03 to $0.05
Voinea79: calls $0.05
Jvern02: folds 
iNside404: folds 
*** FLOP *** [8c Qs Ac]
Lorpugo: bets $0.09
Voinea79: folds 
Uncalled bet ($0.09) returned to Lorpugo
Lorpugo collected $0.13 from pot
Lorpugo: doesn't show hand 
*** SUMMARY ***
Total pot $0.13 | Rake $0 
Board [8c Qs Ac]
Seat 2: Lorpugo collected ($0.13)
Seat 3: Voinea79 (button) folded on the Flop
Seat 4: Jvern02 (small blind) folded before Flop
Seat 5: iNside404 (big blind) folded before Flop
Seat 6: rosbel_poker folded before Flop (didn't bet)



PokerStars Hand #241323334452:  Hold'em No Limit ($0.01/$0.02 USD) - 2023/01/22 13:30:15 ET
Table 'Ostanina II' 6-max Seat #4 is the button
Seat 2: Lorpugo ($1.68 in chips) 
Seat 3: Voinea79 ($3.02 in chips) 
Seat 4: Jvern02 ($2.68 in chips) 
Seat 5: iNside404 ($1.60 in chips) 
Seat 6: rosbel_poker ($2.49 in chips) 
iNside404: posts small blind $0.01
rosbel_poker: posts big blind $0.02
*** HOLE CARDS ***
Dealt to Lorpugo [Kc 8s]
Lorpugo: folds 
Voinea79: calls $0.02
Jvern02: raises $0.06 to $0.08
iNside404: folds 
rosbel_poker: folds 
Voinea79: calls $0.06
*** FLOP *** [Ah 4h 8h]
Voinea79: checks 
Jvern02: bets $0.06
Voinea79: folds 
Uncalled bet ($0.06) returned to Jvern02
Jvern02 collected $0.18 from pot
Jvern02: doesn't show hand 
*** SUMMARY ***
Total pot $0.19 | Rake $0.01 
Board [Ah 4h 8h]
Seat 2: Lorpugo folded before Flop (didn't bet)
Seat 3: Voinea79 folded on the Flop
Seat 4: Jvern02 (button) collected ($0.18)
Seat 5: iNside404 (small blind) folded before Flop
Seat 6: rosbel_poker (big blind) folded before Flop



PokerStars Hand #241323352329:  Hold'em No Limit ($0.01/$0.02 USD) - 2023/01/22 13:30:55 ET
Table 'Ostanina II' 6-max Seat #5 is the button
Seat 2: Lorpugo ($1.68 in chips) 
Seat 3: Voinea79 ($2.94 in chips) 
Seat 4: Jvern02 ($2.78 in chips) 
Seat 5: iNside404 ($1.60 in chips) 
Seat 6: rosbel_poker ($2.47 in chips) 
rosbel_poker: posts small blind $0.01
Lorpugo: posts big blind $0.02
*** HOLE CARDS ***
Dealt to Lorpugo [Th 2s]
Voinea79: folds 
Jvern02: folds 
iNside404: raises $0.03 to $0.05
rosbel_poker: folds 
Lorpugo: folds 
Uncalled bet ($0.03) returned to iNside404
iNside404 collected $0.05 from pot
iNside404: doesn't show hand 
*** SUMMARY ***
Total pot $0.05 | Rake $0 
Seat 2: Lorpugo (big blind) folded before Flop
Seat 3: Voinea79 folded before Flop (didn't bet)
Seat 4: Jvern02 folded before Flop (didn't bet)
Seat 5: iNside404 (button) collected ($0.05)
Seat 6: rosbel_poker (small blind) folded before Flop



PokerStars Hand #241323358084:  Hold'em No Limit ($0.01/$0.02 USD) - 2023/01/22 13:31:07 ET
Table 'Ostanina II' 6-max Seat #6 is the button
Seat 2: Lorpugo ($1.66 in chips) 
Seat 3: Voinea79 ($2.94 in chips) 
Seat 4: Jvern02 ($2.78 in chips) 
Seat 5: iNside404 ($1.63 in chips) 
Seat 6: rosbel_poker ($2.46 in chips) 
Lorpugo: posts small blind $0.01
Voinea79: posts big blind $0.02
*** HOLE CARDS ***
Dealt to Lorpugo [3s 4c]
Jvern02: raises $0.03 to $0.05
iNside404: folds 
rosbel_poker: folds 
Lorpugo: folds 
Voinea79: calls $0.03
*** FLOP *** [3d Qc Ah]
Voinea79: checks 
Jvern02: bets $0.04
Voinea79: folds 
Uncalled bet ($0.04) returned to Jvern02
Jvern02 collected $0.11 from pot
Jvern02: doesn't show hand 
*** SUMMARY ***
Total pot $0.11 | Rake $0 
Board [3d Qc Ah]
Seat 2: Lorpugo (small blind) folded before Flop
Seat 3: Voinea79 (big blind) folded on the Flop
Seat 4: Jvern02 collected ($0.11)
Seat 5: iNside404 folded before Flop (didn't bet)
Seat 6: rosbel_poker (button) folded before Flop (didn't bet)



PokerStars Hand #241323372262:  Hold'em No Limit ($0.01/$0.02 USD) - 2023/01/22 13:31:39 ET
Table 'Ostanina II' 6-max Seat #2 is the button
Seat 2: Lorpugo ($1.65 in chips) 
Seat 3: Voinea79 ($2.89 in chips) 
Seat 4: Jvern02 ($2.84 in chips) 
Seat 5: iNside404 ($1.63 in chips) 
Seat 6: rosbel_poker ($2.46 in chips) 
Voinea79: posts small blind $0.01
Jvern02: posts big blind $0.02
*** HOLE CARDS ***
Dealt to Lorpugo [Ah 9s]
iNside404: folds 
superRODRI leaves the table
Muhlen9 joins the table at seat #1 
rosbel_poker has timed out
rosbel_poker: folds 
Lorpugo: raises $0.03 to $0.05
Voinea79: calls $0.04
Jvern02: calls $0.03
*** FLOP *** [2d 5d Td]
Voinea79: bets $0.14
Jvern02: folds 
Lorpugo: folds 
Uncalled bet ($0.14) returned to Voinea79
Voinea79 collected $0.14 from pot
*** SUMMARY ***
Total pot $0.15 | Rake $0.01 
Board [2d 5d Td]
Seat 2: Lorpugo (button) folded on the Flop
Seat 3: Voinea79 (small blind) collected ($0.14)
Seat 4: Jvern02 (big blind) folded on the Flop
Seat 5: iNside404 folded before Flop (didn't bet)
Seat 6: rosbel_poker folded before Flop (didn't bet)



PokerStars Hand #241323390530:  Hold'em No Limit ($0.01/$0.02 USD) - 2023/01/22 13:32:19 ET
Table 'Ostanina II' 6-max Seat #3 is the button
Seat 2: Lorpugo ($1.60 in chips) 
Seat 3: Voinea79 ($2.98 in chips) 
Seat 4: Jvern02 ($2.79 in chips) 
Seat 5: iNside404 ($1.63 in chips) 
Seat 6: rosbel_poker ($2.46 in chips) 
Jvern02: posts small blind $0.01
iNside404: posts big blind $0.02
*** HOLE CARDS ***
Dealt to Lorpugo [8s 5s]
rosbel_poker has timed out
rosbel_poker: folds 
Lorpugo: raises $0.02 to $0.04
Voinea79: folds 
Jvern02: folds 
iNside404: calls $0.02
*** FLOP *** [3c 2h 5c]
iNside404: checks 
Lorpugo: bets $0.06
iNside404: calls $0.06
*** TURN *** [3c 2h 5c] [6h]
iNside404: checks 
Lorpugo: bets $0.02
iNside404: calls $0.02
*** RIVER *** [3c 2h 5c 6h] [5h]
iNside404: checks 
Lorpugo: bets $0.16
iNside404: folds 
Uncalled bet ($0.16) returned to Lorpugo
Lorpugo collected $0.24 from pot
Lorpugo: doesn't show hand 
*** SUMMARY ***
Total pot $0.25 | Rake $0.01 
Board [3c 2h 5c 6h 5h]
Seat 2: Lorpugo collected ($0.24)
Seat 3: Voinea79 (button) folded before Flop (didn't bet)
Seat 4: Jvern02 (small blind) folded before Flop
Seat 5: iNside404 (big blind) folded on the River
Seat 6: rosbel_poker folded before Flop (didn't bet)



PokerStars Hand #241323417810:  Hold'em No Limit ($0.01/$0.02 USD) - 2023/01/22 13:33:19 ET
Table 'Ostanina II' 6-max Seat #4 is the button
Seat 2: Lorpugo ($1.72 in chips) 
Seat 3: Voinea79 ($2.98 in chips) 
Seat 4: Jvern02 ($2.78 in chips) 
Seat 5: iNside404 ($1.60 in chips) 
Seat 6: rosbel_poker ($2.46 in chips) 
iNside404: posts small blind $0.01
rosbel_poker: posts big blind $0.02
*** HOLE CARDS ***
Dealt to Lorpugo [5d 9h]
Lorpugo: folds 
Voinea79: calls $0.02
Jvern02: raises $0.06 to $0.08
iNside404: folds 
rosbel_poker: folds 
Voinea79: calls $0.06
*** FLOP *** [9d 7s 5s]
Voinea79: bets $0.02
Jvern02: folds 
Uncalled bet ($0.02) returned to Voinea79
Voinea79 collected $0.18 from pot
*** SUMMARY ***
Total pot $0.19 | Rake $0.01 
Board [9d 7s 5s]
Seat 2: Lorpugo folded before Flop (didn't bet)
Seat 3: Voinea79 collected ($0.18)
Seat 4: Jvern02 (button) folded on the Flop
Seat 5: iNside404 (small blind) folded before Flop
Seat 6: rosbel_poker (big blind) folded before Flop



PokerStars Hand #241323429966:  Hold'em No Limit ($0.01/$0.02 USD) - 2023/01/22 13:33:46 ET
Table 'Ostanina II' 6-max Seat #5 is the button
Seat 1: Muhlen9 ($2 in chips) 
Seat 2: Lorpugo ($1.72 in chips) 
Seat 3: Voinea79 ($3.08 in chips) 
Seat 4: Jvern02 ($2.70 in chips) 
Seat 5: iNside404 ($1.60 in chips) 
Seat 6: rosbel_poker ($2.44 in chips) 
rosbel_poker: posts small blind $0.01
Muhlen9: posts big blind $0.02
*** HOLE CARDS ***
Dealt to Lorpugo [6h 5s]
Lorpugo: folds 
Voinea79: calls $0.02
Jvern02: folds 
iNside404: raises $0.06 to $0.08
rosbel_poker: folds 
Muhlen9: folds 
Voinea79: calls $0.06
*** FLOP *** [Qc 7d Kd]
Voinea79: bets $0.02
iNside404: calls $0.02
*** TURN *** [Qc 7d Kd] [7c]
Voinea79: checks 
iNside404: checks 
*** RIVER *** [Qc 7d Kd 7c] [Ad]
Voinea79: checks 
iNside404: checks 
*** SHOW DOWN ***
Voinea79: shows [3h 5c] (a pair of Sevens)
iNside404: shows [Ah Jc] (two pair, Aces and Sevens)
iNside404 collected $0.22 from pot
*** SUMMARY ***
Total pot $0.23 | Rake $0.01 
Board [Qc 7d Kd 7c Ad]
Seat 1: Muhlen9 (big blind) folded before Flop
Seat 2: Lorpugo folded before Flop (didn't bet)
Seat 3: Voinea79 showed [3h 5c] and lost with a pair of Sevens
Seat 4: Jvern02 folded before Flop (didn't bet)
Seat 5: iNside404 (button) showed [Ah Jc] and won ($0.22) with two pair, Aces and Sevens
Seat 6: rosbel_poker (small blind) folded before Flop



PokerStars Hand #241323450868:  Hold'em No Limit ($0.01/$0.02 USD) - 2023/01/22 13:34:32 ET
Table 'Ostanina II' 6-max Seat #6 is the button
Seat 1: Muhlen9 ($2 in chips) 
Seat 2: Lorpugo ($1.72 in chips) 
Seat 3: Voinea79 ($2.98 in chips) 
Seat 4: Jvern02 ($2.70 in chips) 
Seat 5: iNside404 ($1.72 in chips) 
Seat 6: rosbel_poker ($2.43 in chips) 
Muhlen9: posts small blind $0.01
Lorpugo: posts big blind $0.02
*** HOLE CARDS ***
Dealt to Lorpugo [7s Qc]
Voinea79: raises $0.02 to $0.04
Jvern02: calls $0.04
iNside404: folds 
rosbel_poker: folds 
Muhlen9: folds 
Lorpugo: folds 
*** FLOP *** [Th 6h 9c]
Voinea79: checks 
Jvern02: bets $0.04
Voinea79: calls $0.04
*** TURN *** [Th 6h 9c] [As]
Voinea79: checks 
Jvern02: checks 
*** RIVER *** [Th 6h 9c As] [Kd]
Voinea79: bets $0.02
Jvern02: folds 
Uncalled bet ($0.02) returned to Voinea79
Voinea79 collected $0.18 from pot
*** SUMMARY ***
Total pot $0.19 | Rake $0.01 
Board [Th 6h 9c As Kd]
Seat 1: Muhlen9 (small blind) folded before Flop
Seat 2: Lorpugo (big blind) folded before Flop
Seat 3: Voinea79 collected ($0.18)
Seat 4: Jvern02 folded on the River
Seat 5: iNside404 folded before Flop (didn't bet)
Seat 6: rosbel_poker (button) folded before Flop (didn't bet)



PokerStars Hand #241323469619:  Hold'em No Limit ($0.01/$0.02 USD) - 2023/01/22 13:35:13 ET
Table 'Ostanina II' 6-max Seat #1 is the button
Seat 1: Muhlen9 ($2 in chips) 
Seat 2: Lorpugo ($1.70 in chips) 
Seat 3: Voinea79 ($3.08 in chips) 
Seat 4: Jvern02 ($2.62 in chips) 
Seat 5: iNside404 ($1.72 in chips) 
Seat 6: rosbel_poker ($2.43 in chips) 
Lorpugo: posts small blind $0.01
Voinea79: posts big blind $0.02
*** HOLE CARDS ***
Dealt to Lorpugo [Kc 4c]
Jvern02: raises $0.03 to $0.05
iNside404: folds 
rosbel_poker: raises $0.13 to $0.18
Muhlen9: folds 
Lorpugo: folds 
Voinea79: calls $0.16
Jvern02: folds 
*** FLOP *** [7c 5d 6s]
Voinea79: bets $2.46
rosbel_poker: folds 
Uncalled bet ($2.46) returned to Voinea79
Voinea79 collected $0.41 from pot
*** SUMMARY ***
Total pot $0.42 | Rake $0.01 
Board [7c 5d 6s]
Seat 1: Muhlen9 (button) folded before Flop (didn't bet)
Seat 2: Lorpugo (small blind) folded before Flop
Seat 3: Voinea79 (big blind) collected ($0.41)
Seat 4: Jvern02 folded before Flop
Seat 5: iNside404 folded before Flop (didn't bet)
Seat 6: rosbel_poker folded on the Flop



PokerStars Hand #241323487368:  Hold'em No Limit ($0.01/$0.02 USD) - 2023/01/22 13:35:52 ET
Table 'Ostanina II' 6-max Seat #2 is the button
Seat 1: Muhlen9 ($2 in chips) 
Seat 2: Lorpugo ($1.69 in chips) 
Seat 3: Voinea79 ($3.31 in chips) 
Seat 4: Jvern02 ($2.57 in chips) 
Seat 5: iNside404 ($1.72 in chips) 
Seat 6: rosbel_poker ($2.25 in chips) 
Voinea79: posts small blind $0.01
Jvern02: posts big blind $0.02
*** HOLE CARDS ***
Dealt to Lorpugo [6c Js]
iNside404: folds 
rosbel_poker: folds 
Muhlen9: folds 
Lorpugo: folds 
Voinea79: calls $0.01
Jvern02: checks 
*** FLOP *** [Ts 2d Td]
Voinea79: checks 
Jvern02: checks 
*** TURN *** [Ts 2d Td] [5d]
Voinea79: checks 
Jvern02: bets $0.02
Voinea79: calls $0.02
*** RIVER *** [Ts 2d Td 5d] [5s]
Voinea79: bets $0.22
Jvern02: folds 
Uncalled bet ($0.22) returned to Voinea79
Voinea79 collected $0.08 from pot
*** SUMMARY ***
Total pot $0.08 | Rake $0 
Board [Ts 2d Td 5d 5s]
Seat 1: Muhlen9 folded before Flop (didn't bet)
Seat 2: Lorpugo (button) folded before Flop (didn't bet)
Seat 3: Voinea79 (small blind) collected ($0.08)
Seat 4: Jvern02 (big blind) folded on the River
Seat 5: iNside404 folded before Flop (didn't bet)
Seat 6: rosbel_poker folded before Flop (didn't bet)



PokerStars Hand #241323508206:  Hold'em No Limit ($0.01/$0.02 USD) - 2023/01/22 13:36:38 ET
Table 'Ostanina II' 6-max Seat #3 is the button
Seat 1: Muhlen9 ($2 in chips) 
Seat 2: Lorpugo ($1.69 in chips) 
Seat 3: Voinea79 ($3.35 in chips) 
Seat 4: Jvern02 ($2.53 in chips) 
Seat 5: iNside404 ($1.72 in chips) 
Seat 6: rosbel_poker ($2.25 in chips) 
Jvern02: posts small blind $0.01
iNside404: posts big blind $0.02
*** HOLE CARDS ***
Dealt to Lorpugo [2h Td]
rosbel_poker: folds 
Muhlen9: folds 
Lorpugo: folds 
Voinea79: calls $0.02
Jvern02: folds 
iNside404: checks 
*** FLOP *** [3s Jh 8d]
iNside404: checks 
Voinea79: bets $0.02
iNside404: calls $0.02
*** TURN *** [3s Jh 8d] [Js]
iNside404: checks 
Voinea79: checks 
*** RIVER *** [3s Jh 8d Js] [Kh]
iNside404: checks 
Voinea79: bets $0.16
iNside404: folds 
Uncalled bet ($0.16) returned to Voinea79
Voinea79 collected $0.09 from pot
*** SUMMARY ***
Total pot $0.09 | Rake $0 
Board [3s Jh 8d Js Kh]
Seat 1: Muhlen9 folded before Flop (didn't bet)
Seat 2: Lorpugo folded before Flop (didn't bet)
Seat 3: Voinea79 (button) collected ($0.09)
Seat 4: Jvern02 (small blind) folded before Flop
Seat 5: iNside404 (big blind) folded on the River
Seat 6: rosbel_poker folded before Flop (didn't bet)



PokerStars Hand #241323526435:  Hold'em No Limit ($0.01/$0.02 USD) - 2023/01/22 13:37:18 ET
Table 'Ostanina II' 6-max Seat #4 is the button
Seat 1: Muhlen9 ($2 in chips) 
Seat 2: Lorpugo ($1.69 in chips) 
Seat 3: Voinea79 ($3.40 in chips) 
Seat 4: Jvern02 ($2.52 in chips) 
Seat 5: iNside404 ($1.68 in chips) 
Seat 6: rosbel_poker ($2.25 in chips) 
iNside404: posts small blind $0.01
rosbel_poker: posts big blind $0.02
*** HOLE CARDS ***
Dealt to Lorpugo [9s Qs]
Muhlen9: folds 
Lorpugo: raises $0.03 to $0.05
Voinea79: calls $0.05
Jvern02: folds 
iNside404: folds 
rosbel_poker: calls $0.03
*** FLOP *** [4c 6h Ac]
rosbel_poker: checks 
Lorpugo: checks 
Voinea79: checks 
*** TURN *** [4c 6h Ac] [6c]
rosbel_poker: checks 
Lorpugo: checks 
Voinea79: checks 
*** RIVER *** [4c 6h Ac 6c] [As]
rosbel_poker: checks 
Lorpugo: checks 
Voinea79: bets $0.16
rosbel_poker: folds 
Lorpugo: folds 
Uncalled bet ($0.16) returned to Voinea79
Voinea79 collected $0.15 from pot
*** SUMMARY ***
Total pot $0.16 | Rake $0.01 
Board [4c 6h Ac 6c As]
Seat 1: Muhlen9 folded before Flop (didn't bet)
Seat 2: Lorpugo folded on the River
Seat 3: Voinea79 collected ($0.15)
Seat 4: Jvern02 (button) folded before Flop (didn't bet)
Seat 5: iNside404 (small blind) folded before Flop
Seat 6: rosbel_poker (big blind) folded on the River



PokerStars Hand #241323552664:  Hold'em No Limit ($0.01/$0.02 USD) - 2023/01/22 13:38:15 ET
Table 'Ostanina II' 6-max Seat #5 is the button
Seat 1: Muhlen9 ($2 in chips) 
Seat 2: Lorpugo ($1.64 in chips) 
Seat 3: Voinea79 ($3.50 in chips) 
Seat 4: Jvern02 ($2.52 in chips) 
Seat 5: iNside404 ($1.67 in chips) 
Seat 6: rosbel_poker ($2.20 in chips) 
rosbel_poker: posts small blind $0.01
Muhlen9: posts big blind $0.02
*** HOLE CARDS ***
Dealt to Lorpugo [2h 6h]
Lorpugo: folds 
Voinea79: calls $0.02
Jvern02: folds 
iNside404: folds 
rosbel_poker: folds 
Muhlen9: checks 
*** FLOP *** [9d 5c As]
Muhlen9: checks 
Voinea79: bets $0.02
Muhlen9: folds 
Uncalled bet ($0.02) returned to Voinea79
Voinea79 collected $0.05 from pot
*** SUMMARY ***
Total pot $0.05 | Rake $0 
Board [9d 5c As]
Seat 1: Muhlen9 (big blind) folded on the Flop
Seat 2: Lorpugo folded before Flop (didn't bet)
Seat 3: Voinea79 collected ($0.05)
Seat 4: Jvern02 folded before Flop (didn't bet)
Seat 5: iNside404 (button) folded before Flop (didn't bet)
Seat 6: rosbel_poker (small blind) folded before Flop



PokerStars Hand #241323564492:  Hold'em No Limit ($0.01/$0.02 USD) - 2023/01/22 13:38:41 ET
Table 'Ostanina II' 6-max Seat #6 is the button
Seat 1: Muhlen9 ($2 in chips) 
Seat 2: Lorpugo ($1.64 in chips) 
Seat 3: Voinea79 ($3.53 in chips) 
Seat 4: Jvern02 ($2.52 in chips) 
Seat 5: iNside404 ($1.67 in chips) 
Seat 6: rosbel_poker ($2.19 in chips) 
Muhlen9: posts small blind $0.01
Lorpugo: posts big blind $0.02
*** HOLE CARDS ***
Dealt to Lorpugo [4h 2s]
Voinea79: calls $0.02
Jvern02: folds 
iNside404: folds 
rosbel_poker: folds 
Muhlen9: folds 
Lorpugo is disconnected 
Lorpugo is connected 
Lorpugo: checks 
*** FLOP *** [Ad 3s Td]
Lorpugo: checks 
Voinea79: checks 
*** TURN *** [Ad 3s Td] [Qd]
Lorpugo: checks 
Voinea79: checks 
*** RIVER *** [Ad 3s Td Qd] [6c]
Lorpugo: checks 
Voinea79: bets $0.02
Lorpugo: folds 
Uncalled bet ($0.02) returned to Voinea79
Voinea79 collected $0.05 from pot
*** SUMMARY ***
Total pot $0.05 | Rake $0 
Board [Ad 3s Td Qd 6c]
Seat 1: Muhlen9 (small blind) folded before Flop
Seat 2: Lorpugo (big blind) folded on the River
Seat 3: Voinea79 collected ($0.05)
Seat 4: Jvern02 folded before Flop (didn't bet)
Seat 5: iNside404 folded before Flop (didn't bet)
Seat 6: rosbel_poker (button) folded before Flop (didn't bet)



PokerStars Hand #241323600172:  Hold'em No Limit ($0.01/$0.02 USD) - 2023/01/22 13:39:58 ET
Table 'Ostanina II' 6-max Seat #1 is the button
Seat 1: Muhlen9 ($2 in chips) 
Seat 2: Lorpugo ($1.62 in chips) 
Seat 3: Voinea79 ($3.56 in chips) 
Seat 4: Jvern02 ($2.52 in chips) 
Seat 5: iNside404 ($1.67 in chips) 
Seat 6: rosbel_poker ($2.19 in chips) 
Lorpugo: posts small blind $0.01
Voinea79: posts big blind $0.02
*** HOLE CARDS ***
Dealt to Lorpugo [8c Ad]
Jvern02: folds 
iNside404: folds 
rosbel_poker: folds 
Muhlen9: raises $0.03 to $0.05
Lorpugo: calls $0.04
Voinea79: calls $0.03
*** FLOP *** [6c Ts 8d]
Lorpugo: bets $0.05
Voinea79: calls $0.05
Muhlen9: calls $0.05
*** TURN *** [6c Ts 8d] [3s]
Lorpugo: bets $0.10
Voinea79: folds 
Muhlen9: calls $0.10
*** RIVER *** [6c Ts 8d 3s] [Jd]
Lorpugo: checks 
Muhlen9: checks 
*** SHOW DOWN ***
Lorpugo: shows [8c Ad] (a pair of Eights)
Muhlen9: shows [Js 9c] (a pair of Jacks)
Muhlen9 collected $0.48 from pot
*** SUMMARY ***
Total pot $0.50 | Rake $0.02 
Board [6c Ts 8d 3s Jd]
Seat 1: Muhlen9 (button) showed [Js 9c] and won ($0.48) with a pair of Jacks
Seat 2: Lorpugo (small blind) showed [8c Ad] and lost with a pair of Eights
Seat 3: Voinea79 (big blind) folded on the Turn
Seat 4: Jvern02 folded before Flop (didn't bet)
Seat 5: iNside404 folded before Flop (didn't bet)
Seat 6: rosbel_poker folded before Flop (didn't bet)



PokerStars Hand #241323629215:  Hold'em No Limit ($0.01/$0.02 USD) - 2023/01/22 13:41:01 ET
Table 'Ostanina II' 6-max Seat #2 is the button
Seat 1: Muhlen9 ($2.28 in chips) 
Seat 2: Lorpugo ($1.42 in chips) 
Seat 3: Voinea79 ($3.46 in chips) 
Seat 4: Jvern02 ($2.52 in chips) 
Seat 5: iNside404 ($1.67 in chips) 
Seat 6: rosbel_poker ($2.19 in chips) 
Voinea79: posts small blind $0.01
Jvern02: posts big blind $0.02
*** HOLE CARDS ***
Dealt to Lorpugo [9d 6c]
iNside404: folds 
rosbel_poker: folds 
Muhlen9: folds 
Lorpugo: folds 
Voinea79: calls $0.01
Jvern02: raises $0.03 to $0.05
Voinea79: calls $0.03
*** FLOP *** [2h Th 4c]
Voinea79: checks 
Jvern02: checks 
*** TURN *** [2h Th 4c] [3h]
Voinea79: checks 
Jvern02: bets $0.05
Voinea79: calls $0.05
*** RIVER *** [2h Th 4c 3h] [3c]
Voinea79: checks 
Jvern02: bets $0.15
Voinea79: folds 
Uncalled bet ($0.15) returned to Jvern02
Jvern02 collected $0.19 from pot
Jvern02: doesn't show hand 
*** SUMMARY ***
Total pot $0.20 | Rake $0.01 
Board [2h Th 4c 3h 3c]
Seat 1: Muhlen9 folded before Flop (didn't bet)
Seat 2: Lorpugo (button) folded before Flop (didn't bet)
Seat 3: Voinea79 (small blind) folded on the River
Seat 4: Jvern02 (big blind) collected ($0.19)
Seat 5: iNside404 folded before Flop (didn't bet)
Seat 6: rosbel_poker folded before Flop (didn't bet)



PokerStars Hand #241323652928:  Hold'em No Limit ($0.01/$0.02 USD) - 2023/01/22 13:41:53 ET
Table 'Ostanina II' 6-max Seat #3 is the button
Seat 1: Muhlen9 ($2.28 in chips) 
Seat 2: Lorpugo ($1.42 in chips) 
Seat 3: Voinea79 ($3.36 in chips) 
Seat 4: Jvern02 ($2.61 in chips) 
Seat 5: iNside404 ($1.67 in chips) 
Seat 6: rosbel_poker ($2.19 in chips) 
Jvern02: posts small blind $0.01
iNside404: posts big blind $0.02
*** HOLE CARDS ***
Dealt to Lorpugo [9h Jh]
rosbel_poker: folds 
Muhlen9: folds 
Lorpugo: raises $0.03 to $0.05
Voinea79: calls $0.05
Jvern02: folds 
iNside404: folds 
*** FLOP *** [7c 4d 4h]
Lorpugo: checks 
Voinea79: checks 
*** TURN *** [7c 4d 4h] [7h]
Lorpugo: bets $0.07
Voinea79: calls $0.07
*** RIVER *** [7c 4d 4h 7h] [Jc]
Lorpugo: bets $0.13
Voinea79: calls $0.13
*** SHOW DOWN ***
Lorpugo: shows [9h Jh] (two pair, Jacks and Sevens)
Voinea79: mucks hand 
Lorpugo collected $0.51 from pot
*** SUMMARY ***
Total pot $0.53 | Rake $0.02 
Board [7c 4d 4h 7h Jc]
Seat 1: Muhlen9 folded before Flop (didn't bet)
Seat 2: Lorpugo showed [9h Jh] and won ($0.51) with two pair, Jacks and Sevens
Seat 3: Voinea79 (button) mucked [8s As]
Seat 4: Jvern02 (small blind) folded before Flop
Seat 5: iNside404 (big blind) folded before Flop
Seat 6: rosbel_poker folded before Flop (didn't bet)



PokerStars Hand #241323673948:  Hold'em No Limit ($0.01/$0.02 USD) - 2023/01/22 13:42:38 ET
Table 'Ostanina II' 6-max Seat #4 is the button
Seat 1: Muhlen9 ($2.28 in chips) 
Seat 2: Lorpugo ($1.68 in chips) 
Seat 3: Voinea79 ($3.11 in chips) 
Seat 4: Jvern02 ($2.60 in chips) 
Seat 5: iNside404 ($1.65 in chips) 
Seat 6: rosbel_poker ($2.19 in chips) 
iNside404: posts small blind $0.01
rosbel_poker: posts big blind $0.02
*** HOLE CARDS ***
Dealt to Lorpugo [Ts Ac]
Muhlen9: folds 
Lorpugo: raises $0.03 to $0.05
Voinea79: calls $0.05
Jvern02: folds 
iNside404: calls $0.04
rosbel_poker: calls $0.03
*** FLOP *** [3d 2c 8c]
iNside404: checks 
rosbel_poker: checks 
Lorpugo: bets $0.02
Voinea79: raises $0.02 to $0.04
iNside404: folds 
rosbel_poker: calls $0.04
Lorpugo: calls $0.02
*** TURN *** [3d 2c 8c] [5h]
rosbel_poker: checks 
Lorpugo: bets $0.02
Voinea79: raises $0.02 to $0.04
rosbel_poker: raises $0.32 to $0.36
Lorpugo: folds 
Voinea79: raises $0.32 to $0.68
rosbel_poker: calls $0.32
*** RIVER *** [3d 2c 8c 5h] [5d]
rosbel_poker: checks 
Voinea79: bets $0.02
rosbel_poker: raises $1.40 to $1.42 and is all-in
Voinea79: folds 
Uncalled bet ($1.40) returned to rosbel_poker
rosbel_poker collected $1.68 from pot
rosbel_poker: doesn't show hand 
*** SUMMARY ***
Total pot $1.74 | Rake $0.06 
Board [3d 2c 8c 5h 5d]
Seat 1: Muhlen9 folded before Flop (didn't bet)
Seat 2: Lorpugo folded on the Turn
Seat 3: Voinea79 folded on the River
Seat 4: Jvern02 (button) folded before Flop (didn't bet)
Seat 5: iNside404 (small blind) folded on the Flop
Seat 6: rosbel_poker (big blind) collected ($1.68)



PokerStars Hand #241323705409:  Hold'em No Limit ($0.01/$0.02 USD) - 2023/01/22 13:43:46 ET
Table 'Ostanina II' 6-max Seat #5 is the button
Seat 1: Muhlen9 ($2.28 in chips) 
Seat 2: Lorpugo ($1.57 in chips) 
Seat 3: Voinea79 ($2.32 in chips) 
Seat 4: Jvern02 ($2.60 in chips) 
Seat 5: iNside404 ($1.60 in chips) 
Seat 6: rosbel_poker ($3.08 in chips) 
rosbel_poker: posts small blind $0.01
Muhlen9: posts big blind $0.02
*** HOLE CARDS ***
Dealt to Lorpugo [5s 6d]
Lorpugo: folds 
Voinea79: calls $0.02
Jvern02: folds 
iNside404: folds 
rosbel_poker: folds 
Muhlen9: checks 
*** FLOP *** [5c Jh Js]
Muhlen9: checks 
Voinea79: checks 
*** TURN *** [5c Jh Js] [7c]
Muhlen9: checks 
Voinea79: checks 
*** RIVER *** [5c Jh Js 7c] [Qc]
Muhlen9: checks 
Voinea79: bets $0.04
Muhlen9: folds 
Uncalled bet ($0.04) returned to Voinea79
Voinea79 collected $0.05 from pot
*** SUMMARY ***
Total pot $0.05 | Rake $0 
Board [5c Jh Js 7c Qc]
Seat 1: Muhlen9 (big blind) folded on the River
Seat 2: Lorpugo folded before Flop (didn't bet)
Seat 3: Voinea79 collected ($0.05)
Seat 4: Jvern02 folded before Flop (didn't bet)
Seat 5: iNside404 (button) folded before Flop (didn't bet)
Seat 6: rosbel_poker (small blind) folded before Flop



PokerStars Hand #241323729575:  Hold'em No Limit ($0.01/$0.02 USD) - 2023/01/22 13:44:38 ET
Table 'Ostanina II' 6-max Seat #6 is the button
Seat 1: Muhlen9 ($2.26 in chips) 
Seat 2: Lorpugo ($1.57 in chips) 
Seat 3: Voinea79 ($2.35 in chips) 
Seat 4: Jvern02 ($2.60 in chips) 
Seat 5: iNside404 ($1.60 in chips) 
Seat 6: rosbel_poker ($3.07 in chips) 
Muhlen9: posts small blind $0.01
Lorpugo: posts big blind $0.02
*** HOLE CARDS ***
Dealt to Lorpugo [Th 7h]
Voinea79: folds 
Jvern02: folds 
iNside404: folds 
Voinea79 leaves the table
rosbel_poker: raises $0.03 to $0.05
Muhlen9: folds 
Pilo54 joins the table at seat #3 
Lorpugo: calls $0.03
*** FLOP *** [2c 6d 2h]
Lorpugo: checks 
rosbel_poker: checks 
*** TURN *** [2c 6d 2h] [9h]
Lorpugo: bets $0.16
rosbel_poker: calls $0.16
*** RIVER *** [2c 6d 2h 9h] [5d]
Lorpugo: checks 
rosbel_poker: bets $0.21
Lorpugo: folds 
Uncalled bet ($0.21) returned to rosbel_poker
rosbel_poker collected $0.41 from pot
rosbel_poker: doesn't show hand 
*** SUMMARY ***
Total pot $0.43 | Rake $0.02 
Board [2c 6d 2h 9h 5d]
Seat 1: Muhlen9 (small blind) folded before Flop
Seat 2: Lorpugo (big blind) folded on the River
Seat 3: Voinea79 folded before Flop (didn't bet)
Seat 4: Jvern02 folded before Flop (didn't bet)
Seat 5: iNside404 folded before Flop (didn't bet)
Seat 6: rosbel_poker (button) collected ($0.41)



PokerStars Hand #241323757966:  Hold'em No Limit ($0.01/$0.02 USD) - 2023/01/22 13:45:40 ET
Table 'Ostanina II' 6-max Seat #1 is the button
Seat 1: Muhlen9 ($2.25 in chips) 
Seat 2: Lorpugo ($1.36 in chips) 
Seat 3: Pilo54 ($1.60 in chips) 
Seat 4: Jvern02 ($2.60 in chips) 
Seat 5: iNside404 ($1.60 in chips) 
Seat 6: rosbel_poker ($3.27 in chips) 
Lorpugo: posts small blind $0.01
Pilo54: posts big blind $0.02
*** HOLE CARDS ***
Dealt to Lorpugo [7c Ah]
Jvern02: folds 
iNside404: folds 
rosbel_poker: raises $0.03 to $0.05
Muhlen9: folds 
Lorpugo: calls $0.04
Pilo54: folds 
*** FLOP *** [Ks 8s Js]
Lorpugo: checks 
rosbel_poker: bets $0.05
Lorpugo: folds 
Uncalled bet ($0.05) returned to rosbel_poker
rosbel_poker collected $0.12 from pot
rosbel_poker: doesn't show hand 
*** SUMMARY ***
Total pot $0.12 | Rake $0 
Board [Ks 8s Js]
Seat 1: Muhlen9 (button) folded before Flop (didn't bet)
Seat 2: Lorpugo (small blind) folded on the Flop
Seat 3: Pilo54 (big blind) folded before Flop
Seat 4: Jvern02 folded before Flop (didn't bet)
Seat 5: iNside404 folded before Flop (didn't bet)
Seat 6: rosbel_poker collected ($0.12)



PokerStars Hand #241323773999:  Hold'em No Limit ($0.01/$0.02 USD) - 2023/01/22 13:46:14 ET
Table 'Ostanina II' 6-max Seat #2 is the button
Seat 1: Muhlen9 ($2.25 in chips) 
Seat 2: Lorpugo ($1.31 in chips) 
Seat 3: Pilo54 ($1.58 in chips) 
Seat 4: Jvern02 ($2.60 in chips) 
Seat 5: iNside404 ($1.60 in chips) 
Seat 6: rosbel_poker ($3.34 in chips) 
Pilo54: posts small blind $0.01
Jvern02: posts big blind $0.02
*** HOLE CARDS ***
Dealt to Lorpugo [Ad 2h]
iNside404: raises $0.03 to $0.05
rosbel_poker: folds 
Muhlen9: folds 
Lorpugo: folds 
Pilo54: folds 
Jvern02: folds 
Uncalled bet ($0.03) returned to iNside404
iNside404 collected $0.05 from pot
iNside404: doesn't show hand 
*** SUMMARY ***
Total pot $0.05 | Rake $0 
Seat 1: Muhlen9 folded before Flop (didn't bet)
Seat 2: Lorpugo (button) folded before Flop (didn't bet)
Seat 3: Pilo54 (small blind) folded before Flop
Seat 4: Jvern02 (big blind) folded before Flop
Seat 5: iNside404 collected ($0.05)
Seat 6: rosbel_poker folded before Flop (didn't bet)



PokerStars Hand #241323783210:  Hold'em No Limit ($0.01/$0.02 USD) - 2023/01/22 13:46:34 ET
Table 'Ostanina II' 6-max Seat #3 is the button
Seat 1: Muhlen9 ($2.25 in chips) 
Seat 2: Lorpugo ($1.31 in chips) 
Seat 3: Pilo54 ($1.57 in chips) 
Seat 4: Jvern02 ($2.58 in chips) 
Seat 5: iNside404 ($1.63 in chips) 
Seat 6: rosbel_poker ($3.34 in chips) 
Jvern02: posts small blind $0.01
iNside404: posts big blind $0.02
*** HOLE CARDS ***
Dealt to Lorpugo [9d 2c]
rosbel_poker has timed out
rosbel_poker: folds 
Muhlen9: folds 
Lorpugo: folds 
Pilo54: folds 
Jvern02: folds 
Uncalled bet ($0.01) returned to iNside404
iNside404 collected $0.02 from pot
iNside404: doesn't show hand 
*** SUMMARY ***
Total pot $0.02 | Rake $0 
Seat 1: Muhlen9 folded before Flop (didn't bet)
Seat 2: Lorpugo folded before Flop (didn't bet)
Seat 3: Pilo54 (button) folded before Flop (didn't bet)
Seat 4: Jvern02 (small blind) folded before Flop
Seat 5: iNside404 (big blind) collected ($0.02)
Seat 6: rosbel_poker folded before Flop (didn't bet)



PokerStars Hand #241323793380:  Hold'em No Limit ($0.01/$0.02 USD) - 2023/01/22 13:46:56 ET
Table 'Ostanina II' 6-max Seat #4 is the button
Seat 1: Muhlen9 ($2.25 in chips) 
Seat 2: Lorpugo ($1.31 in chips) 
Seat 3: Pilo54 ($1.57 in chips) 
Seat 4: Jvern02 ($2.57 in chips) 
Seat 5: iNside404 ($1.64 in chips) 
iNside404: posts small blind $0.01
Muhlen9: posts big blind $0.02
*** HOLE CARDS ***
Dealt to Lorpugo [5h 3s]
Lorpugo: folds 
Pilo54: raises $0.02 to $0.04
Jvern02: folds 
iNside404: folds 
Muhlen9: calls $0.02
*** FLOP *** [2h 9d 9c]
Muhlen9: checks 
Pilo54: bets $0.02
Muhlen9: folds 
Uncalled bet ($0.02) returned to Pilo54
Pilo54 collected $0.09 from pot
Pilo54: doesn't show hand 
*** SUMMARY ***
Total pot $0.09 | Rake $0 
Board [2h 9d 9c]
Seat 1: Muhlen9 (big blind) folded on the Flop
Seat 2: Lorpugo folded before Flop (didn't bet)
Seat 3: Pilo54 collected ($0.09)
Seat 4: Jvern02 (button) folded before Flop (didn't bet)
Seat 5: iNside404 (small blind) folded before Flop



PokerStars Hand #241323805244:  Hold'em No Limit ($0.01/$0.02 USD) - 2023/01/22 13:47:22 ET
Table 'Ostanina II' 6-max Seat #5 is the button
Seat 1: Muhlen9 ($2.21 in chips) 
Seat 2: Lorpugo ($1.31 in chips) 
Seat 3: Pilo54 ($1.62 in chips) 
Seat 4: Jvern02 ($2.57 in chips) 
Seat 5: iNside404 ($1.63 in chips) 
Muhlen9: posts small blind $0.01
Lorpugo: posts big blind $0.02
*** HOLE CARDS ***
Dealt to Lorpugo [Qc Qh]
Pilo54: folds 
Jvern02: folds 
iNside404: raises $0.03 to $0.05
Muhlen9: raises $0.13 to $0.18
Lorpugo: calls $0.16
iNside404: calls $0.13
*** FLOP *** [Ks 3h Ac]
Muhlen9: bets $0.16
Lorpugo: folds 
iNside404: folds 
Uncalled bet ($0.16) returned to Muhlen9
Muhlen9 collected $0.52 from pot
Muhlen9: doesn't show hand 
*** SUMMARY ***
Total pot $0.54 | Rake $0.02 
Board [Ks 3h Ac]
Seat 1: Muhlen9 (small blind) collected ($0.52)
Seat 2: Lorpugo (big blind) folded on the Flop
Seat 3: Pilo54 folded before Flop (didn't bet)
Seat 4: Jvern02 folded before Flop (didn't bet)
Seat 5: iNside404 (button) folded on the Flop



PokerStars Hand #241323824831:  Hold'em No Limit ($0.01/$0.02 USD) - 2023/01/22 13:48:05 ET
Table 'Ostanina II' 6-max Seat #1 is the button
Seat 1: Muhlen9 ($2.55 in chips) 
Seat 2: Lorpugo ($1.13 in chips) 
Seat 3: Pilo54 ($1.62 in chips) 
Seat 4: Jvern02 ($2.57 in chips) 
Seat 5: iNside404 ($1.60 in chips) 
Lorpugo: posts small blind $0.01
Pilo54: posts big blind $0.02
*** HOLE CARDS ***
Dealt to Lorpugo [5h Kd]
Jvern02: folds 
iNside404: folds 
Muhlen9: folds 
Lorpugo: raises $0.03 to $0.05
Pilo54: folds 
Uncalled bet ($0.03) returned to Lorpugo
Lorpugo collected $0.04 from pot
Lorpugo: doesn't show hand 
*** SUMMARY ***
Total pot $0.04 | Rake $0 
Seat 1: Muhlen9 (button) folded before Flop (didn't bet)
Seat 2: Lorpugo (small blind) collected ($0.04)
Seat 3: Pilo54 (big blind) folded before Flop
Seat 4: Jvern02 folded before Flop (didn't bet)
Seat 5: iNside404 folded before Flop (didn't bet)



PokerStars Hand #241323833660:  Hold'em No Limit ($0.01/$0.02 USD) - 2023/01/22 13:48:24 ET
Table 'Ostanina II' 6-max Seat #2 is the button
Seat 1: Muhlen9 ($2.55 in chips) 
Seat 2: Lorpugo ($1.15 in chips) 
Seat 3: Pilo54 ($1.60 in chips) 
Seat 4: Jvern02 ($2.57 in chips) 
Seat 5: iNside404 ($1.60 in chips) 
Pilo54: posts small blind $0.01
Jvern02: posts big blind $0.02
*** HOLE CARDS ***
Dealt to Lorpugo [Th 5d]
iNside404: folds 
Muhlen9: raises $0.03 to $0.05
Lorpugo: folds 
Pilo54: folds 
Jvern02: folds 
Uncalled bet ($0.03) returned to Muhlen9
Muhlen9 collected $0.05 from pot
Muhlen9: doesn't show hand 
*** SUMMARY ***
Total pot $0.05 | Rake $0 
Seat 1: Muhlen9 collected ($0.05)
Seat 2: Lorpugo (button) folded before Flop (didn't bet)
Seat 3: Pilo54 (small blind) folded before Flop
Seat 4: Jvern02 (big blind) folded before Flop
Seat 5: iNside404 folded before Flop (didn't bet)



PokerStars Hand #241323842016:  Hold'em No Limit ($0.01/$0.02 USD) - 2023/01/22 13:48:42 ET
Table 'Ostanina II' 6-max Seat #3 is the button
Seat 1: Muhlen9 ($2.58 in chips) 
Seat 2: Lorpugo ($1.15 in chips) 
Seat 3: Pilo54 ($1.59 in chips) 
Seat 4: Jvern02 ($2.55 in chips) 
Seat 5: iNside404 ($1.60 in chips) 
Jvern02: posts small blind $0.01
iNside404: posts big blind $0.02
*** HOLE CARDS ***
Dealt to Lorpugo [2s 7d]
Muhlen9: raises $0.03 to $0.05
Lorpugo: folds 
Pilo54: folds 
Jvern02: calls $0.04
iNside404: folds 
*** FLOP *** [5s 5c Js]
Jvern02: checks 
Muhlen9: checks 
*** TURN *** [5s 5c Js] [3c]
Jvern02: bets $0.06
Muhlen9: calls $0.06
*** RIVER *** [5s 5c Js 3c] [2c]
Jvern02: checks 
Muhlen9: bets $0.23
Jvern02: folds 
Uncalled bet ($0.23) returned to Muhlen9
Muhlen9 collected $0.23 from pot
Muhlen9: doesn't show hand 
*** SUMMARY ***
Total pot $0.24 | Rake $0.01 
Board [5s 5c Js 3c 2c]
Seat 1: Muhlen9 collected ($0.23)
Seat 2: Lorpugo folded before Flop (didn't bet)
Seat 3: Pilo54 (button) folded before Flop (didn't bet)
Seat 4: Jvern02 (small blind) folded on the River
Seat 5: iNside404 (big blind) folded before Flop



PokerStars Hand #241323871821:  Hold'em No Limit ($0.01/$0.02 USD) - 2023/01/22 13:49:47 ET
Table 'Ostanina II' 6-max Seat #4 is the button
Seat 1: Muhlen9 ($2.70 in chips) 
Seat 2: Lorpugo ($1.15 in chips) 
Seat 3: Pilo54 ($1.59 in chips) 
Seat 4: Jvern02 ($2.44 in chips) 
Seat 5: iNside404 ($1.60 in chips) 
iNside404: posts small blind $0.01
Muhlen9: posts big blind $0.02
*** HOLE CARDS ***
Dealt to Lorpugo [Kc 3d]
Lorpugo: folds 
Pilo54: folds 
Jvern02: folds 
iNside404: raises $0.04 to $0.06
Muhlen9: calls $0.04
*** FLOP *** [4d 9s Jc]
iNside404: checks 
Muhlen9: bets $0.08
iNside404: calls $0.08
*** TURN *** [4d 9s Jc] [Ts]
iNside404: checks 
Muhlen9: checks 
*** RIVER *** [4d 9s Jc Ts] [Ah]
iNside404: checks 
Muhlen9: bets $0.27
iNside404: folds 
Uncalled bet ($0.27) returned to Muhlen9
Muhlen9 collected $0.27 from pot
Muhlen9: doesn't show hand 
*** SUMMARY ***
Total pot $0.28 | Rake $0.01 
Board [4d 9s Jc Ts Ah]
Seat 1: Muhlen9 (big blind) collected ($0.27)
Seat 2: Lorpugo folded before Flop (didn't bet)
Seat 3: Pilo54 folded before Flop (didn't bet)
Seat 4: Jvern02 (button) folded before Flop (didn't bet)
Seat 5: iNside404 (small blind) folded on the River



PokerStars Hand #241323903653:  Hold'em No Limit ($0.01/$0.02 USD) - 2023/01/22 13:50:56 ET
Table 'Ostanina II' 6-max Seat #5 is the button
Seat 1: Muhlen9 ($2.83 in chips) 
Seat 2: Lorpugo ($1.15 in chips) 
Seat 3: Pilo54 ($1.59 in chips) 
Seat 4: Jvern02 ($2.44 in chips) 
Seat 5: iNside404 ($1.60 in chips) 
Muhlen9: posts small blind $0.01
Lorpugo: posts big blind $0.02
*** HOLE CARDS ***
Dealt to Lorpugo [Qd 3c]
Pilo54: folds 
Jvern02: folds 
iNside404: raises $0.03 to $0.05
Muhlen9: folds 
Lorpugo: folds 
Uncalled bet ($0.03) returned to iNside404
iNside404 collected $0.05 from pot
iNside404: doesn't show hand 
*** SUMMARY ***
Total pot $0.05 | Rake $0 
Seat 1: Muhlen9 (small blind) folded before Flop
Seat 2: Lorpugo (big blind) folded before Flop
Seat 3: Pilo54 folded before Flop (didn't bet)
Seat 4: Jvern02 folded before Flop (didn't bet)
Seat 5: iNside404 (button) collected ($0.05)



PokerStars Hand #241323912254:  Hold'em No Limit ($0.01/$0.02 USD) - 2023/01/22 13:51:14 ET
Table 'Ostanina II' 6-max Seat #1 is the button
Seat 1: Muhlen9 ($2.82 in chips) 
Seat 2: Lorpugo ($1.13 in chips) 
Seat 3: Pilo54 ($1.59 in chips) 
Seat 4: Jvern02 ($2.44 in chips) 
Seat 5: iNside404 ($1.63 in chips) 
Lorpugo: posts small blind $0.01
Pilo54: posts big blind $0.02
*** HOLE CARDS ***
Dealt to Lorpugo [Jc 6d]
Jvern02: folds 
iNside404: folds 
Muhlen9: folds 
Lorpugo: raises $0.03 to $0.05
Pilo54: calls $0.03
*** FLOP *** [9d 2s 4c]
Lorpugo: bets $0.05
Pilo54: calls $0.05
*** TURN *** [9d 2s 4c] [4h]
Lorpugo: checks 
Pilo54: checks 
*** RIVER *** [9d 2s 4c 4h] [5s]
Lorpugo: checks 
Pilo54: bets $0.10
Lorpugo: folds 
Uncalled bet ($0.10) returned to Pilo54
Pilo54 collected $0.19 from pot
Pilo54: doesn't show hand 
*** SUMMARY ***
Total pot $0.20 | Rake $0.01 
Board [9d 2s 4c 4h 5s]
Seat 1: Muhlen9 (button) folded before Flop (didn't bet)
Seat 2: Lorpugo (small blind) folded on the River
Seat 3: Pilo54 (big blind) collected ($0.19)
Seat 4: Jvern02 folded before Flop (didn't bet)
Seat 5: iNside404 folded before Flop (didn't bet)



PokerStars Hand #241323934347:  Hold'em No Limit ($0.01/$0.02 USD) - 2023/01/22 13:52:01 ET
Table 'Ostanina II' 6-max Seat #2 is the button
Seat 1: Muhlen9 ($2.82 in chips) 
Seat 2: Lorpugo ($1.03 in chips) 
Seat 3: Pilo54 ($1.68 in chips) 
Seat 4: Jvern02 ($2.44 in chips) 
Seat 5: iNside404 ($1.63 in chips) 
Pilo54: posts small blind $0.01
Jvern02: posts big blind $0.02
*** HOLE CARDS ***
Dealt to Lorpugo [Ts Ad]
iNside404: folds 
Muhlen9: folds 
Lorpugo: raises $0.03 to $0.05
Pilo54: folds 
Jvern02: folds 
Uncalled bet ($0.03) returned to Lorpugo
Lorpugo collected $0.05 from pot
Lorpugo: doesn't show hand 
*** SUMMARY ***
Total pot $0.05 | Rake $0 
Seat 1: Muhlen9 folded before Flop (didn't bet)
Seat 2: Lorpugo (button) collected ($0.05)
Seat 3: Pilo54 (small blind) folded before Flop
Seat 4: Jvern02 (big blind) folded before Flop
Seat 5: iNside404 folded before Flop (didn't bet)



PokerStars Hand #241323941405:  Hold'em No Limit ($0.01/$0.02 USD) - 2023/01/22 13:52:17 ET
Table 'Ostanina II' 6-max Seat #3 is the button
Seat 1: Muhlen9 ($2.82 in chips) 
Seat 2: Lorpugo ($1.06 in chips) 
Seat 3: Pilo54 ($1.67 in chips) 
Seat 4: Jvern02 ($2.42 in chips) 
Seat 5: iNside404 ($1.63 in chips) 
Jvern02: posts small blind $0.01
iNside404: posts big blind $0.02
*** HOLE CARDS ***
Dealt to Lorpugo [5s 9h]
Muhlen9: folds 
Lorpugo: folds 
Pilo54: folds 
Jvern02: folds 
Uncalled bet ($0.01) returned to iNside404
iNside404 collected $0.02 from pot
iNside404: doesn't show hand 
*** SUMMARY ***
Total pot $0.02 | Rake $0 
Seat 1: Muhlen9 folded before Flop (didn't bet)
Seat 2: Lorpugo folded before Flop (didn't bet)
Seat 3: Pilo54 (button) folded before Flop (didn't bet)
Seat 4: Jvern02 (small blind) folded before Flop
Seat 5: iNside404 (big blind) collected ($0.02)



PokerStars Hand #241323947288:  Hold'em No Limit ($0.01/$0.02 USD) - 2023/01/22 13:52:29 ET
Table 'Ostanina II' 6-max Seat #4 is the button
Seat 1: Muhlen9 ($2.82 in chips) 
Seat 2: Lorpugo ($1.06 in chips) 
Seat 3: Pilo54 ($1.67 in chips) 
Seat 4: Jvern02 ($2.41 in chips) 
Seat 5: iNside404 ($1.64 in chips) 
Seat 6: rosbel_poker ($3.34 in chips) 
iNside404: posts small blind $0.01
rosbel_poker: posts big blind $0.02
*** HOLE CARDS ***
Dealt to Lorpugo [4c 5s]
Muhlen9: folds 
Lorpugo: folds 
Pilo54: folds 
Jvern02: folds 
iNside404: folds 
Uncalled bet ($0.01) returned to rosbel_poker
rosbel_poker collected $0.02 from pot
rosbel_poker: doesn't show hand 
*** SUMMARY ***
Total pot $0.02 | Rake $0 
Seat 1: Muhlen9 folded before Flop (didn't bet)
Seat 2: Lorpugo folded before Flop (didn't bet)
Seat 3: Pilo54 folded before Flop (didn't bet)
Seat 4: Jvern02 (button) folded before Flop (didn't bet)
Seat 5: iNside404 (small blind) folded before Flop
Seat 6: rosbel_poker (big blind) collected ($0.02)



PokerStars Hand #241323952143:  Hold'em No Limit ($0.01/$0.02 USD) - 2023/01/22 13:52:40 ET
Table 'Ostanina II' 6-max Seat #5 is the button
Seat 1: Muhlen9 ($2.82 in chips) 
Seat 2: Lorpugo ($1.06 in chips) 
Seat 3: Pilo54 ($1.67 in chips) 
Seat 4: Jvern02 ($2.41 in chips) 
Seat 5: iNside404 ($1.63 in chips) 
Seat 6: rosbel_poker ($3.35 in chips) 
rosbel_poker: posts small blind $0.01
Muhlen9: posts big blind $0.02
*** HOLE CARDS ***
Dealt to Lorpugo [Qc 6c]
Lorpugo: folds 
Pilo54: raises $0.02 to $0.04
Jvern02: calls $0.04
iNside404: calls $0.04
rosbel_poker: folds 
Muhlen9: calls $0.02
*** FLOP *** [5h 2d 4d]
Muhlen9: checks 
Pilo54: checks 
Jvern02: checks 
iNside404: bets $0.12
Muhlen9: calls $0.12
Pilo54: folds 
Jvern02: folds 
*** TURN *** [5h 2d 4d] [4s]
Muhlen9: checks 
iNside404: bets $0.32
Muhlen9: folds 
Uncalled bet ($0.32) returned to iNside404
iNside404 collected $0.40 from pot
iNside404: doesn't show hand 
*** SUMMARY ***
Total pot $0.41 | Rake $0.01 
Board [5h 2d 4d 4s]
Seat 1: Muhlen9 (big blind) folded on the Turn
Seat 2: Lorpugo folded before Flop (didn't bet)
Seat 3: Pilo54 folded on the Flop
Seat 4: Jvern02 folded on the Flop
Seat 5: iNside404 (button) collected ($0.40)
Seat 6: rosbel_poker (small blind) folded before Flop



PokerStars Hand #241323992618:  Hold'em No Limit ($0.01/$0.02 USD) - 2023/01/22 13:54:07 ET
Table 'Ostanina II' 6-max Seat #6 is the button
Seat 1: Muhlen9 ($2.66 in chips) 
Seat 2: Lorpugo ($1.86 in chips) 
Seat 3: Pilo54 ($1.63 in chips) 
Seat 4: Jvern02 ($2.37 in chips) 
Seat 5: iNside404 ($1.87 in chips) 
Seat 6: rosbel_poker ($3.34 in chips) 
Muhlen9: posts small blind $0.01
Lorpugo: posts big blind $0.02
*** HOLE CARDS ***
Dealt to Lorpugo [7s Td]
Pilo54: folds 
Jvern02: folds 
iNside404: folds 
rosbel_poker: folds 
Muhlen9: folds 
Uncalled bet ($0.01) returned to Lorpugo
Lorpugo collected $0.02 from pot
Lorpugo: doesn't show hand 
*** SUMMARY ***
Total pot $0.02 | Rake $0 
Seat 1: Muhlen9 (small blind) folded before Flop
Seat 2: Lorpugo (big blind) collected ($0.02)
Seat 3: Pilo54 folded before Flop (didn't bet)
Seat 4: Jvern02 folded before Flop (didn't bet)
Seat 5: iNside404 folded before Flop (didn't bet)
Seat 6: rosbel_poker (button) folded before Flop (didn't bet)



PokerStars Hand #241323998113:  Hold'em No Limit ($0.01/$0.02 USD) - 2023/01/22 13:54:19 ET
Table 'Ostanina II' 6-max Seat #1 is the button
Seat 1: Muhlen9 ($2.65 in chips) 
Seat 2: Lorpugo ($1.87 in chips) 
Seat 3: Pilo54 ($1.63 in chips) 
Seat 4: Jvern02 ($2.37 in chips) 
Seat 5: iNside404 ($1.87 in chips) 
Seat 6: rosbel_poker ($3.34 in chips) 
Lorpugo: posts small blind $0.01
Pilo54: posts big blind $0.02
*** HOLE CARDS ***
Dealt to Lorpugo [5d 4h]
Jvern02: folds 
iNside404: folds 
rosbel_poker: folds 
Muhlen9: raises $0.03 to $0.05
Lorpugo: folds 
Pilo54: folds 
Uncalled bet ($0.03) returned to Muhlen9
Muhlen9 collected $0.05 from pot
Muhlen9: doesn't show hand 
*** SUMMARY ***
Total pot $0.05 | Rake $0 
Seat 1: Muhlen9 (button) collected ($0.05)
Seat 2: Lorpugo (small blind) folded before Flop
Seat 3: Pilo54 (big blind) folded before Flop
Seat 4: Jvern02 folded before Flop (didn't bet)
Seat 5: iNside404 folded before Flop (didn't bet)
Seat 6: rosbel_poker folded before Flop (didn't bet)



PokerStars Hand #241324003535:  Hold'em No Limit ($0.01/$0.02 USD) - 2023/01/22 13:54:31 ET
Table 'Ostanina II' 6-max Seat #2 is the button
Seat 1: Muhlen9 ($2.68 in chips) 
Seat 2: Lorpugo ($1.86 in chips) 
Seat 3: Pilo54 ($1.61 in chips) 
Seat 4: Jvern02 ($2.37 in chips) 
Seat 5: iNside404 ($1.87 in chips) 
Seat 6: rosbel_poker ($3.34 in chips) 
Pilo54: posts small blind $0.01
Jvern02: posts big blind $0.02
*** HOLE CARDS ***
Dealt to Lorpugo [8s Js]
iNside404: folds 
rosbel_poker: folds 
Muhlen9: folds 
Lorpugo: raises $0.03 to $0.05
Pilo54: folds 
Jvern02: raises $0.10 to $0.15
Lorpugo: calls $0.10
*** FLOP *** [4c As 7h]
Jvern02: bets $0.10
Lorpugo: folds 
Uncalled bet ($0.10) returned to Jvern02
Jvern02 collected $0.30 from pot
Jvern02: doesn't show hand 
*** SUMMARY ***
Total pot $0.31 | Rake $0.01 
Board [4c As 7h]
Seat 1: Muhlen9 folded before Flop (didn't bet)
Seat 2: Lorpugo (button) folded on the Flop
Seat 3: Pilo54 (small blind) folded before Flop
Seat 4: Jvern02 (big blind) collected ($0.30)
Seat 5: iNside404 folded before Flop (didn't bet)
Seat 6: rosbel_poker folded before Flop (didn't bet)



PokerStars Hand #241324014432:  Hold'em No Limit ($0.01/$0.02 USD) - 2023/01/22 13:54:55 ET
Table 'Ostanina II' 6-max Seat #3 is the button
Seat 1: Muhlen9 ($2.68 in chips) 
Seat 2: Lorpugo ($1.71 in chips) 
Seat 3: Pilo54 ($1.60 in chips) 
Seat 4: Jvern02 ($2.52 in chips) 
Seat 5: iNside404 ($1.87 in chips) 
Seat 6: rosbel_poker ($3.34 in chips) 
Jvern02: posts small blind $0.01
iNside404: posts big blind $0.02
*** HOLE CARDS ***
Dealt to Lorpugo [2h As]
rosbel_poker: folds 
Muhlen9: folds 
Lorpugo: raises $0.03 to $0.05
Pilo54: folds 
Jvern02: folds 
iNside404: folds 
Uncalled bet ($0.03) returned to Lorpugo
Lorpugo collected $0.05 from pot
Lorpugo: doesn't show hand 
*** SUMMARY ***
Total pot $0.05 | Rake $0 
Seat 1: Muhlen9 folded before Flop (didn't bet)
Seat 2: Lorpugo collected ($0.05)
Seat 3: Pilo54 (button) folded before Flop (didn't bet)
Seat 4: Jvern02 (small blind) folded before Flop
Seat 5: iNside404 (big blind) folded before Flop
Seat 6: rosbel_poker folded before Flop (didn't bet)



PokerStars Hand #241324024058:  Hold'em No Limit ($0.01/$0.02 USD) - 2023/01/22 13:55:17 ET
Table 'Ostanina II' 6-max Seat #4 is the button
Seat 1: Muhlen9 ($2.68 in chips) 
Seat 2: Lorpugo ($1.74 in chips) 
Seat 3: Pilo54 ($1.60 in chips) 
Seat 4: Jvern02 ($2.51 in chips) 
Seat 5: iNside404 ($1.85 in chips) 
Seat 6: rosbel_poker ($3.34 in chips) 
iNside404: posts small blind $0.01
rosbel_poker: posts big blind $0.02
*** HOLE CARDS ***
Dealt to Lorpugo [Ad Ts]
Muhlen9: raises $0.03 to $0.05
Lorpugo: calls $0.05
Pilo54: folds 
Jvern02: folds 
iNside404: folds 
rosbel_poker has timed out
rosbel_poker: folds 
*** FLOP *** [3h 4c 5h]
Muhlen9: checks 
Lorpugo: bets $0.07
Muhlen9: folds 
Uncalled bet ($0.07) returned to Lorpugo
Lorpugo collected $0.13 from pot
Lorpugo: doesn't show hand 
*** SUMMARY ***
Total pot $0.13 | Rake $0 
Board [3h 4c 5h]
Seat 1: Muhlen9 folded on the Flop
Seat 2: Lorpugo collected ($0.13)
Seat 3: Pilo54 folded before Flop (didn't bet)
Seat 4: Jvern02 (button) folded before Flop (didn't bet)
Seat 5: iNside404 (small blind) folded before Flop
Seat 6: rosbel_poker (big blind) folded before Flop



PokerStars Hand #241324045308:  Hold'em No Limit ($0.01/$0.02 USD) - 2023/01/22 13:56:29 ET
Table 'Ostanina II' 6-max Seat #5 is the button
Seat 2: Lorpugo ($1.82 in chips) 
Seat 3: Pilo54 ($1.60 in chips) 
Seat 4: Jvern02 ($2.51 in chips) 
Seat 5: iNside404 ($1.84 in chips) 
Lorpugo: posts small blind $0.01
Pilo54: posts big blind $0.02
*** HOLE CARDS ***
Dealt to Lorpugo [7s Jd]
Jvern02: raises $0.03 to $0.05
iNside404: calls $0.05
Lorpugo: folds 
Pilo54: folds 
*** FLOP *** [9h Qs 8c]
Jvern02: bets $0.04
iNside404: folds 
Uncalled bet ($0.04) returned to Jvern02
Jvern02 collected $0.13 from pot
Jvern02: doesn't show hand 
*** SUMMARY ***
Total pot $0.13 | Rake $0 
Board [9h Qs 8c]
Seat 2: Lorpugo (small blind) folded before Flop
Seat 3: Pilo54 (big blind) folded before Flop
Seat 4: Jvern02 collected ($0.13)
Seat 5: iNside404 (button) folded on the Flop



PokerStars Hand #241324051575:  Hold'em No Limit ($0.01/$0.02 USD) - 2023/01/22 13:56:50 ET
Table 'Ostanina II' 6-max Seat #2 is the button
Seat 2: Lorpugo ($1.81 in chips) 
Seat 3: Pilo54 ($1.58 in chips) 
Seat 4: Jvern02 ($2.59 in chips) 
Seat 5: iNside404 ($1.79 in chips) 
Pilo54: posts small blind $0.01
Jvern02: posts big blind $0.02
*** HOLE CARDS ***
Dealt to Lorpugo [Jc 5h]
iNside404: folds 
Lorpugo: folds 
Pilo54: raises $0.02 to $0.04
Jvern02: calls $0.02
*** FLOP *** [4c 7d 9d]
Pilo54: checks 
Jvern02: bets $0.03
Pilo54: calls $0.03
*** TURN *** [4c 7d 9d] [9h]
Pilo54: checks 
Jvern02: bets $0.07
Pilo54: folds 
Uncalled bet ($0.07) returned to Jvern02
Jvern02 collected $0.14 from pot
Jvern02: doesn't show hand 
*** SUMMARY ***
Total pot $0.14 | Rake $0 
Board [4c 7d 9d 9h]
Seat 2: Lorpugo (button) folded before Flop (didn't bet)
Seat 3: Pilo54 (small blind) folded on the Turn
Seat 4: Jvern02 (big blind) collected ($0.14)
Seat 5: iNside404 folded before Flop (didn't bet)



PokerStars Hand #241324060401:  Hold'em No Limit ($0.01/$0.02 USD) - 2023/01/22 13:57:20 ET
Table 'Ostanina II' 6-max Seat #3 is the button
Seat 2: Lorpugo ($1.81 in chips) 
Seat 3: Pilo54 ($1.51 in chips) 
Seat 4: Jvern02 ($2.66 in chips) 
Seat 5: iNside404 ($1.79 in chips) 
Jvern02: posts small blind $0.01
iNside404: posts big blind $0.02
*** HOLE CARDS ***
Dealt to Lorpugo [3h Ts]
Lorpugo: folds 
Pilo54: raises $0.02 to $0.04
Jvern02: calls $0.03
iNside404: folds 
*** FLOP *** [4c 7h 5c]
Jvern02: checks 
Pilo54: checks 
*** TURN *** [4c 7h 5c] [Tc]
Jvern02: checks 
Pilo54: bets $0.04
Jvern02: folds 
Uncalled bet ($0.04) returned to Pilo54
Pilo54 collected $0.10 from pot
Pilo54: doesn't show hand 
*** SUMMARY ***
Total pot $0.10 | Rake $0 
Board [4c 7h 5c Tc]
Seat 2: Lorpugo folded before Flop (didn't bet)
Seat 3: Pilo54 (button) collected ($0.10)
Seat 4: Jvern02 (small blind) folded on the Turn
Seat 5: iNside404 (big blind) folded before Flop



PokerStars Hand #241324068086:  Hold'em No Limit ($0.01/$0.02 USD) - 2023/01/22 13:57:46 ET
Table 'Ostanina II' 6-max Seat #4 is the button
Seat 2: Lorpugo ($1.81 in chips) 
Seat 3: Pilo54 ($1.57 in chips) 
Seat 4: Jvern02 ($2.62 in chips) 
Seat 5: iNside404 ($1.77 in chips) 
iNside404: posts small blind $0.01
Lorpugo: posts big blind $0.02
*** HOLE CARDS ***
Dealt to Lorpugo [6d 7d]
Pilo54: raises $0.02 to $0.04
Jvern02: folds 
iNside404: folds 
Lorpugo: calls $0.02
*** FLOP *** [Tc Kh Jc]
Lorpugo: checks 
Pilo54: bets $0.04
Lorpugo: folds 
Uncalled bet ($0.04) returned to Pilo54
Pilo54 collected $0.09 from pot
Pilo54: doesn't show hand 
*** SUMMARY ***
Total pot $0.09 | Rake $0 
Board [Tc Kh Jc]
Seat 2: Lorpugo (big blind) folded on the Flop
Seat 3: Pilo54 collected ($0.09)
Seat 4: Jvern02 (button) folded before Flop (didn't bet)
Seat 5: iNside404 (small blind) folded before Flop



PokerStars Hand #241324074939:  Hold'em No Limit ($0.01/$0.02 USD) - 2023/01/22 13:58:09 ET
Table 'Ostanina II' 6-max Seat #5 is the button
Seat 2: Lorpugo ($1.77 in chips) 
Seat 3: Pilo54 ($1.62 in chips) 
Seat 4: Jvern02 ($2.62 in chips) 
Seat 5: iNside404 ($1.76 in chips) 
Lorpugo: posts small blind $0.01
Pilo54: posts big blind $0.02
*** HOLE CARDS ***
Dealt to Lorpugo [Ah 6h]
Jvern02: folds 
iNside404: raises $0.03 to $0.05
Lorpugo: raises $0.12 to $0.17
Pilo54: folds 
iNside404: folds 
Uncalled bet ($0.12) returned to Lorpugo
Lorpugo collected $0.12 from pot
Lorpugo: doesn't show hand 
*** SUMMARY ***
Total pot $0.12 | Rake $0 
Seat 2: Lorpugo (small blind) collected ($0.12)
Seat 3: Pilo54 (big blind) folded before Flop
Seat 4: Jvern02 folded before Flop (didn't bet)
Seat 5: iNside404 (button) folded before Flop



PokerStars Hand #241324082152:  Hold'em No Limit ($0.01/$0.02 USD) - 2023/01/22 13:58:34 ET
Table 'Ostanina II' 6-max Seat #2 is the button
Seat 2: Lorpugo ($1.84 in chips) 
Seat 3: Pilo54 ($1.60 in chips) 
Seat 4: Jvern02 ($2.62 in chips) 
Seat 5: iNside404 ($1.71 in chips) 
Pilo54: posts small blind $0.01
Jvern02: posts big blind $0.02
*** HOLE CARDS ***
Dealt to Lorpugo [9c 7s]
iNside404: raises $0.03 to $0.05
Lorpugo: folds 
Pilo54: calls $0.04
Jvern02: calls $0.03
*** FLOP *** [6c Kd 5s]
Pilo54: checks 
Jvern02: checks 
iNside404: bets $0.07
Pilo54: folds 
Jvern02: folds 
Uncalled bet ($0.07) returned to iNside404
iNside404 collected $0.14 from pot
iNside404: doesn't show hand 
*** SUMMARY ***
Total pot $0.15 | Rake $0.01 
Board [6c Kd 5s]
Seat 2: Lorpugo (button) folded before Flop (didn't bet)
Seat 3: Pilo54 (small blind) folded on the Flop
Seat 4: Jvern02 (big blind) folded on the Flop
Seat 5: iNside404 collected ($0.14)



PokerStars Hand #241324097662:  Hold'em No Limit ($0.01/$0.02 USD) - 2023/01/22 13:59:26 ET
Table 'Ostanina II' 6-max Seat #3 is the button
Seat 2: Lorpugo ($1.84 in chips) 
Seat 3: Pilo54 ($1.55 in chips) 
Seat 4: Jvern02 ($2.57 in chips) 
Seat 5: iNside404 ($1.80 in chips) 
Jvern02: posts small blind $0.01
iNside404: posts big blind $0.02
*** HOLE CARDS ***
Dealt to Lorpugo [Js Qc]
Lorpugo: raises $0.03 to $0.05
Pilo54: folds 
Jvern02: calls $0.04
iNside404: raises $0.19 to $0.24
Lorpugo: folds 
Jvern02: folds 
Uncalled bet ($0.19) returned to iNside404
iNside404 collected $0.15 from pot
iNside404: doesn't show hand 
*** SUMMARY ***
Total pot $0.15 | Rake $0 
Seat 2: Lorpugo folded before Flop
Seat 3: Pilo54 (button) folded before Flop (didn't bet)
Seat 4: Jvern02 (small blind) folded before Flop
Seat 5: iNside404 (big blind) collected ($0.15)



PokerStars Hand #241324105136:  Hold'em No Limit ($0.01/$0.02 USD) - 2023/01/22 13:59:51 ET
Table 'Ostanina II' 6-max Seat #4 is the button
Seat 2: Lorpugo ($1.79 in chips) 
Seat 3: Pilo54 ($1.55 in chips) 
Seat 4: Jvern02 ($2.52 in chips) 
Seat 5: iNside404 ($1.90 in chips) 
iNside404: posts small blind $0.01
Lorpugo: posts big blind $0.02
*** HOLE CARDS ***
Dealt to Lorpugo [2c 7h]
Pilo54: folds 
Jvern02: folds 
iNside404: raises $0.04 to $0.06
Lorpugo: folds 
Uncalled bet ($0.04) returned to iNside404
iNside404 collected $0.04 from pot
iNside404: doesn't show hand 
*** SUMMARY ***
Total pot $0.04 | Rake $0 
Seat 2: Lorpugo (big blind) folded before Flop
Seat 3: Pilo54 folded before Flop (didn't bet)
Seat 4: Jvern02 (button) folded before Flop (didn't bet)
Seat 5: iNside404 (small blind) collected ($0.04)



PokerStars Hand #241324108652:  Hold'em No Limit ($0.01/$0.02 USD) - 2023/01/22 14:00:03 ET
Table 'Ostanina II' 6-max Seat #5 is the button
Seat 2: Lorpugo ($1.77 in chips) 
Seat 3: Pilo54 ($1.55 in chips) 
Seat 4: Jvern02 ($2.52 in chips) 
Seat 5: iNside404 ($1.92 in chips) 
Lorpugo: posts small blind $0.01
Pilo54: posts big blind $0.02
*** HOLE CARDS ***
Dealt to Lorpugo [8h Jh]
Jvern02: folds 
iNside404: folds 
Lorpugo: raises $0.03 to $0.05
Pilo54: folds 
Uncalled bet ($0.03) returned to Lorpugo
Lorpugo collected $0.04 from pot
Lorpugo: doesn't show hand 
*** SUMMARY ***
Total pot $0.04 | Rake $0 
Seat 2: Lorpugo (small blind) collected ($0.04)
Seat 3: Pilo54 (big blind) folded before Flop
Seat 4: Jvern02 folded before Flop (didn't bet)
Seat 5: iNside404 (button) folded before Flop (didn't bet)



PokerStars Hand #241324111100:  Hold'em No Limit ($0.01/$0.02 USD) - 2023/01/22 14:00:11 ET
Table 'Ostanina II' 6-max Seat #2 is the button
Seat 2: Lorpugo ($1.79 in chips) 
Seat 3: Pilo54 ($1.53 in chips) 
Seat 4: Jvern02 ($2.52 in chips) 
Seat 5: iNside404 ($1.92 in chips) 
Pilo54: posts small blind $0.01
Jvern02: posts big blind $0.02
*** HOLE CARDS ***
Dealt to Lorpugo [Qc Qh]
iNside404: raises $0.03 to $0.05
Lorpugo: raises $0.13 to $0.18
Muhlen9 leaves the table
Pilo54: folds 
Jvern02: folds 
iNside404: folds 
Uncalled bet ($0.13) returned to Lorpugo
Lorpugo collected $0.13 from pot
Lorpugo: doesn't show hand 
*** SUMMARY ***
Total pot $0.13 | Rake $0 
Seat 2: Lorpugo (button) collected ($0.13)
Seat 3: Pilo54 (small blind) folded before Flop
Seat 4: Jvern02 (big blind) folded before Flop
Seat 5: iNside404 folded before Flop



PokerStars Hand #241324120734:  Hold'em No Limit ($0.01/$0.02 USD) - 2023/01/22 14:00:41 ET
Table 'Ostanina II' 6-max Seat #3 is the button
Seat 2: Lorpugo ($1.87 in chips) 
Seat 3: Pilo54 ($1.52 in chips) 
Seat 4: Jvern02 ($2.50 in chips) 
Seat 5: iNside404 ($1.87 in chips) 
Jvern02: posts small blind $0.01
iNside404: posts big blind $0.02
*** HOLE CARDS ***
Dealt to Lorpugo [7s 4c]
Lorpugo: folds 
Pilo54: folds 
Jvern02: folds 
Uncalled bet ($0.01) returned to iNside404
iNside404 collected $0.02 from pot
iNside404: doesn't show hand 
*** SUMMARY ***
Total pot $0.02 | Rake $0 
Seat 2: Lorpugo folded before Flop (didn't bet)
Seat 3: Pilo54 (button) folded before Flop (didn't bet)
Seat 4: Jvern02 (small blind) folded before Flop
Seat 5: iNside404 (big blind) collected ($0.02)



PokerStars Hand #241324123318:  Hold'em No Limit ($0.01/$0.02 USD) - 2023/01/22 14:00:49 ET
Table 'Ostanina II' 6-max Seat #4 is the button
Seat 2: Lorpugo ($1.87 in chips) 
Seat 3: Pilo54 ($1.52 in chips) 
Seat 4: Jvern02 ($2.49 in chips) 
Seat 5: iNside404 ($1.88 in chips) 
iNside404: posts small blind $0.01
Lorpugo: posts big blind $0.02
*** HOLE CARDS ***
Dealt to Lorpugo [Jc 7h]
wladkosm joins the table at seat #1 
Pilo54: raises $0.02 to $0.04
Jvern02: folds 
iNside404: folds 
Lorpugo: folds 
Uncalled bet ($0.02) returned to Pilo54
Pilo54 collected $0.05 from pot
rosbel_poker leaves the table
Pilo54: doesn't show hand 
*** SUMMARY ***
Total pot $0.05 | Rake $0 
Seat 2: Lorpugo (big blind) folded before Flop
Seat 3: Pilo54 collected ($0.05)
Seat 4: Jvern02 (button) folded before Flop (didn't bet)
Seat 5: iNside404 (small blind) folded before Flop



PokerStars Hand #241324130625:  Hold'em No Limit ($0.01/$0.02 USD) - 2023/01/22 14:01:09 ET
Table 'Ostanina II' 6-max Seat #5 is the button
Seat 2: Lorpugo ($1.85 in chips) 
Seat 3: Pilo54 ($1.55 in chips) 
Seat 4: Jvern02 ($2.49 in chips) 
Seat 5: iNside404 ($1.87 in chips) 
Lorpugo: posts small blind $0.01
Pilo54: posts big blind $0.02
*** HOLE CARDS ***
Dealt to Lorpugo [Qh Ks]
Jvern02: raises $0.03 to $0.05
iNside404: calls $0.05
Lorpugo: raises $0.17 to $0.22
Pilo54: folds 
HoseLopez joins the table at seat #6 
Jvern02: raises $0.38 to $0.60
iNside404: folds 
Lorpugo: folds 
Uncalled bet ($0.38) returned to Jvern02
Jvern02 collected $0.51 from pot
Jvern02: doesn't show hand 
*** SUMMARY ***
Total pot $0.51 | Rake $0 
Seat 2: Lorpugo (small blind) folded before Flop
Seat 3: Pilo54 (big blind) folded before Flop
Seat 4: Jvern02 collected ($0.51)
Seat 5: iNside404 (button) folded before Flop



PokerStars Hand #241324140041:  Hold'em No Limit ($0.01/$0.02 USD) - 2023/01/22 14:01:35 ET
Table 'Ostanina II' 6-max Seat #2 is the button
Seat 2: Lorpugo ($1.63 in chips) 
Seat 3: Pilo54 ($1.53 in chips) 
Seat 4: Jvern02 ($2.78 in chips) 
Seat 5: iNside404 ($1.82 in chips) 
Pilo54: posts small blind $0.01
Jvern02: posts big blind $0.02
*** HOLE CARDS ***
Dealt to Lorpugo [9c 6c]
iNside404: folds 
Lorpugo: raises $0.03 to $0.05
Pilo54: folds 
Jvern02: calls $0.03
*** FLOP *** [Kd 7h Kh]
Jvern02: checks 
Lorpugo: checks 
*** TURN *** [Kd 7h Kh] [Qc]
Jvern02: bets $0.06
Lorpugo: raises $0.12 to $0.18
Jvern02: folds 
Uncalled bet ($0.12) returned to Lorpugo
Lorpugo collected $0.22 from pot
Lorpugo: doesn't show hand 
*** SUMMARY ***
Total pot $0.23 | Rake $0.01 
Board [Kd 7h Kh Qc]
Seat 2: Lorpugo (button) collected ($0.22)
Seat 3: Pilo54 (small blind) folded before Flop
Seat 4: Jvern02 (big blind) folded on the Turn
Seat 5: iNside404 folded before Flop (didn't bet)



PokerStars Hand #241324153052:  Hold'em No Limit ($0.01/$0.02 USD) - 2023/01/22 14:02:08 ET
Table 'Ostanina II' 6-max Seat #3 is the button
Seat 2: Lorpugo ($1.74 in chips) 
Seat 3: Pilo54 ($1.52 in chips) 
Seat 4: Jvern02 ($2.67 in chips) 
Seat 5: iNside404 ($1.82 in chips) 
Jvern02: posts small blind $0.01
iNside404: posts big blind $0.02
*** HOLE CARDS ***
Dealt to Lorpugo [7c As]
Lorpugo: raises $0.03 to $0.05
Pilo54: folds 
Jvern02: calls $0.04
iNside404: calls $0.03
*** FLOP *** [Ac 2c 5s]
Jvern02: checks 
iNside404: checks 
Lorpugo: bets $0.05
Jvern02: folds 
iNside404: folds 
Uncalled bet ($0.05) returned to Lorpugo
Lorpugo collected $0.14 from pot
Lorpugo: doesn't show hand 
*** SUMMARY ***
Total pot $0.15 | Rake $0.01 
Board [Ac 2c 5s]
Seat 2: Lorpugo collected ($0.14)
Seat 3: Pilo54 (button) folded before Flop (didn't bet)
Seat 4: Jvern02 (small blind) folded on the Flop
Seat 5: iNside404 (big blind) folded on the Flop



PokerStars Hand #241324170530:  Hold'em No Limit ($0.01/$0.02 USD) - 2023/01/22 14:02:46 ET
Table 'Ostanina II' 6-max Seat #4 is the button
Seat 1: wladkosm ($0.80 in chips) 
Seat 2: Lorpugo ($1.83 in chips) 
Seat 3: Pilo54 ($1.52 in chips) 
Seat 4: Jvern02 ($2.62 in chips) 
Seat 5: iNside404 ($1.77 in chips) 
Seat 6: HoseLopez ($1 in chips) 
iNside404: posts small blind $0.01
HoseLopez: posts big blind $0.02
wladkosm: posts big blind $0.02
*** HOLE CARDS ***
Dealt to Lorpugo [9h Jc]
wladkosm: checks 
Lorpugo: folds 
Pilo54: folds 
Jvern02: folds 
iNside404: folds 
HoseLopez: checks 
*** FLOP *** [3h Qc Jh]
HoseLopez: checks 
wladkosm: checks 
*** TURN *** [3h Qc Jh] [Ac]
HoseLopez: bets $0.03
wladkosm: calls $0.03
*** RIVER *** [3h Qc Jh Ac] [4c]
HoseLopez: bets $0.06
wladkosm: calls $0.06
*** SHOW DOWN ***
HoseLopez: shows [3s As] (two pair, Aces and Threes)
wladkosm: mucks hand 
HoseLopez collected $0.22 from pot
*** SUMMARY ***
Total pot $0.23 | Rake $0.01 
Board [3h Qc Jh Ac 4c]
Seat 1: wladkosm mucked [7h 4h]
Seat 2: Lorpugo folded before Flop (didn't bet)
Seat 3: Pilo54 folded before Flop (didn't bet)
Seat 4: Jvern02 (button) folded before Flop (didn't bet)
Seat 5: iNside404 (small blind) folded before Flop
Seat 6: HoseLopez (big blind) showed [3s As] and won ($0.22) with two pair, Aces and Threes



PokerStars Hand #241324186608:  Hold'em No Limit ($0.01/$0.02 USD) - 2023/01/22 14:03:22 ET
Table 'Ostanina II' 6-max Seat #5 is the button
Seat 1: wladkosm ($0.69 in chips) 
Seat 2: Lorpugo ($1.83 in chips) 
Seat 3: Pilo54 ($1.52 in chips) 
Seat 4: Jvern02 ($2.62 in chips) 
Seat 5: iNside404 ($1.76 in chips) 
Seat 6: HoseLopez ($1.11 in chips) 
HoseLopez: posts small blind $0.01
wladkosm: posts big blind $0.02
*** HOLE CARDS ***
Dealt to Lorpugo [5h 4d]
Lorpugo: folds 
Pilo54: folds 
Jvern02: folds 
iNside404: folds 
HoseLopez: folds 
Uncalled bet ($0.01) returned to wladkosm
wladkosm collected $0.02 from pot
*** SUMMARY ***
Total pot $0.02 | Rake $0 
Seat 1: wladkosm (big blind) collected ($0.02)
Seat 2: Lorpugo folded before Flop (didn't bet)
Seat 3: Pilo54 folded before Flop (didn't bet)
Seat 4: Jvern02 folded before Flop (didn't bet)
Seat 5: iNside404 (button) folded before Flop (didn't bet)
Seat 6: HoseLopez (small blind) folded before Flop



PokerStars Hand #241324194140:  Hold'em No Limit ($0.01/$0.02 USD) - 2023/01/22 14:03:36 ET
Table 'Ostanina II' 6-max Seat #6 is the button
Seat 1: wladkosm ($0.70 in chips) 
Seat 2: Lorpugo ($1.83 in chips) 
Seat 3: Pilo54 ($1.52 in chips) 
Seat 4: Jvern02 ($2.62 in chips) 
Seat 5: iNside404 ($1.76 in chips) 
Seat 6: HoseLopez ($1.10 in chips) 
wladkosm: posts small blind $0.01
Lorpugo: posts big blind $0.02
*** HOLE CARDS ***
Dealt to Lorpugo [4s Jh]
Pilo54: folds 
Jvern02: raises $0.03 to $0.05
iNside404: folds 
HoseLopez: calls $0.05
wladkosm: folds 
Lorpugo: folds 
*** FLOP *** [6c 9c 7s]
Jvern02: bets $0.04
HoseLopez: folds 
Uncalled bet ($0.04) returned to Jvern02
Jvern02 collected $0.13 from pot
Jvern02: doesn't show hand 
*** SUMMARY ***
Total pot $0.13 | Rake $0 
Board [6c 9c 7s]
Seat 1: wladkosm (small blind) folded before Flop
Seat 2: Lorpugo (big blind) folded before Flop
Seat 3: Pilo54 folded before Flop (didn't bet)
Seat 4: Jvern02 collected ($0.13)
Seat 5: iNside404 folded before Flop (didn't bet)
Seat 6: HoseLopez (button) folded on the Flop



PokerStars Hand #241324212264:  Hold'em No Limit ($0.01/$0.02 USD) - 2023/01/22 14:04:16 ET
Table 'Ostanina II' 6-max Seat #1 is the button
Seat 1: wladkosm ($0.69 in chips) 
Seat 2: Lorpugo ($1.81 in chips) 
Seat 3: Pilo54 ($1.52 in chips) 
Seat 4: Jvern02 ($2.70 in chips) 
Seat 5: iNside404 ($1.76 in chips) 
Seat 6: HoseLopez ($1.05 in chips) 
Lorpugo: posts small blind $0.01
Pilo54: posts big blind $0.02
*** HOLE CARDS ***
Dealt to Lorpugo [Ah 5h]
Jvern02: folds 
iNside404: raises $0.03 to $0.05
HoseLopez: folds 
wladkosm: calls $0.05
Lorpugo: calls $0.04
Pilo54: folds 
*** FLOP *** [4d 2h Kh]
Lorpugo: checks 
iNside404: checks 
wladkosm: checks 
*** TURN *** [4d 2h Kh] [Jh]
Lorpugo: bets $0.08
iNside404: calls $0.08
wladkosm: raises $0.20 to $0.28
Lorpugo: calls $0.20
Jvern02 leaves the table
iNside404: folds 
*** RIVER *** [4d 2h Kh Jh] [9h]
Daws980 joins the table at seat #4 
Lorpugo: bets $1.48 and is all-in
wladkosm: calls $0.36 and is all-in
Uncalled bet ($1.12) returned to Lorpugo
*** SHOW DOWN ***
Lorpugo: shows [Ah 5h] (a flush, Ace high)
wladkosm: shows [4h 7h] (a flush, King high)
Lorpugo collected $1.48 from pot
*** SUMMARY ***
Total pot $1.53 | Rake $0.05 
Board [4d 2h Kh Jh 9h]
Seat 1: wladkosm (button) showed [4h 7h] and lost with a flush, King high
Seat 2: Lorpugo (small blind) showed [Ah 5h] and won ($1.48) with a flush, Ace high
Seat 3: Pilo54 (big blind) folded before Flop
Seat 4: Jvern02 folded before Flop (didn't bet)
Seat 5: iNside404 folded on the Turn
Seat 6: HoseLopez folded before Flop (didn't bet)



PokerStars Hand #241324243309:  Hold'em No Limit ($0.01/$0.02 USD) - 2023/01/22 14:05:21 ET
Table 'Ostanina II' 6-max Seat #2 is the button
Seat 2: Lorpugo ($2.60 in chips) 
Seat 3: Pilo54 ($1.50 in chips) 
Seat 4: Daws980 ($2 in chips) 
Seat 5: iNside404 ($1.63 in chips) 
Seat 6: HoseLopez ($1.05 in chips) 
Pilo54: posts small blind $0.01
Daws980: posts big blind $0.02
*** HOLE CARDS ***
Dealt to Lorpugo [2h 7s]
iNside404: folds 
HoseLopez: folds 
Lorpugo: folds 
Pilo54: folds 
Uncalled bet ($0.01) returned to Daws980
Daws980 collected $0.02 from pot
Daws980: doesn't show hand 
*** SUMMARY ***
Total pot $0.02 | Rake $0 
Seat 2: Lorpugo (button) folded before Flop (didn't bet)
Seat 3: Pilo54 (small blind) folded before Flop
Seat 4: Daws980 (big blind) collected ($0.02)
Seat 5: iNside404 folded before Flop (didn't bet)
Seat 6: HoseLopez folded before Flop (didn't bet)



PokerStars Hand #241324249326:  Hold'em No Limit ($0.01/$0.02 USD) - 2023/01/22 14:05:34 ET
Table 'Ostanina II' 6-max Seat #3 is the button
Seat 2: Lorpugo ($2.60 in chips) 
Seat 3: Pilo54 ($1.49 in chips) 
Seat 4: Daws980 ($2.01 in chips) 
Seat 5: iNside404 ($1.63 in chips) 
Seat 6: HoseLopez ($1.05 in chips) 
Daws980: posts small blind $0.01
iNside404: posts big blind $0.02
*** HOLE CARDS ***
Dealt to Lorpugo [9c 7s]
wladkosm leaves the table
HoseLopez: folds 
Lorpugo: raises $0.03 to $0.05
Pilo54: folds 
Daws980: calls $0.04
iNside404: folds 
*** FLOP *** [3h 7h Th]
Daws980: checks 
Lorpugo: bets $0.04
Daws980: calls $0.04
*** TURN *** [3h 7h Th] [6h]
Daws980: checks 
Lorpugo: checks 
*** RIVER *** [3h 7h Th 6h] [9d]
Daws980: bets $0.08
Lorpugo: folds 
Uncalled bet ($0.08) returned to Daws980
Daws980 collected $0.19 from pot
Daws980: doesn't show hand 
*** SUMMARY ***
Total pot $0.20 | Rake $0.01 
Board [3h 7h Th 6h 9d]
Seat 2: Lorpugo folded on the River
Seat 3: Pilo54 (button) folded before Flop (didn't bet)
Seat 4: Daws980 (small blind) collected ($0.19)
Seat 5: iNside404 (big blind) folded before Flop
Seat 6: HoseLopez folded before Flop (didn't bet)



PokerStars Hand #241324265203:  Hold'em No Limit ($0.01/$0.02 USD) - 2023/01/22 14:06:07 ET
Table 'Ostanina II' 6-max Seat #4 is the button
Seat 2: Lorpugo ($2.51 in chips) 
Seat 3: Pilo54 ($1.49 in chips) 
Seat 4: Daws980 ($2.11 in chips) 
Seat 5: iNside404 ($1.61 in chips) 
Seat 6: HoseLopez ($1.05 in chips) 
iNside404: posts small blind $0.01
HoseLopez: posts big blind $0.02
*** HOLE CARDS ***
Dealt to Lorpugo [Kd Ad]
sparky1037 joins the table at seat #1 
Lorpugo: raises $0.03 to $0.05
Pilo54: folds 
Daws980: folds 
iNside404: raises $0.19 to $0.24
HoseLopez: folds 
Lorpugo: raises $2.27 to $2.51 and is all-in
iNside404: calls $1.37 and is all-in
Uncalled bet ($0.90) returned to Lorpugo
*** FLOP *** [8d 4h Jc]
*** TURN *** [8d 4h Jc] [8h]
*** RIVER *** [8d 4h Jc 8h] [7c]
*** SHOW DOWN ***
iNside404: shows [Jd Js] (a full house, Jacks full of Eights)
Lorpugo: shows [Kd Ad] (a pair of Eights)
iNside404 collected $3.13 from pot
*** SUMMARY ***
Total pot $3.24 | Rake $0.11 
Board [8d 4h Jc 8h 7c]
Seat 2: Lorpugo showed [Kd Ad] and lost with a pair of Eights
Seat 3: Pilo54 folded before Flop (didn't bet)
Seat 4: Daws980 (button) folded before Flop (didn't bet)
Seat 5: iNside404 (small blind) showed [Jd Js] and won ($3.13) with a full house, Jacks full of Eights
Seat 6: HoseLopez (big blind) folded before Flop



PokerStars Hand #241324277915:  Hold'em No Limit ($0.01/$0.02 USD) - 2023/01/22 14:06:34 ET
Table 'Ostanina II' 6-max Seat #5 is the button
Seat 1: sparky1037 ($2 in chips) 
Seat 2: Lorpugo ($0.90 in chips) 
Seat 3: Pilo54 ($1.49 in chips) 
Seat 4: Daws980 ($2.11 in chips) 
Seat 5: iNside404 ($3.13 in chips) 
Seat 6: HoseLopez ($1.03 in chips) 
HoseLopez: posts small blind $0.01
sparky1037: posts big blind $0.02
*** HOLE CARDS ***
Dealt to Lorpugo [Qs 5h]
Lorpugo: folds 
Pilo54: folds 
Daws980: folds 
iNside404: folds 
HoseLopez: folds 
Uncalled bet ($0.01) returned to sparky1037
sparky1037 collected $0.02 from pot
sparky1037: doesn't show hand 
*** SUMMARY ***
Total pot $0.02 | Rake $0 
Seat 1: sparky1037 (big blind) collected ($0.02)
Seat 2: Lorpugo folded before Flop (didn't bet)
Seat 3: Pilo54 folded before Flop (didn't bet)
Seat 4: Daws980 folded before Flop (didn't bet)
Seat 5: iNside404 (button) folded before Flop (didn't bet)
Seat 6: HoseLopez (small blind) folded before Flop



PokerStars Hand #241324283811:  Hold'em No Limit ($0.01/$0.02 USD) - 2023/01/22 14:06:46 ET
Table 'Ostanina II' 6-max Seat #6 is the button
Seat 1: sparky1037 ($2.01 in chips) 
Seat 2: Lorpugo ($1.70 in chips) 
Seat 3: Pilo54 ($1.49 in chips) 
Seat 4: Daws980 ($2.11 in chips) 
Seat 5: iNside404 ($3.13 in chips) 
Seat 6: HoseLopez ($1.02 in chips) 
sparky1037: posts small blind $0.01
Lorpugo: posts big blind $0.02
*** HOLE CARDS ***
Dealt to Lorpugo [Qc Ts]
Pilo54: folds 
Daws980: folds 
iNside404: folds 
HoseLopez: folds 
sparky1037: calls $0.01
Lorpugo: raises $0.08 to $0.10
sparky1037: folds 
Uncalled bet ($0.08) returned to Lorpugo
Lorpugo collected $0.04 from pot
Lorpugo: doesn't show hand 
*** SUMMARY ***
Total pot $0.04 | Rake $0 
Seat 1: sparky1037 (small blind) folded before Flop
Seat 2: Lorpugo (big blind) collected ($0.04)
Seat 3: Pilo54 folded before Flop (didn't bet)
Seat 4: Daws980 folded before Flop (didn't bet)
Seat 5: iNside404 folded before Flop (didn't bet)
Seat 6: HoseLopez (button) folded before Flop (didn't bet)



PokerStars Hand #241324295551:  Hold'em No Limit ($0.01/$0.02 USD) - 2023/01/22 14:07:11 ET
Table 'Ostanina II' 6-max Seat #1 is the button
Seat 1: sparky1037 ($1.99 in chips) 
Seat 2: Lorpugo ($1.72 in chips) 
Seat 3: Pilo54 ($1.49 in chips) 
Seat 4: Daws980 ($2.11 in chips) 
Seat 5: iNside404 ($3.13 in chips) 
Seat 6: HoseLopez ($1.02 in chips) 
Lorpugo: posts small blind $0.01
Pilo54: posts big blind $0.02
*** HOLE CARDS ***
Dealt to Lorpugo [2s 8c]
Daws980: folds 
iNside404: folds 
HoseLopez: folds 
sparky1037: folds 
Lorpugo: raises $0.03 to $0.05
Pilo54: calls $0.03
*** FLOP *** [9s 3s Ks]
Lorpugo: bets $0.05
Pilo54: calls $0.05
*** TURN *** [9s 3s Ks] [4c]
Lorpugo: checks 
Pilo54: bets $0.10
Lorpugo: folds 
Uncalled bet ($0.10) returned to Pilo54
Pilo54 collected $0.19 from pot
Pilo54: doesn't show hand 
*** SUMMARY ***
Total pot $0.20 | Rake $0.01 
Board [9s 3s Ks 4c]
Seat 1: sparky1037 (button) folded before Flop (didn't bet)
Seat 2: Lorpugo (small blind) folded on the Turn
Seat 3: Pilo54 (big blind) collected ($0.19)
Seat 4: Daws980 folded before Flop (didn't bet)
Seat 5: iNside404 folded before Flop (didn't bet)
Seat 6: HoseLopez folded before Flop (didn't bet)



PokerStars Hand #241324316248:  Hold'em No Limit ($0.01/$0.02 USD) - 2023/01/22 14:07:55 ET
Table 'Ostanina II' 6-max Seat #2 is the button
Seat 1: sparky1037 ($1.99 in chips) 
Seat 2: Lorpugo ($1.62 in chips) 
Seat 3: Pilo54 ($1.58 in chips) 
Seat 4: Daws980 ($2.11 in chips) 
Seat 5: iNside404 ($3.13 in chips) 
Seat 6: HoseLopez ($1.02 in chips) 
Pilo54: posts small blind $0.01
Daws980: posts big blind $0.02
*** HOLE CARDS ***
Dealt to Lorpugo [Ks Ts]
iNside404: folds 
HoseLopez: folds 
sparky1037: folds 
Lorpugo: raises $0.03 to $0.05
Pilo54: calls $0.04
Daws980: folds 
*** FLOP *** [4d 7h 9c]
Pilo54: checks 
Lorpugo: checks 
*** TURN *** [4d 7h 9c] [As]
Pilo54: bets $0.06
Lorpugo: calls $0.06
*** RIVER *** [4d 7h 9c As] [6s]
Pilo54: bets $0.12
Lorpugo: folds 
Uncalled bet ($0.12) returned to Pilo54
Pilo54 collected $0.23 from pot
Pilo54: doesn't show hand 
*** SUMMARY ***
Total pot $0.24 | Rake $0.01 
Board [4d 7h 9c As 6s]
Seat 1: sparky1037 folded before Flop (didn't bet)
Seat 2: Lorpugo (button) folded on the River
Seat 3: Pilo54 (small blind) collected ($0.23)
Seat 4: Daws980 (big blind) folded before Flop
Seat 5: iNside404 folded before Flop (didn't bet)
Seat 6: HoseLopez folded before Flop (didn't bet)



PokerStars Hand #241324348069:  Hold'em No Limit ($0.01/$0.02 USD) - 2023/01/22 14:09:01 ET
Table 'Ostanina II' 6-max Seat #3 is the button
Seat 1: sparky1037 ($1.99 in chips) 
Seat 2: Lorpugo ($1.51 in chips) 
Seat 3: Pilo54 ($1.70 in chips) 
Seat 4: Daws980 ($2.09 in chips) 
Seat 5: iNside404 ($3.13 in chips) 
Seat 6: HoseLopez ($1.02 in chips) 
Daws980: posts small blind $0.01
iNside404: posts big blind $0.02
*** HOLE CARDS ***
Dealt to Lorpugo [Qh Ts]
HoseLopez: folds 
sparky1037: calls $0.02
Lorpugo: raises $0.07 to $0.09
Pilo54: folds 
Daws980: calls $0.08
iNside404: folds 
sparky1037: folds 
*** FLOP *** [7s 4d 3h]
Daws980: checks 
Lorpugo: bets $0.14
Daws980: calls $0.14
*** TURN *** [7s 4d 3h] [Ah]
Daws980: checks 
Lorpugo: bets $0.32
Daws980: folds 
Uncalled bet ($0.32) returned to Lorpugo
Lorpugo collected $0.48 from pot
Lorpugo: doesn't show hand 
*** SUMMARY ***
Total pot $0.50 | Rake $0.02 
Board [7s 4d 3h Ah]
Seat 1: sparky1037 folded before Flop
Seat 2: Lorpugo collected ($0.48)
Seat 3: Pilo54 (button) folded before Flop (didn't bet)
Seat 4: Daws980 (small blind) folded on the Turn
Seat 5: iNside404 (big blind) folded before Flop
Seat 6: HoseLopez folded before Flop (didn't bet)



PokerStars Hand #241324368155:  Hold'em No Limit ($0.01/$0.02 USD) - 2023/01/22 14:09:43 ET
Table 'Ostanina II' 6-max Seat #4 is the button
Seat 1: sparky1037 ($1.97 in chips) 
Seat 2: Lorpugo ($1.76 in chips) 
Seat 3: Pilo54 ($1.70 in chips) 
Seat 4: Daws980 ($1.86 in chips) 
Seat 5: iNside404 ($3.11 in chips) 
Seat 6: HoseLopez ($1.02 in chips) 
iNside404: posts small blind $0.01
HoseLopez: posts big blind $0.02
*** HOLE CARDS ***
Dealt to Lorpugo [2d 7s]
sparky1037: folds 
Lorpugo: folds 
Pilo54: raises $0.02 to $0.04
Daws980: folds 
iNside404: folds 
HoseLopez: folds 
Uncalled bet ($0.02) returned to Pilo54
Pilo54 collected $0.05 from pot
Pilo54: doesn't show hand 
*** SUMMARY ***
Total pot $0.05 | Rake $0 
Seat 1: sparky1037 folded before Flop (didn't bet)
Seat 2: Lorpugo folded before Flop (didn't bet)
Seat 3: Pilo54 collected ($0.05)
Seat 4: Daws980 (button) folded before Flop (didn't bet)
Seat 5: iNside404 (small blind) folded before Flop
Seat 6: HoseLopez (big blind) folded before Flop



PokerStars Hand #241324374997:  Hold'em No Limit ($0.01/$0.02 USD) - 2023/01/22 14:09:57 ET
Table 'Ostanina II' 6-max Seat #5 is the button
Seat 1: sparky1037 ($1.97 in chips) 
Seat 2: Lorpugo ($1.76 in chips) 
Seat 3: Pilo54 ($1.73 in chips) 
Seat 4: Daws980 ($1.86 in chips) 
Seat 5: iNside404 ($3.10 in chips) 
Seat 6: HoseLopez ($1 in chips) 
HoseLopez: posts small blind $0.01
sparky1037: posts big blind $0.02
*** HOLE CARDS ***
Dealt to Lorpugo [Jh Th]
Lorpugo: raises $0.03 to $0.05
Pilo54: folds 
Daws980: folds 
iNside404: calls $0.05
HoseLopez: folds 
sparky1037: folds 
*** FLOP *** [Qs 7c Qh]
Lorpugo: bets $0.04
iNside404: calls $0.04
*** TURN *** [Qs 7c Qh] [9d]
Lorpugo: bets $0.20
iNside404: calls $0.20
*** RIVER *** [Qs 7c Qh 9d] [As]
Lorpugo: bets $0.59
iNside404: calls $0.59
*** SHOW DOWN ***
Lorpugo: shows [Jh Th] (a pair of Queens)
iNside404: shows [8c Ac] (two pair, Aces and Queens)
iNside404 collected $1.73 from pot
*** SUMMARY ***
Total pot $1.79 | Rake $0.06 
Board [Qs 7c Qh 9d As]
Seat 1: sparky1037 (big blind) folded before Flop
Seat 2: Lorpugo showed [Jh Th] and lost with a pair of Queens
Seat 3: Pilo54 folded before Flop (didn't bet)
Seat 4: Daws980 folded before Flop (didn't bet)
Seat 5: iNside404 (button) showed [8c Ac] and won ($1.73) with two pair, Aces and Queens
Seat 6: HoseLopez (small blind) folded before Flop



PokerStars Hand #241324398884:  Hold'em No Limit ($0.01/$0.02 USD) - 2023/01/22 14:10:47 ET
Table 'Ostanina II' 6-max Seat #6 is the button
Seat 1: sparky1037 ($1.95 in chips) 
Seat 2: Lorpugo ($0.88 in chips) 
Seat 3: Pilo54 ($1.73 in chips) 
Seat 4: Daws980 ($1.86 in chips) 
Seat 5: iNside404 ($3.95 in chips) 
Seat 6: HoseLopez ($1 in chips) 
sparky1037: posts small blind $0.01
Lorpugo: posts big blind $0.02
*** HOLE CARDS ***
Dealt to Lorpugo [2h 5d]
Pilo54: folds 
Daws980: folds 
iNside404: folds 
HoseLopez: raises $0.04 to $0.06
sparky1037: calls $0.05
Lorpugo: folds 
*** FLOP *** [3c 9d Tc]
sparky1037: checks 
HoseLopez: checks 
*** TURN *** [3c 9d Tc] [3h]
sparky1037: bets $0.07
HoseLopez: folds 
Uncalled bet ($0.07) returned to sparky1037
sparky1037 collected $0.14 from pot
sparky1037: doesn't show hand 
*** SUMMARY ***
Total pot $0.14 | Rake $0 
Board [3c 9d Tc 3h]
Seat 1: sparky1037 (small blind) collected ($0.14)
Seat 2: Lorpugo (big blind) folded before Flop
Seat 3: Pilo54 folded before Flop (didn't bet)
Seat 4: Daws980 folded before Flop (didn't bet)
Seat 5: iNside404 folded before Flop (didn't bet)
Seat 6: HoseLopez (button) folded on the Turn



PokerStars Hand #241324416366:  Hold'em No Limit ($0.01/$0.02 USD) - 2023/01/22 14:11:24 ET
Table 'Ostanina II' 6-max Seat #1 is the button
Seat 1: sparky1037 ($2.03 in chips) 
Seat 2: Lorpugo ($1.66 in chips) 
Seat 3: Pilo54 ($1.73 in chips) 
Seat 4: Daws980 ($1.86 in chips) 
Seat 5: iNside404 ($3.95 in chips) 
Seat 6: HoseLopez ($1 in chips) 
Lorpugo: posts small blind $0.01
Pilo54: posts big blind $0.02
*** HOLE CARDS ***
Dealt to Lorpugo [9c Kc]
Daws980: raises $0.04 to $0.06
iNside404: folds 
HoseLopez: folds 
sparky1037: folds 
Lorpugo: calls $0.05
Pilo54: folds 
*** FLOP *** [9s Qh 3s]
Lorpugo: bets $0.07
Daws980: calls $0.07
*** TURN *** [9s Qh 3s] [5d]
Lorpugo: bets $0.14
Daws980: calls $0.14
*** RIVER *** [9s Qh 3s 5d] [As]
Lorpugo: checks 
Daws980: bets $0.27
Lorpugo: folds 
Uncalled bet ($0.27) returned to Daws980
Daws980 collected $0.54 from pot
Daws980: doesn't show hand 
*** SUMMARY ***
Total pot $0.56 | Rake $0.02 
Board [9s Qh 3s 5d As]
Seat 1: sparky1037 (button) folded before Flop (didn't bet)
Seat 2: Lorpugo (small blind) folded on the River
Seat 3: Pilo54 (big blind) folded before Flop
Seat 4: Daws980 collected ($0.54)
Seat 5: iNside404 folded before Flop (didn't bet)
Seat 6: HoseLopez folded before Flop (didn't bet)



PokerStars Hand #241324437387:  Hold'em No Limit ($0.01/$0.02 USD) - 2023/01/22 14:12:08 ET
Table 'Ostanina II' 6-max Seat #2 is the button
Seat 1: sparky1037 ($2.03 in chips) 
Seat 2: Lorpugo ($1.39 in chips) 
Seat 3: Pilo54 ($1.71 in chips) 
Seat 4: Daws980 ($2.13 in chips) 
Seat 5: iNside404 ($3.95 in chips) 
Seat 6: HoseLopez ($1 in chips) 
Pilo54: posts small blind $0.01
Daws980: posts big blind $0.02
*** HOLE CARDS ***
Dealt to Lorpugo [8d 2d]
iNside404: folds 
HoseLopez: raises $0.04 to $0.06
sparky1037: folds 
Lorpugo: folds 
Pilo54: folds 
Daws980: calls $0.04
*** FLOP *** [7c Ks 9s]
Daws980: checks 
HoseLopez: checks 
*** TURN *** [7c Ks 9s] [3h]
Daws980: bets $0.07
HoseLopez: folds 
Uncalled bet ($0.07) returned to Daws980
Daws980 collected $0.13 from pot
Daws980: doesn't show hand 
*** SUMMARY ***
Total pot $0.13 | Rake $0 
Board [7c Ks 9s 3h]
Seat 1: sparky1037 folded before Flop (didn't bet)
Seat 2: Lorpugo (button) folded before Flop (didn't bet)
Seat 3: Pilo54 (small blind) folded before Flop
Seat 4: Daws980 (big blind) collected ($0.13)
Seat 5: iNside404 folded before Flop (didn't bet)
Seat 6: HoseLopez folded on the Turn



PokerStars Hand #241324450384:  Hold'em No Limit ($0.01/$0.02 USD) - 2023/01/22 14:12:35 ET
Table 'Ostanina II' 6-max Seat #3 is the button
Seat 1: sparky1037 ($2.03 in chips) 
Seat 2: Lorpugo ($1.39 in chips) 
Seat 3: Pilo54 ($1.70 in chips) 
Seat 4: Daws980 ($2.20 in chips) 
Seat 5: iNside404 ($3.95 in chips) 
Seat 6: HoseLopez ($1 in chips) 
Daws980: posts small blind $0.01
iNside404: posts big blind $0.02
*** HOLE CARDS ***
Dealt to Lorpugo [4s Qd]
HoseLopez: folds 
sparky1037: calls $0.02
Lorpugo: folds 
Pilo54: folds 
Daws980: folds 
iNside404: checks 
*** FLOP *** [Kd 9c 8c]
iNside404: checks 
sparky1037: checks 
*** TURN *** [Kd 9c 8c] [Ts]
iNside404: checks 
sparky1037: bets $0.02
iNside404: folds 
Uncalled bet ($0.02) returned to sparky1037
sparky1037 collected $0.05 from pot
sparky1037: doesn't show hand 
*** SUMMARY ***
Total pot $0.05 | Rake $0 
Board [Kd 9c 8c Ts]
Seat 1: sparky1037 collected ($0.05)
Seat 2: Lorpugo folded before Flop (didn't bet)
Seat 3: Pilo54 (button) folded before Flop (didn't bet)
Seat 4: Daws980 (small blind) folded before Flop
Seat 5: iNside404 (big blind) folded on the Turn
Seat 6: HoseLopez folded before Flop (didn't bet)



PokerStars Hand #241324464882:  Hold'em No Limit ($0.01/$0.02 USD) - 2023/01/22 14:13:05 ET
Table 'Ostanina II' 6-max Seat #4 is the button
Seat 1: sparky1037 ($2.06 in chips) 
Seat 2: Lorpugo ($1.39 in chips) 
Seat 3: Pilo54 ($1.70 in chips) 
Seat 4: Daws980 ($2.19 in chips) 
Seat 5: iNside404 ($3.93 in chips) 
Seat 6: HoseLopez ($1 in chips) 
iNside404: posts small blind $0.01
HoseLopez: posts big blind $0.02
*** HOLE CARDS ***
Dealt to Lorpugo [As 2c]
sparky1037: folds 
Lorpugo: raises $0.03 to $0.05
Pilo54: calls $0.05
Daws980: raises $0.15 to $0.20
iNside404: folds 
HoseLopez: folds 
Lorpugo: folds 
Pilo54: folds 
Uncalled bet ($0.15) returned to Daws980
Daws980 collected $0.18 from pot
Daws980: doesn't show hand 
*** SUMMARY ***
Total pot $0.18 | Rake $0 
Seat 1: sparky1037 folded before Flop (didn't bet)
Seat 2: Lorpugo folded before Flop
Seat 3: Pilo54 folded before Flop
Seat 4: Daws980 (button) collected ($0.18)
Seat 5: iNside404 (small blind) folded before Flop
Seat 6: HoseLopez (big blind) folded before Flop



PokerStars Hand #241324473839:  Hold'em No Limit ($0.01/$0.02 USD) - 2023/01/22 14:13:24 ET
Table 'Ostanina II' 6-max Seat #5 is the button
Seat 1: sparky1037 ($2.06 in chips) 
Seat 2: Lorpugo ($1.34 in chips) 
Seat 3: Pilo54 ($1.65 in chips) 
Seat 4: Daws980 ($2.32 in chips) 
Seat 5: iNside404 ($3.92 in chips) 
Seat 6: HoseLopez ($1 in chips) 
HoseLopez: posts small blind $0.01
sparky1037: posts big blind $0.02
*** HOLE CARDS ***
Dealt to Lorpugo [Js 5s]
Lorpugo: folds 
Pilo54: folds 
Daws980: folds 
iNside404: folds 
HoseLopez: folds 
Uncalled bet ($0.01) returned to sparky1037
sparky1037 collected $0.02 from pot
sparky1037: doesn't show hand 
*** SUMMARY ***
Total pot $0.02 | Rake $0 
Seat 1: sparky1037 (big blind) collected ($0.02)
Seat 2: Lorpugo folded before Flop (didn't bet)
Seat 3: Pilo54 folded before Flop (didn't bet)
Seat 4: Daws980 folded before Flop (didn't bet)
Seat 5: iNside404 (button) folded before Flop (didn't bet)
Seat 6: HoseLopez (small blind) folded before Flop



PokerStars Hand #241324481304:  Hold'em No Limit ($0.01/$0.02 USD) - 2023/01/22 14:13:40 ET
Table 'Ostanina II' 6-max Seat #6 is the button
Seat 1: sparky1037 ($2.07 in chips) 
Seat 2: Lorpugo ($1.34 in chips) 
Seat 3: Pilo54 ($1.65 in chips) 
Seat 4: Daws980 ($2.32 in chips) 
Seat 5: iNside404 ($3.92 in chips) 
Seat 6: HoseLopez ($1 in chips) 
sparky1037: posts small blind $0.01
Lorpugo: posts big blind $0.02
*** HOLE CARDS ***
Dealt to Lorpugo [7c 5s]
Pilo54: folds 
Daws980: folds 
iNside404: folds 
HoseLopez: raises $0.04 to $0.06
sparky1037: folds 
Lorpugo: calls $0.04
*** FLOP *** [3h Kc 4d]
Lorpugo: checks 
HoseLopez: bets $0.07
Lorpugo: raises $0.14 to $0.21
HoseLopez: calls $0.14
*** TURN *** [3h Kc 4d] [4h]
Lorpugo: bets $0.27
HoseLopez: folds 
Uncalled bet ($0.27) returned to Lorpugo
Lorpugo collected $0.53 from pot
Lorpugo: doesn't show hand 
*** SUMMARY ***
Total pot $0.55 | Rake $0.02 
Board [3h Kc 4d 4h]
Seat 1: sparky1037 (small blind) folded before Flop
Seat 2: Lorpugo (big blind) collected ($0.53)
Seat 3: Pilo54 folded before Flop (didn't bet)
Seat 4: Daws980 folded before Flop (didn't bet)
Seat 5: iNside404 folded before Flop (didn't bet)
Seat 6: HoseLopez (button) folded on the Turn



PokerStars Hand #241324502144:  Hold'em No Limit ($0.01/$0.02 USD) - 2023/01/22 14:14:23 ET
Table 'Ostanina II' 6-max Seat #1 is the button
Seat 1: sparky1037 ($2.06 in chips) 
Seat 2: Lorpugo ($1.60 in chips) 
Seat 3: Pilo54 ($1.65 in chips) 
Seat 4: Daws980 ($2.32 in chips) 
Seat 5: iNside404 ($3.92 in chips) 
Seat 6: HoseLopez ($1 in chips) 
Lorpugo: posts small blind $0.01
Pilo54: posts big blind $0.02
*** HOLE CARDS ***
Dealt to Lorpugo [7s Kc]
Daws980: folds 
iNside404: folds 
HoseLopez: folds 
sparky1037: folds 
Lorpugo: raises $0.03 to $0.05
Pilo54: folds 
Uncalled bet ($0.03) returned to Lorpugo
Lorpugo collected $0.04 from pot
Lorpugo: doesn't show hand 
*** SUMMARY ***
Total pot $0.04 | Rake $0 
Seat 1: sparky1037 (button) folded before Flop (didn't bet)
Seat 2: Lorpugo (small blind) collected ($0.04)
Seat 3: Pilo54 (big blind) folded before Flop
Seat 4: Daws980 folded before Flop (didn't bet)
Seat 5: iNside404 folded before Flop (didn't bet)
Seat 6: HoseLopez folded before Flop (didn't bet)



PokerStars Hand #241324508999:  Hold'em No Limit ($0.01/$0.02 USD) - 2023/01/22 14:14:37 ET
Table 'Ostanina II' 6-max Seat #2 is the button
Seat 1: sparky1037 ($2.06 in chips) 
Seat 2: Lorpugo ($1.62 in chips) 
Seat 3: Pilo54 ($1.63 in chips) 
Seat 4: Daws980 ($2.32 in chips) 
Seat 5: iNside404 ($3.92 in chips) 
Seat 6: HoseLopez ($1 in chips) 
Pilo54: posts small blind $0.01
Daws980: posts big blind $0.02
*** HOLE CARDS ***
Dealt to Lorpugo [5s 8s]
iNside404: folds 
HoseLopez: raises $0.04 to $0.06
sparky1037: folds 
Lorpugo: calls $0.06
Pilo54: folds 
Daws980: folds 
*** FLOP *** [9s Js 5h]
HoseLopez: bets $0.94 and is all-in
Lorpugo: calls $0.94
*** TURN *** [9s Js 5h] [7d]
*** RIVER *** [9s Js 5h 7d] [3s]
*** SHOW DOWN ***
HoseLopez: shows [Ac Ah] (a pair of Aces)
Lorpugo: shows [5s 8s] (a flush, Jack high)
Lorpugo collected $1.96 from pot
*** SUMMARY ***
Total pot $2.03 | Rake $0.07 
Board [9s Js 5h 7d 3s]
Seat 1: sparky1037 folded before Flop (didn't bet)
Seat 2: Lorpugo (button) showed [5s 8s] and won ($1.96) with a flush, Jack high
Seat 3: Pilo54 (small blind) folded before Flop
Seat 4: Daws980 (big blind) folded before Flop
Seat 5: iNside404 folded before Flop (didn't bet)
Seat 6: HoseLopez showed [Ac Ah] and lost with a pair of Aces



PokerStars Hand #241324524247:  Hold'em No Limit ($0.01/$0.02 USD) - 2023/01/22 14:15:09 ET
Table 'Ostanina II' 6-max Seat #3 is the button
Seat 1: sparky1037 ($2.06 in chips) 
Seat 2: Lorpugo ($2.58 in chips) 
Seat 3: Pilo54 ($1.62 in chips) 
Seat 4: Daws980 ($2.30 in chips) 
Seat 5: iNside404 ($3.92 in chips) 
Seat 6: HoseLopez ($1 in chips) 
Daws980: posts small blind $0.01
iNside404: posts big blind $0.02
*** HOLE CARDS ***
Dealt to Lorpugo [Jc Qs]
HoseLopez: folds 
sparky1037: folds 
Lorpugo: raises $0.03 to $0.05
Pilo54: folds 
Daws980: folds 
iNside404: folds 
Uncalled bet ($0.03) returned to Lorpugo
Lorpugo collected $0.05 from pot
Lorpugo: doesn't show hand 
*** SUMMARY ***
Total pot $0.05 | Rake $0 
Seat 1: sparky1037 folded before Flop (didn't bet)
Seat 2: Lorpugo collected ($0.05)
Seat 3: Pilo54 (button) folded before Flop (didn't bet)
Seat 4: Daws980 (small blind) folded before Flop
Seat 5: iNside404 (big blind) folded before Flop
Seat 6: HoseLopez folded before Flop (didn't bet)



PokerStars Hand #241324533039:  Hold'em No Limit ($0.01/$0.02 USD) - 2023/01/22 14:15:27 ET
Table 'Ostanina II' 6-max Seat #4 is the button
Seat 1: sparky1037 ($2.06 in chips) 
Seat 2: Lorpugo ($2.61 in chips) 
Seat 3: Pilo54 ($1.62 in chips) 
Seat 4: Daws980 ($2.29 in chips) 
Seat 5: iNside404 ($3.90 in chips) 
Seat 6: HoseLopez ($1 in chips) 
iNside404: posts small blind $0.01
HoseLopez: posts big blind $0.02
*** HOLE CARDS ***
Dealt to Lorpugo [9s 2c]
sparky1037: calls $0.02
Lorpugo: folds 
Pilo54: folds 
Daws980: folds 
iNside404: folds 
HoseLopez: checks 
*** FLOP *** [Jh 2s Qd]
HoseLopez: checks 
sparky1037: checks 
*** TURN *** [Jh 2s Qd] [Ad]
HoseLopez: checks 
sparky1037: checks 
*** RIVER *** [Jh 2s Qd Ad] [6c]
HoseLopez: checks 
sparky1037: bets $0.02
HoseLopez: folds 
Uncalled bet ($0.02) returned to sparky1037
sparky1037 collected $0.05 from pot
sparky1037: doesn't show hand 
*** SUMMARY ***
Total pot $0.05 | Rake $0 
Board [Jh 2s Qd Ad 6c]
Seat 1: sparky1037 collected ($0.05)
Seat 2: Lorpugo folded before Flop (didn't bet)
Seat 3: Pilo54 folded before Flop (didn't bet)
Seat 4: Daws980 (button) folded before Flop (didn't bet)
Seat 5: iNside404 (small blind) folded before Flop
Seat 6: HoseLopez (big blind) folded on the River



PokerStars Hand #241324564139:  Hold'em No Limit ($0.01/$0.02 USD) - 2023/01/22 14:16:31 ET
Table 'Ostanina II' 6-max Seat #5 is the button
Seat 1: sparky1037 ($2.09 in chips) 
Seat 2: Lorpugo ($2.61 in chips) 
Seat 3: Pilo54 ($1.62 in chips) 
Seat 4: Daws980 ($2.29 in chips) 
Seat 5: iNside404 ($3.89 in chips) 
Seat 6: HoseLopez ($1 in chips) 
HoseLopez: posts small blind $0.01
sparky1037: posts big blind $0.02
*** HOLE CARDS ***
Dealt to Lorpugo [4d Kd]
Lorpugo: folds 
Pilo54: raises $0.02 to $0.04
Daws980: folds 
iNside404: folds 
HoseLopez: folds 
sparky1037: calls $0.02
*** FLOP *** [3d As 3h]
sparky1037: checks 
Pilo54: checks 
*** TURN *** [3d As 3h] [Ks]
sparky1037: bets $0.02
Pilo54: calls $0.02
*** RIVER *** [3d As 3h Ks] [7d]
sparky1037: bets $0.07
Pilo54: folds 
Uncalled bet ($0.07) returned to sparky1037
sparky1037 collected $0.13 from pot
sparky1037: doesn't show hand 
*** SUMMARY ***
Total pot $0.13 | Rake $0 
Board [3d As 3h Ks 7d]
Seat 1: sparky1037 (big blind) collected ($0.13)
Seat 2: Lorpugo folded before Flop (didn't bet)
Seat 3: Pilo54 folded on the River
Seat 4: Daws980 folded before Flop (didn't bet)
Seat 5: iNside404 (button) folded before Flop (didn't bet)
Seat 6: HoseLopez (small blind) folded before Flop



PokerStars Hand #241324582750:  Hold'em No Limit ($0.01/$0.02 USD) - 2023/01/22 14:17:10 ET
Table 'Ostanina II' 6-max Seat #6 is the button
Seat 1: sparky1037 ($2.16 in chips) 
Seat 2: Lorpugo ($2.61 in chips) 
Seat 3: Pilo54 ($1.56 in chips) 
Seat 4: Daws980 ($2.29 in chips) 
Seat 5: iNside404 ($3.89 in chips) 
Seat 6: HoseLopez ($1 in chips) 
sparky1037: posts small blind $0.01
Lorpugo: posts big blind $0.02
*** HOLE CARDS ***
Dealt to Lorpugo [7c 4h]
Pilo54: folds 
Daws980: folds 
iNside404: folds 
HoseLopez: raises $0.04 to $0.06
sparky1037: folds 
Lorpugo: folds 
Uncalled bet ($0.04) returned to HoseLopez
HoseLopez collected $0.05 from pot
HoseLopez: doesn't show hand 
*** SUMMARY ***
Total pot $0.05 | Rake $0 
Seat 1: sparky1037 (small blind) folded before Flop
Seat 2: Lorpugo (big blind) folded before Flop
Seat 3: Pilo54 folded before Flop (didn't bet)
Seat 4: Daws980 folded before Flop (didn't bet)
Seat 5: iNside404 folded before Flop (didn't bet)
Seat 6: HoseLopez (button) collected ($0.05)



PokerStars Hand #241324592440:  Hold'em No Limit ($0.01/$0.02 USD) - 2023/01/22 14:17:30 ET
Table 'Ostanina II' 6-max Seat #1 is the button
Seat 1: sparky1037 ($2.15 in chips) 
Seat 2: Lorpugo ($2.59 in chips) 
Seat 3: Pilo54 ($1.56 in chips) 
Seat 4: Daws980 ($2.29 in chips) 
Seat 5: iNside404 ($3.89 in chips) 
Seat 6: HoseLopez ($1.03 in chips) 
Lorpugo: posts small blind $0.01
Pilo54: posts big blind $0.02
*** HOLE CARDS ***
Dealt to Lorpugo [9h 5c]
Daws980: folds 
iNside404: folds 
HoseLopez: raises $0.04 to $0.06
sparky1037: folds 
Lorpugo: folds 
Pilo54: folds 
Uncalled bet ($0.04) returned to HoseLopez
HoseLopez collected $0.05 from pot
HoseLopez: doesn't show hand 
*** SUMMARY ***
Total pot $0.05 | Rake $0 
Seat 1: sparky1037 (button) folded before Flop (didn't bet)
Seat 2: Lorpugo (small blind) folded before Flop
Seat 3: Pilo54 (big blind) folded before Flop
Seat 4: Daws980 folded before Flop (didn't bet)
Seat 5: iNside404 folded before Flop (didn't bet)
Seat 6: HoseLopez collected ($0.05)



PokerStars Hand #241324601097:  Hold'em No Limit ($0.01/$0.02 USD) - 2023/01/22 14:17:49 ET
Table 'Ostanina II' 6-max Seat #2 is the button
Seat 1: sparky1037 ($2.15 in chips) 
Seat 2: Lorpugo ($2.58 in chips) 
Seat 3: Pilo54 ($1.54 in chips) 
Seat 4: Daws980 ($2.29 in chips) 
Seat 5: iNside404 ($3.89 in chips) 
Seat 6: HoseLopez ($1.06 in chips) 
Pilo54: posts small blind $0.01
Daws980: posts big blind $0.02
*** HOLE CARDS ***
Dealt to Lorpugo [Ks 9h]
iNside404: folds 
HoseLopez: folds 
sparky1037: calls $0.02
Lorpugo: raises $0.07 to $0.09
Pilo54: folds 
Daws980: folds 
sparky1037: folds 
Uncalled bet ($0.07) returned to Lorpugo
Lorpugo collected $0.07 from pot
Lorpugo: doesn't show hand 
*** SUMMARY ***
Total pot $0.07 | Rake $0 
Seat 1: sparky1037 folded before Flop
Seat 2: Lorpugo (button) collected ($0.07)
Seat 3: Pilo54 (small blind) folded before Flop
Seat 4: Daws980 (big blind) folded before Flop
Seat 5: iNside404 folded before Flop (didn't bet)
Seat 6: HoseLopez folded before Flop (didn't bet)



PokerStars Hand #241324610766:  Hold'em No Limit ($0.01/$0.02 USD) - 2023/01/22 14:18:09 ET
Table 'Ostanina II' 6-max Seat #3 is the button
Seat 1: sparky1037 ($2.13 in chips) 
Seat 2: Lorpugo ($2.63 in chips) 
Seat 3: Pilo54 ($1.53 in chips) 
Seat 4: Daws980 ($2.27 in chips) 
Seat 5: iNside404 ($3.89 in chips) 
Seat 6: HoseLopez ($1.06 in chips) 
Daws980: posts small blind $0.01
iNside404: posts big blind $0.02
*** HOLE CARDS ***
Dealt to Lorpugo [Ac Th]
HoseLopez: folds 
sparky1037: folds 
Lorpugo: raises $0.03 to $0.05
Pilo54: folds 
Daws980: folds 
iNside404: folds 
Uncalled bet ($0.03) returned to Lorpugo
Lorpugo collected $0.05 from pot
Lorpugo: doesn't show hand 
*** SUMMARY ***
Total pot $0.05 | Rake $0 
Seat 1: sparky1037 folded before Flop (didn't bet)
Seat 2: Lorpugo collected ($0.05)
Seat 3: Pilo54 (button) folded before Flop (didn't bet)
Seat 4: Daws980 (small blind) folded before Flop
Seat 5: iNside404 (big blind) folded before Flop
Seat 6: HoseLopez folded before Flop (didn't bet)



PokerStars Hand #241324617853:  Hold'em No Limit ($0.01/$0.02 USD) - 2023/01/22 14:18:24 ET
Table 'Ostanina II' 6-max Seat #4 is the button
Seat 1: sparky1037 ($2.13 in chips) 
Seat 2: Lorpugo ($2.66 in chips) 
Seat 3: Pilo54 ($1.53 in chips) 
Seat 4: Daws980 ($2.26 in chips) 
Seat 5: iNside404 ($3.87 in chips) 
Seat 6: HoseLopez ($1.06 in chips) 
iNside404: posts small blind $0.01
HoseLopez: posts big blind $0.02
*** HOLE CARDS ***
Dealt to Lorpugo [2c Ts]
sparky1037: folds 
Lorpugo: folds 
Pilo54: raises $0.02 to $0.04
Daws980: raises $0.08 to $0.12
iNside404: folds 
HoseLopez: folds 
Pilo54: folds 
Uncalled bet ($0.08) returned to Daws980
Daws980 collected $0.11 from pot
Daws980: doesn't show hand 
*** SUMMARY ***
Total pot $0.11 | Rake $0 
Seat 1: sparky1037 folded before Flop (didn't bet)
Seat 2: Lorpugo folded before Flop (didn't bet)
Seat 3: Pilo54 folded before Flop
Seat 4: Daws980 (button) collected ($0.11)
Seat 5: iNside404 (small blind) folded before Flop
Seat 6: HoseLopez (big blind) folded before Flop



PokerStars Hand #241324628137:  Hold'em No Limit ($0.01/$0.02 USD) - 2023/01/22 14:18:46 ET
Table 'Ostanina II' 6-max Seat #5 is the button
Seat 1: sparky1037 ($2.13 in chips) 
Seat 2: Lorpugo ($2.66 in chips) 
Seat 3: Pilo54 ($1.49 in chips) 
Seat 4: Daws980 ($2.33 in chips) 
Seat 5: iNside404 ($3.86 in chips) 
Seat 6: HoseLopez ($1.04 in chips) 
HoseLopez: posts small blind $0.01
sparky1037: posts big blind $0.02
*** HOLE CARDS ***
Dealt to Lorpugo [Jc 2s]
Lorpugo: folds 
Pilo54: folds 
Daws980: folds 
iNside404: folds 
HoseLopez: folds 
Uncalled bet ($0.01) returned to sparky1037
sparky1037 collected $0.02 from pot
sparky1037: doesn't show hand 
*** SUMMARY ***
Total pot $0.02 | Rake $0 
Seat 1: sparky1037 (big blind) collected ($0.02)
Seat 2: Lorpugo folded before Flop (didn't bet)
Seat 3: Pilo54 folded before Flop (didn't bet)
Seat 4: Daws980 folded before Flop (didn't bet)
Seat 5: iNside404 (button) folded before Flop (didn't bet)
Seat 6: HoseLopez (small blind) folded before Flop



PokerStars Hand #241324636275:  Hold'em No Limit ($0.01/$0.02 USD) - 2023/01/22 14:19:03 ET
Table 'Ostanina II' 6-max Seat #6 is the button
Seat 1: sparky1037 ($2.14 in chips) 
Seat 2: Lorpugo ($2.66 in chips) 
Seat 3: Pilo54 ($1.49 in chips) 
Seat 4: Daws980 ($2.33 in chips) 
Seat 5: iNside404 ($3.86 in chips) 
Seat 6: HoseLopez ($1.03 in chips) 
sparky1037: posts small blind $0.01
Lorpugo: posts big blind $0.02
*** HOLE CARDS ***
Dealt to Lorpugo [4h Jc]
Pilo54: folds 
Daws980: folds 
iNside404: folds 
HoseLopez: folds 
sparky1037: calls $0.01
Lorpugo: checks 
*** FLOP *** [6d Ks 4s]
sparky1037: checks 
Lorpugo: checks 
*** TURN *** [6d Ks 4s] [7s]
sparky1037: checks 
Lorpugo: checks 
*** RIVER *** [6d Ks 4s 7s] [Jh]
sparky1037: checks 
Lorpugo: bets $0.03
sparky1037: folds 
Uncalled bet ($0.03) returned to Lorpugo
Lorpugo collected $0.04 from pot
Lorpugo: doesn't show hand 
*** SUMMARY ***
Total pot $0.04 | Rake $0 
Board [6d Ks 4s 7s Jh]
Seat 1: sparky1037 (small blind) folded on the River
Seat 2: Lorpugo (big blind) collected ($0.04)
Seat 3: Pilo54 folded before Flop (didn't bet)
Seat 4: Daws980 folded before Flop (didn't bet)
Seat 5: iNside404 folded before Flop (didn't bet)
Seat 6: HoseLopez (button) folded before Flop (didn't bet)



PokerStars Hand #241324663325:  Hold'em No Limit ($0.01/$0.02 USD) - 2023/01/22 14:20:00 ET
Table 'Ostanina II' 6-max Seat #1 is the button
Seat 1: sparky1037 ($2.12 in chips) 
Seat 2: Lorpugo ($2.68 in chips) 
Seat 3: Pilo54 ($1.49 in chips) 
Seat 4: Daws980 ($2.33 in chips) 
Seat 5: iNside404 ($3.86 in chips) 
Seat 6: HoseLopez ($1.03 in chips) 
Lorpugo: posts small blind $0.01
Pilo54: posts big blind $0.02
*** HOLE CARDS ***
Dealt to Lorpugo [6d 6c]
Daws980: folds 
iNside404: folds 
HoseLopez: folds 
sparky1037: folds 
Lorpugo: raises $0.03 to $0.05
Pilo54: calls $0.03
*** FLOP *** [3c 6s Td]
Lorpugo: bets $0.05
Pilo54: calls $0.05
*** TURN *** [3c 6s Td] [8c]
Lorpugo: bets $0.13
Pilo54: calls $0.13
*** RIVER *** [3c 6s Td 8c] [8d]
Lorpugo: bets $2.45 and is all-in
Pilo54: folds 
Uncalled bet ($2.45) returned to Lorpugo
Lorpugo collected $0.44 from pot
Lorpugo: doesn't show hand 
*** SUMMARY ***
Total pot $0.46 | Rake $0.02 
Board [3c 6s Td 8c 8d]
Seat 1: sparky1037 (button) folded before Flop (didn't bet)
Seat 2: Lorpugo (small blind) collected ($0.44)
Seat 3: Pilo54 (big blind) folded on the River
Seat 4: Daws980 folded before Flop (didn't bet)
Seat 5: iNside404 folded before Flop (didn't bet)
Seat 6: HoseLopez folded before Flop (didn't bet)



PokerStars Hand #241324687096:  Hold'em No Limit ($0.01/$0.02 USD) - 2023/01/22 14:20:49 ET
Table 'Ostanina II' 6-max Seat #2 is the button
Seat 1: sparky1037 ($2.12 in chips) 
Seat 2: Lorpugo ($2.89 in chips) 
Seat 3: Pilo54 ($1.26 in chips) 
Seat 4: Daws980 ($2.33 in chips) 
Seat 5: iNside404 ($3.86 in chips) 
Seat 6: HoseLopez ($1.03 in chips) 
Pilo54: posts small blind $0.01
Daws980: posts big blind $0.02
*** HOLE CARDS ***
Dealt to Lorpugo [Ah 5c]
iNside404: folds 
HoseLopez: folds 
sparky1037: calls $0.02
Lorpugo: raises $0.08 to $0.10
Pilo54: folds 
Daws980: folds 
sparky1037: folds 
Uncalled bet ($0.08) returned to Lorpugo
Lorpugo collected $0.07 from pot
Lorpugo: doesn't show hand 
*** SUMMARY ***
Total pot $0.07 | Rake $0 
Seat 1: sparky1037 folded before Flop
Seat 2: Lorpugo (button) collected ($0.07)
Seat 3: Pilo54 (small blind) folded before Flop
Seat 4: Daws980 (big blind) folded before Flop
Seat 5: iNside404 folded before Flop (didn't bet)
Seat 6: HoseLopez folded before Flop (didn't bet)



PokerStars Hand #241324696240:  Hold'em No Limit ($0.01/$0.02 USD) - 2023/01/22 14:21:08 ET
Table 'Ostanina II' 6-max Seat #3 is the button
Seat 1: sparky1037 ($2.10 in chips) 
Seat 2: Lorpugo ($2.94 in chips) 
Seat 3: Pilo54 ($1.25 in chips) 
Seat 4: Daws980 ($2.31 in chips) 
Seat 5: iNside404 ($3.86 in chips) 
Seat 6: HoseLopez ($1.03 in chips) 
Daws980: posts small blind $0.01
iNside404: posts big blind $0.02
*** HOLE CARDS ***
Dealt to Lorpugo [Ks Jh]
HoseLopez: folds 
sparky1037: calls $0.02
Lorpugo: raises $0.06 to $0.08
Pilo54: folds 
Daws980: folds 
iNside404: folds 
sparky1037: folds 
Uncalled bet ($0.06) returned to Lorpugo
Lorpugo collected $0.07 from pot
Lorpugo: doesn't show hand 
*** SUMMARY ***
Total pot $0.07 | Rake $0 
Seat 1: sparky1037 folded before Flop
Seat 2: Lorpugo collected ($0.07)
Seat 3: Pilo54 (button) folded before Flop (didn't bet)
Seat 4: Daws980 (small blind) folded before Flop
Seat 5: iNside404 (big blind) folded before Flop
Seat 6: HoseLopez folded before Flop (didn't bet)



PokerStars Hand #241324704554:  Hold'em No Limit ($0.01/$0.02 USD) - 2023/01/22 14:21:26 ET
Table 'Ostanina II' 6-max Seat #4 is the button
Seat 1: sparky1037 ($2.08 in chips) 
Seat 2: Lorpugo ($2.99 in chips) 
Seat 3: Pilo54 ($1.25 in chips) 
Seat 4: Daws980 ($2.30 in chips) 
Seat 5: iNside404 ($3.84 in chips) 
Seat 6: HoseLopez ($1.03 in chips) 
iNside404: posts small blind $0.01
HoseLopez: posts big blind $0.02
*** HOLE CARDS ***
Dealt to Lorpugo [Qh Ks]
sparky1037: folds 
Lorpugo: raises $0.03 to $0.05
Pilo54: folds 
Daws980: folds 
iNside404: calls $0.04
HoseLopez: folds 
*** FLOP *** [Th 8s 3d]
iNside404: checks 
Lorpugo: checks 
*** TURN *** [Th 8s 3d] [Qs]
iNside404: checks 
Lorpugo: bets $0.16
iNside404: calls $0.16
*** RIVER *** [Th 8s 3d Qs] [Ts]
iNside404: checks 
Lorpugo: bets $0.02
iNside404: calls $0.02
*** SHOW DOWN ***
Lorpugo: shows [Qh Ks] (two pair, Queens and Tens)
iNside404: shows [Qc As] (two pair, Queens and Tens - Ace kicker)
iNside404 collected $0.46 from pot
*** SUMMARY ***
Total pot $0.48 | Rake $0.02 
Board [Th 8s 3d Qs Ts]
Seat 1: sparky1037 folded before Flop (didn't bet)
Seat 2: Lorpugo showed [Qh Ks] and lost with two pair, Queens and Tens
Seat 3: Pilo54 folded before Flop (didn't bet)
Seat 4: Daws980 (button) folded before Flop (didn't bet)
Seat 5: iNside404 (small blind) showed [Qc As] and won ($0.46) with two pair, Queens and Tens
Seat 6: HoseLopez (big blind) folded before Flop



PokerStars Hand #241324719472:  Hold'em No Limit ($0.01/$0.02 USD) - 2023/01/22 14:21:57 ET
Table 'Ostanina II' 6-max Seat #5 is the button
Seat 1: sparky1037 ($2.08 in chips) 
Seat 2: Lorpugo ($2.76 in chips) 
Seat 3: Pilo54 ($1.25 in chips) 
Seat 4: Daws980 ($2.30 in chips) 
Seat 5: iNside404 ($4.07 in chips) 
Seat 6: HoseLopez ($1.01 in chips) 
HoseLopez: posts small blind $0.01
sparky1037: posts big blind $0.02
*** HOLE CARDS ***
Dealt to Lorpugo [2d 8d]
Lorpugo: folds 
Pilo54: folds 
Daws980: folds 
iNside404: folds 
HoseLopez: folds 
Uncalled bet ($0.01) returned to sparky1037
sparky1037 collected $0.02 from pot
sparky1037: doesn't show hand 
*** SUMMARY ***
Total pot $0.02 | Rake $0 
Seat 1: sparky1037 (big blind) collected ($0.02)
Seat 2: Lorpugo folded before Flop (didn't bet)
Seat 3: Pilo54 folded before Flop (didn't bet)
Seat 4: Daws980 folded before Flop (didn't bet)
Seat 5: iNside404 (button) folded before Flop (didn't bet)
Seat 6: HoseLopez (small blind) folded before Flop



PokerStars Hand #241324726713:  Hold'em No Limit ($0.01/$0.02 USD) - 2023/01/22 14:22:12 ET
Table 'Ostanina II' 6-max Seat #6 is the button
Seat 1: sparky1037 ($2.09 in chips) 
Seat 2: Lorpugo ($2.76 in chips) 
Seat 3: Pilo54 ($1.25 in chips) 
Seat 4: Daws980 ($2.30 in chips) 
Seat 5: iNside404 ($4.07 in chips) 
Seat 6: HoseLopez ($1 in chips) 
sparky1037: posts small blind $0.01
Lorpugo: posts big blind $0.02
*** HOLE CARDS ***
Dealt to Lorpugo [Qs 7d]
Pilo54: raises $0.02 to $0.04
Daws980: calls $0.04
iNside404: folds 
HoseLopez: folds 
sparky1037: calls $0.03
Lorpugo: folds 
*** FLOP *** [3h 8c 2c]
sparky1037: checks 
Pilo54: bets $0.04
Daws980: calls $0.04
sparky1037: folds 
*** TURN *** [3h 8c 2c] [4c]
Pilo54: bets $0.14
Daws980: calls $0.14
*** RIVER *** [3h 8c 2c 4c] [Qc]
Pilo54: bets $0.24
Daws980: folds 
Uncalled bet ($0.24) returned to Pilo54
Pilo54 collected $0.48 from pot
Pilo54: doesn't show hand 
*** SUMMARY ***
Total pot $0.50 | Rake $0.02 
Board [3h 8c 2c 4c Qc]
Seat 1: sparky1037 (small blind) folded on the Flop
Seat 2: Lorpugo (big blind) folded before Flop
Seat 3: Pilo54 collected ($0.48)
Seat 4: Daws980 folded on the River
Seat 5: iNside404 folded before Flop (didn't bet)
Seat 6: HoseLopez (button) folded before Flop (didn't bet)



PokerStars Hand #241324746892:  Hold'em No Limit ($0.01/$0.02 USD) - 2023/01/22 14:22:54 ET
Table 'Ostanina II' 6-max Seat #1 is the button
Seat 1: sparky1037 ($2.05 in chips) 
Seat 2: Lorpugo ($2.74 in chips) 
Seat 3: Pilo54 ($1.51 in chips) 
Seat 4: Daws980 ($2.08 in chips) 
Seat 5: iNside404 ($4.07 in chips) 
Seat 6: HoseLopez ($1 in chips) 
Lorpugo: posts small blind $0.01
Pilo54: posts big blind $0.02
*** HOLE CARDS ***
Dealt to Lorpugo [9s Qh]
Daws980: folds 
iNside404: folds 
HoseLopez: folds 
sparky1037: folds 
Lorpugo: raises $0.03 to $0.05
Pilo54: calls $0.03
*** FLOP *** [9d Ac 6s]
Lorpugo: bets $0.03
Pilo54: calls $0.03
*** TURN *** [9d Ac 6s] [Td]
Lorpugo: checks 
Pilo54: checks 
*** RIVER *** [9d Ac 6s Td] [2c]
Lorpugo: checks 
Pilo54: checks 
*** SHOW DOWN ***
Lorpugo: shows [9s Qh] (a pair of Nines)
Pilo54: mucks hand 
Lorpugo collected $0.15 from pot
*** SUMMARY ***
Total pot $0.16 | Rake $0.01 
Board [9d Ac 6s Td 2c]
Seat 1: sparky1037 (button) folded before Flop (didn't bet)
Seat 2: Lorpugo (small blind) showed [9s Qh] and won ($0.15) with a pair of Nines
Seat 3: Pilo54 (big blind) mucked [5s 5c]
Seat 4: Daws980 folded before Flop (didn't bet)
Seat 5: iNside404 folded before Flop (didn't bet)
Seat 6: HoseLopez folded before Flop (didn't bet)



PokerStars Hand #241324762692:  Hold'em No Limit ($0.01/$0.02 USD) - 2023/01/22 14:23:27 ET
Table 'Ostanina II' 6-max Seat #2 is the button
Seat 1: sparky1037 ($2.05 in chips) 
Seat 2: Lorpugo ($2.81 in chips) 
Seat 3: Pilo54 ($1.43 in chips) 
Seat 4: Daws980 ($2.08 in chips) 
Seat 5: iNside404 ($4.07 in chips) 
Seat 6: HoseLopez ($1 in chips) 
Pilo54: posts small blind $0.01
Daws980: posts big blind $0.02
*** HOLE CARDS ***
Dealt to Lorpugo [Td Th]
iNside404: folds 
HoseLopez: folds 
sparky1037: calls $0.02
Lorpugo: raises $0.10 to $0.12
Pilo54: folds 
Daws980: calls $0.10
sparky1037: folds 
*** FLOP *** [Kc Ad Jd]
Daws980: checks 
Lorpugo: checks 
*** TURN *** [Kc Ad Jd] [6s]
Daws980: bets $0.06
Lorpugo: folds 
Uncalled bet ($0.06) returned to Daws980
Daws980 collected $0.26 from pot
Daws980: doesn't show hand 
*** SUMMARY ***
Total pot $0.27 | Rake $0.01 
Board [Kc Ad Jd 6s]
Seat 1: sparky1037 folded before Flop
Seat 2: Lorpugo (button) folded on the Turn
Seat 3: Pilo54 (small blind) folded before Flop
Seat 4: Daws980 (big blind) collected ($0.26)
Seat 5: iNside404 folded before Flop (didn't bet)
Seat 6: HoseLopez folded before Flop (didn't bet)



PokerStars Hand #241324779721:  Hold'em No Limit ($0.01/$0.02 USD) - 2023/01/22 14:24:02 ET
Table 'Ostanina II' 6-max Seat #3 is the button
Seat 1: sparky1037 ($2.03 in chips) 
Seat 2: Lorpugo ($2.69 in chips) 
Seat 3: Pilo54 ($1.42 in chips) 
Seat 4: Daws980 ($2.22 in chips) 
Seat 6: HoseLopez ($1 in chips) 
Daws980: posts small blind $0.01
HoseLopez: posts big blind $0.02
*** HOLE CARDS ***
Dealt to Lorpugo [9c Jh]
iNside404 leaves the table
sparky1037: calls $0.02
Peruano1989 joins the table at seat #5 
Lorpugo: calls $0.02
Pilo54: folds 
Daws980: folds 
HoseLopez: checks 
*** FLOP *** [2h 6s 8h]
HoseLopez: checks 
sparky1037: checks 
Lorpugo: bets $0.02
HoseLopez: folds 
sparky1037: calls $0.02
*** TURN *** [2h 6s 8h] [Jc]
sparky1037: checks 
Lorpugo: bets $0.16
sparky1037: folds 
Uncalled bet ($0.16) returned to Lorpugo
Lorpugo collected $0.11 from pot
Lorpugo: doesn't show hand 
*** SUMMARY ***
Total pot $0.11 | Rake $0 
Board [2h 6s 8h Jc]
Seat 1: sparky1037 folded on the Turn
Seat 2: Lorpugo collected ($0.11)
Seat 3: Pilo54 (button) folded before Flop (didn't bet)
Seat 4: Daws980 (small blind) folded before Flop
Seat 6: HoseLopez (big blind) folded on the Flop



PokerStars Hand #241324813638:  Hold'em No Limit ($0.01/$0.02 USD) - 2023/01/22 14:25:14 ET
Table 'Ostanina II' 6-max Seat #4 is the button
Seat 1: sparky1037 ($1.99 in chips) 
Seat 2: Lorpugo ($2.76 in chips) 
Seat 3: Pilo54 ($1.42 in chips) 
Seat 4: Daws980 ($2.21 in chips) 
Seat 6: HoseLopez ($1 in chips) 
HoseLopez: posts small blind $0.01
sparky1037: posts big blind $0.02
*** HOLE CARDS ***
Dealt to Lorpugo [2h 5s]
Lorpugo: folds 
Pilo54: folds 
Daws980: folds 
HoseLopez: folds 
Uncalled bet ($0.01) returned to sparky1037
sparky1037 collected $0.02 from pot
sparky1037: doesn't show hand 
*** SUMMARY ***
Total pot $0.02 | Rake $0 
Seat 1: sparky1037 (big blind) collected ($0.02)
Seat 2: Lorpugo folded before Flop (didn't bet)
Seat 3: Pilo54 folded before Flop (didn't bet)
Seat 4: Daws980 (button) folded before Flop (didn't bet)
Seat 6: HoseLopez (small blind) folded before Flop



PokerStars Hand #241324820829:  Hold'em No Limit ($0.01/$0.02 USD) - 2023/01/22 14:25:29 ET
Table 'Ostanina II' 6-max Seat #6 is the button
Seat 1: sparky1037 ($2 in chips) 
Seat 2: Lorpugo ($2.76 in chips) 
Seat 3: Pilo54 ($1.42 in chips) 
Seat 4: Daws980 ($2.21 in chips) 
Seat 6: HoseLopez ($1 in chips) 
sparky1037: posts small blind $0.01
Lorpugo: posts big blind $0.02
*** HOLE CARDS ***
Dealt to Lorpugo [8d Qh]
Pilo54: raises $0.02 to $0.04
Daws980: folds 
HoseLopez: folds 
sparky1037: calls $0.03
Lorpugo: calls $0.02
*** FLOP *** [8c 4s 3s]
sparky1037: checks 
Lorpugo: bets $0.12
Pilo54: raises $1.26 to $1.38 and is all-in
sparky1037: folds 
Lorpugo: folds 
Uncalled bet ($1.26) returned to Pilo54
Pilo54 collected $0.35 from pot
Pilo54: doesn't show hand 
*** SUMMARY ***
Total pot $0.36 | Rake $0.01 
Board [8c 4s 3s]
Seat 1: sparky1037 (small blind) folded on the Flop
Seat 2: Lorpugo (big blind) folded on the Flop
Seat 3: Pilo54 collected ($0.35)
Seat 4: Daws980 folded before Flop (didn't bet)
Seat 6: HoseLopez (button) folded before Flop (didn't bet)



PokerStars Hand #241324846769:  Hold'em No Limit ($0.01/$0.02 USD) - 2023/01/22 14:26:24 ET
Table 'Ostanina II' 6-max Seat #1 is the button
Seat 1: sparky1037 ($1.96 in chips) 
Seat 2: Lorpugo ($2.60 in chips) 
Seat 3: Pilo54 ($1.61 in chips) 
Seat 4: Daws980 ($2.21 in chips) 
Seat 6: HoseLopez ($1 in chips) 
Lorpugo: posts small blind $0.01
Pilo54: posts big blind $0.02
*** HOLE CARDS ***
Dealt to Lorpugo [6s Ks]
Daws980: folds 
HoseLopez: raises $0.04 to $0.06
sparky1037: folds 
Lorpugo: calls $0.05
Pilo54: folds 
*** FLOP *** [9d 2d 4d]
Lorpugo: checks 
HoseLopez: checks 
*** TURN *** [9d 2d 4d] [Qs]
Lorpugo: checks 
HoseLopez: checks 
*** RIVER *** [9d 2d 4d Qs] [Kh]
Lorpugo: bets $0.09
HoseLopez: folds 
Uncalled bet ($0.09) returned to Lorpugo
Lorpugo collected $0.14 from pot
Lorpugo: doesn't show hand 
*** SUMMARY ***
Total pot $0.14 | Rake $0 
Board [9d 2d 4d Qs Kh]
Seat 1: sparky1037 (button) folded before Flop (didn't bet)
Seat 2: Lorpugo (small blind) collected ($0.14)
Seat 3: Pilo54 (big blind) folded before Flop
Seat 4: Daws980 folded before Flop (didn't bet)
Seat 6: HoseLopez folded on the River



PokerStars Hand #241324867995:  Hold'em No Limit ($0.01/$0.02 USD) - 2023/01/22 14:27:08 ET
Table 'Ostanina II' 6-max Seat #2 is the button
Seat 1: sparky1037 ($1.96 in chips) 
Seat 2: Lorpugo ($2.68 in chips) 
Seat 3: Pilo54 ($1.59 in chips) 
Seat 4: Daws980 ($2.21 in chips) 
Seat 6: HoseLopez ($1 in chips) 
Pilo54: posts small blind $0.01
Daws980: posts big blind $0.02
*** HOLE CARDS ***
Dealt to Lorpugo [2d 5h]
HoseLopez: folds 
sparky1037: folds 
Lorpugo: folds 
Pilo54: folds 
Uncalled bet ($0.01) returned to Daws980
Daws980 collected $0.02 from pot
Daws980: doesn't show hand 
*** SUMMARY ***
Total pot $0.02 | Rake $0 
Seat 1: sparky1037 folded before Flop (didn't bet)
Seat 2: Lorpugo (button) folded before Flop (didn't bet)
Seat 3: Pilo54 (small blind) folded before Flop
Seat 4: Daws980 (big blind) collected ($0.02)
Seat 6: HoseLopez folded before Flop (didn't bet)



PokerStars Hand #241324873810:  Hold'em No Limit ($0.01/$0.02 USD) - 2023/01/22 14:27:20 ET
Table 'Ostanina II' 6-max Seat #3 is the button
Seat 1: sparky1037 ($1.96 in chips) 
Seat 2: Lorpugo ($2.68 in chips) 
Seat 3: Pilo54 ($1.58 in chips) 
Seat 4: Daws980 ($2.22 in chips) 
Seat 5: Peruano1989 ($2 in chips) 
Seat 6: HoseLopez ($1 in chips) 
Daws980: posts small blind $0.01
Peruano1989: posts big blind $0.02
*** HOLE CARDS ***
Dealt to Lorpugo [8h 3s]
HoseLopez: folds 
sparky1037: folds 
Lorpugo: folds 
Pilo54: folds 
Daws980: raises $0.04 to $0.06
Peruano1989: calls $0.04
*** FLOP *** [9d Td 4h]
Daws980: checks 
Peruano1989: bets $0.09
Daws980: folds 
Uncalled bet ($0.09) returned to Peruano1989
Peruano1989 collected $0.12 from pot
Peruano1989: doesn't show hand 
*** SUMMARY ***
Total pot $0.12 | Rake $0 
Board [9d Td 4h]
Seat 1: sparky1037 folded before Flop (didn't bet)
Seat 2: Lorpugo folded before Flop (didn't bet)
Seat 3: Pilo54 (button) folded before Flop (didn't bet)
Seat 4: Daws980 (small blind) folded on the Flop
Seat 5: Peruano1989 (big blind) collected ($0.12)
Seat 6: HoseLopez folded before Flop (didn't bet)



PokerStars Hand #241324891431:  Hold'em No Limit ($0.01/$0.02 USD) - 2023/01/22 14:27:58 ET
Table 'Ostanina II' 6-max Seat #4 is the button
Seat 1: sparky1037 ($1.96 in chips) 
Seat 2: Lorpugo ($2.68 in chips) 
Seat 3: Pilo54 ($1.58 in chips) 
Seat 4: Daws980 ($2.16 in chips) 
Seat 5: Peruano1989 ($2.06 in chips) 
Seat 6: HoseLopez ($1 in chips) 
Peruano1989: posts small blind $0.01
HoseLopez: posts big blind $0.02
*** HOLE CARDS ***
Dealt to Lorpugo [8s 5c]
sparky1037: calls $0.02
Lorpugo: folds 
Pilo54: raises $0.02 to $0.04
Daws980: calls $0.04
Peruano1989: folds 
HoseLopez: folds 
sparky1037: calls $0.02
*** FLOP *** [3c 4d 4h]
sparky1037: checks 
Pilo54: bets $0.02
Daws980: calls $0.02
sparky1037: calls $0.02
*** TURN *** [3c 4d 4h] [Kd]
sparky1037: checks 
Pilo54: checks 
Daws980: bets $0.10
sparky1037: calls $0.10
Pilo54: folds 
*** RIVER *** [3c 4d 4h Kd] [4c]
sparky1037: checks 
Daws980: checks 
*** SHOW DOWN ***
sparky1037: shows [Tc Kc] (a full house, Fours full of Kings)
Daws980: mucks hand 
sparky1037 collected $0.40 from pot
*** SUMMARY ***
Total pot $0.41 | Rake $0.01 
Board [3c 4d 4h Kd 4c]
Seat 1: sparky1037 showed [Tc Kc] and won ($0.40) with a full house, Fours full of Kings
Seat 2: Lorpugo folded before Flop (didn't bet)
Seat 3: Pilo54 folded on the Turn
Seat 4: Daws980 (button) mucked [9c Qc]
Seat 5: Peruano1989 (small blind) folded before Flop
Seat 6: HoseLopez (big blind) folded before Flop



PokerStars Hand #241324912993:  Hold'em No Limit ($0.01/$0.02 USD) - 2023/01/22 14:28:43 ET
Table 'Ostanina II' 6-max Seat #5 is the button
Seat 1: sparky1037 ($2.20 in chips) 
Seat 2: Lorpugo ($2.68 in chips) 
Seat 3: Pilo54 ($1.52 in chips) 
Seat 4: Daws980 ($2 in chips) 
Seat 5: Peruano1989 ($2.05 in chips) 
Seat 6: HoseLopez ($1 in chips) 
HoseLopez: posts small blind $0.01
sparky1037: posts big blind $0.02
*** HOLE CARDS ***
Dealt to Lorpugo [Qc Ac]
Lorpugo: raises $0.03 to $0.05
Pilo54: folds 
Daws980: folds 
Peruano1989: folds 
HoseLopez: folds 
sparky1037: folds 
Uncalled bet ($0.03) returned to Lorpugo
Lorpugo collected $0.05 from pot
Lorpugo: doesn't show hand 
*** SUMMARY ***
Total pot $0.05 | Rake $0 
Seat 1: sparky1037 (big blind) folded before Flop
Seat 2: Lorpugo collected ($0.05)
Seat 3: Pilo54 folded before Flop (didn't bet)
Seat 4: Daws980 folded before Flop (didn't bet)
Seat 5: Peruano1989 (button) folded before Flop (didn't bet)
Seat 6: HoseLopez (small blind) folded before Flop



PokerStars Hand #241324920772:  Hold'em No Limit ($0.01/$0.02 USD) - 2023/01/22 14:29:00 ET
Table 'Ostanina II' 6-max Seat #6 is the button
Seat 1: sparky1037 ($2.18 in chips) 
Seat 2: Lorpugo ($2.71 in chips) 
Seat 3: Pilo54 ($1.52 in chips) 
Seat 4: Daws980 ($2 in chips) 
Seat 5: Peruano1989 ($2.05 in chips) 
Seat 6: HoseLopez ($1 in chips) 
sparky1037: posts small blind $0.01
Lorpugo: posts big blind $0.02
*** HOLE CARDS ***
Dealt to Lorpugo [9c Jh]
Pilo54: folds 
Daws980: folds 
Peruano1989: raises $0.03 to $0.05
HoseLopez: folds 
sparky1037: calls $0.04
HoseLopez leaves the table
Lorpugo: calls $0.03
*** FLOP *** [4h Jc 3s]
sparky1037: checks 
rjmnhs joins the table at seat #6 
Lorpugo: bets $0.07
Peruano1989: folds 
sparky1037: folds 
Uncalled bet ($0.07) returned to Lorpugo
Lorpugo collected $0.14 from pot
Lorpugo: doesn't show hand 
*** SUMMARY ***
Total pot $0.15 | Rake $0.01 
Board [4h Jc 3s]
Seat 1: sparky1037 (small blind) folded on the Flop
Seat 2: Lorpugo (big blind) collected ($0.14)
Seat 3: Pilo54 folded before Flop (didn't bet)
Seat 4: Daws980 folded before Flop (didn't bet)
Seat 5: Peruano1989 folded on the Flop
Seat 6: HoseLopez (button) folded before Flop (didn't bet)



PokerStars Hand #241324934703:  Hold'em No Limit ($0.01/$0.02 USD) - 2023/01/22 14:29:30 ET
Table 'Ostanina II' 6-max Seat #1 is the button
Seat 1: sparky1037 ($2.13 in chips) 
Seat 2: Lorpugo ($2.80 in chips) 
Seat 3: Pilo54 ($1.52 in chips) 
Seat 4: Daws980 ($2 in chips) 
Seat 5: Peruano1989 ($2 in chips) 
Lorpugo: posts small blind $0.01
Pilo54: posts big blind $0.02
*** HOLE CARDS ***
Dealt to Lorpugo [3c 8h]
Daws980: folds 
Peruano1989: folds 
sparky1037: folds 
Lorpugo: raises $0.03 to $0.05
Pilo54: folds 
Uncalled bet ($0.03) returned to Lorpugo
Lorpugo collected $0.04 from pot
Lorpugo: doesn't show hand 
*** SUMMARY ***
Total pot $0.04 | Rake $0 
Seat 1: sparky1037 (button) folded before Flop (didn't bet)
Seat 2: Lorpugo (small blind) collected ($0.04)
Seat 3: Pilo54 (big blind) folded before Flop
Seat 4: Daws980 folded before Flop (didn't bet)
Seat 5: Peruano1989 folded before Flop (didn't bet)



PokerStars Hand #241324941761:  Hold'em No Limit ($0.01/$0.02 USD) - 2023/01/22 14:29:45 ET
Table 'Ostanina II' 6-max Seat #2 is the button
Seat 1: sparky1037 ($2.13 in chips) 
Seat 2: Lorpugo ($2.82 in chips) 
Seat 3: Pilo54 ($1.50 in chips) 
Seat 4: Daws980 ($2 in chips) 
Seat 5: Peruano1989 ($2 in chips) 
Pilo54: posts small blind $0.01
Daws980: posts big blind $0.02
*** HOLE CARDS ***
Dealt to Lorpugo [Js 9s]
Peruano1989: folds 
sparky1037: folds 
Lorpugo: raises $0.03 to $0.05
Pilo54: calls $0.04
Daws980: calls $0.03
*** FLOP *** [2h 6h Ad]
Pilo54: bets $0.06
Daws980: calls $0.06
Lorpugo: folds 
*** TURN *** [2h 6h Ad] [7d]
Pilo54: checks 
Daws980: bets $0.10
Pilo54: calls $0.10
*** RIVER *** [2h 6h Ad 7d] [5d]
Pilo54: checks 
Daws980: checks 
*** SHOW DOWN ***
Pilo54: shows [Kh Qh] (high card Ace)
Daws980: mucks hand 
Pilo54 collected $0.45 from pot
*** SUMMARY ***
Total pot $0.47 | Rake $0.02 
Board [2h 6h Ad 7d 5d]
Seat 1: sparky1037 folded before Flop (didn't bet)
Seat 2: Lorpugo (button) folded on the Flop
Seat 3: Pilo54 (small blind) showed [Kh Qh] and won ($0.45) with high card Ace
Seat 4: Daws980 (big blind) mucked [Th Jh]
Seat 5: Peruano1989 folded before Flop (didn't bet)



PokerStars Hand #241324970916:  Hold'em No Limit ($0.01/$0.02 USD) - 2023/01/22 14:30:45 ET
Table 'Ostanina II' 6-max Seat #3 is the button
Seat 1: sparky1037 ($2.13 in chips) 
Seat 2: Lorpugo ($2.77 in chips) 
Seat 3: Pilo54 ($1.74 in chips) 
Seat 4: Daws980 ($1.79 in chips) 
Seat 5: Peruano1989 ($2 in chips) 
Daws980: posts small blind $0.01
Peruano1989: posts big blind $0.02
*** HOLE CARDS ***
Dealt to Lorpugo [5d 9d]
sparky1037: folds 
Lorpugo: raises $0.03 to $0.05
Pilo54: folds 
Daws980: calls $0.04
Peruano1989: folds 
*** FLOP *** [Kh 7s Tc]
Daws980: checks 
Lorpugo: checks 
*** TURN *** [Kh 7s Tc] [2h]
Daws980: checks 
Lorpugo: checks 
*** RIVER *** [Kh 7s Tc 2h] [Qd]
Daws980: bets $0.06
Lorpugo: folds 
Uncalled bet ($0.06) returned to Daws980
Daws980 collected $0.12 from pot
Daws980: doesn't show hand 
*** SUMMARY ***
Total pot $0.12 | Rake $0 
Board [Kh 7s Tc 2h Qd]
Seat 1: sparky1037 folded before Flop (didn't bet)
Seat 2: Lorpugo folded on the River
Seat 3: Pilo54 (button) folded before Flop (didn't bet)
Seat 4: Daws980 (small blind) collected ($0.12)
Seat 5: Peruano1989 (big blind) folded before Flop



PokerStars Hand #241324996945:  Hold'em No Limit ($0.01/$0.02 USD) - 2023/01/22 14:31:39 ET
Table 'Ostanina II' 6-max Seat #4 is the button
Seat 1: sparky1037 ($2.13 in chips) 
Seat 2: Lorpugo ($2.72 in chips) 
Seat 3: Pilo54 ($1.74 in chips) 
Seat 4: Daws980 ($1.86 in chips) 
Seat 5: Peruano1989 ($2 in chips) 
Seat 6: rjmnhs ($0.80 in chips) 
Peruano1989: posts small blind $0.01
rjmnhs: posts big blind $0.02
*** HOLE CARDS ***
Dealt to Lorpugo [Kc Kd]
sparky1037: folds 
Lorpugo: raises $0.03 to $0.05
Pilo54: folds 
Daws980: folds 
Peruano1989: folds 
rjmnhs: calls $0.03
*** FLOP *** [2s 3s Td]
rjmnhs: bets $0.06
Lorpugo: raises $0.15 to $0.21
rjmnhs: raises $0.54 to $0.75 and is all-in
Lorpugo: calls $0.54
*** TURN *** [2s 3s Td] [8d]
*** RIVER *** [2s 3s Td 8d] [7d]
*** SHOW DOWN ***
rjmnhs: shows [5c 5h] (a pair of Fives)
Lorpugo: shows [Kc Kd] (a pair of Kings)
Lorpugo collected $1.55 from pot
*** SUMMARY ***
Total pot $1.61 | Rake $0.06 
Board [2s 3s Td 8d 7d]
Seat 1: sparky1037 folded before Flop (didn't bet)
Seat 2: Lorpugo showed [Kc Kd] and won ($1.55) with a pair of Kings
Seat 3: Pilo54 folded before Flop (didn't bet)
Seat 4: Daws980 (button) folded before Flop (didn't bet)
Seat 5: Peruano1989 (small blind) folded before Flop
Seat 6: rjmnhs (big blind) showed [5c 5h] and lost with a pair of Fives



PokerStars Hand #241325010022:  Hold'em No Limit ($0.01/$0.02 USD) - 2023/01/22 14:32:06 ET
Table 'Ostanina II' 6-max Seat #5 is the button
Seat 1: sparky1037 ($2.13 in chips) 
Seat 2: Lorpugo ($3.47 in chips) 
Seat 3: Pilo54 ($1.74 in chips) 
Seat 4: Daws980 ($1.86 in chips) 
Seat 5: Peruano1989 ($2 in chips) 
sparky1037: posts small blind $0.01
Lorpugo: posts big blind $0.02
*** HOLE CARDS ***
Dealt to Lorpugo [Jd Js]
Pilo54: raises $0.02 to $0.04
rjmnhs leaves the table
Daws980: folds 
Peruano1989: folds 
sparky1037: folds 
Lorpugo: raises $0.09 to $0.13
Pilo54: folds 
Uncalled bet ($0.09) returned to Lorpugo
Lorpugo collected $0.09 from pot
Lorpugo: doesn't show hand 
*** SUMMARY ***
Total pot $0.09 | Rake $0 
Seat 1: sparky1037 (small blind) folded before Flop
Seat 2: Lorpugo (big blind) collected ($0.09)
Seat 3: Pilo54 folded before Flop
Seat 4: Daws980 folded before Flop (didn't bet)
Seat 5: Peruano1989 (button) folded before Flop (didn't bet)



PokerStars Hand #241325020657:  Hold'em No Limit ($0.01/$0.02 USD) - 2023/01/22 14:32:28 ET
Table 'Ostanina II' 6-max Seat #1 is the button
Seat 1: sparky1037 ($2.12 in chips) 
Seat 2: Lorpugo ($3.52 in chips) 
Seat 3: Pilo54 ($1.70 in chips) 
Seat 4: Daws980 ($1.86 in chips) 
Seat 5: Peruano1989 ($2 in chips) 
Lorpugo: posts small blind $0.01
Pilo54: posts big blind $0.02
*** HOLE CARDS ***
Dealt to Lorpugo [8d 6c]
Daws980: folds 
Peruano1989: folds 
sparky1037: folds 
ascaron1st joins the table at seat #6 
Lorpugo: raises $0.03 to $0.05
Pilo54: calls $0.03
*** FLOP *** [4h Qc 4d]
Lorpugo: bets $0.03
Pilo54: calls $0.03
*** TURN *** [4h Qc 4d] [7d]
Lorpugo: bets $0.10
Pilo54: calls $0.10
*** RIVER *** [4h Qc 4d 7d] [2s]
Lorpugo: checks 
Pilo54: checks 
*** SHOW DOWN ***
Lorpugo: shows [8d 6c] (a pair of Fours)
Pilo54: shows [Jh Qd] (two pair, Queens and Fours)
Pilo54 collected $0.35 from pot
*** SUMMARY ***
Total pot $0.36 | Rake $0.01 
Board [4h Qc 4d 7d 2s]
Seat 1: sparky1037 (button) folded before Flop (didn't bet)
Seat 2: Lorpugo (small blind) showed [8d 6c] and lost with a pair of Fours
Seat 3: Pilo54 (big blind) showed [Jh Qd] and won ($0.35) with two pair, Queens and Fours
Seat 4: Daws980 folded before Flop (didn't bet)
Seat 5: Peruano1989 folded before Flop (didn't bet)



PokerStars Hand #241325043746:  Hold'em No Limit ($0.01/$0.02 USD) - 2023/01/22 14:33:17 ET
Table 'Ostanina II' 6-max Seat #2 is the button
Seat 1: sparky1037 ($2.12 in chips) 
Seat 2: Lorpugo ($3.34 in chips) 
Seat 3: Pilo54 ($1.87 in chips) 
Seat 4: Daws980 ($1.86 in chips) 
Seat 5: Peruano1989 ($2 in chips) 
Pilo54: posts small blind $0.01
Daws980: posts big blind $0.02
*** HOLE CARDS ***
Dealt to Lorpugo [6d Kd]
Peruano1989: folds 
sparky1037: folds 
Lorpugo: raises $0.03 to $0.05
Pilo54: calls $0.04
Daws980: folds 
*** FLOP *** [7h Qc 9d]
Pilo54: bets $0.12
Lorpugo: folds 
Uncalled bet ($0.12) returned to Pilo54
Pilo54 collected $0.12 from pot
Pilo54: doesn't show hand 
*** SUMMARY ***
Total pot $0.12 | Rake $0 
Board [7h Qc 9d]
Seat 1: sparky1037 folded before Flop (didn't bet)
Seat 2: Lorpugo (button) folded on the Flop
Seat 3: Pilo54 (small blind) collected ($0.12)
Seat 4: Daws980 (big blind) folded before Flop
Seat 5: Peruano1989 folded before Flop (didn't bet)



PokerStars Hand #241325053080:  Hold'em No Limit ($0.01/$0.02 USD) - 2023/01/22 14:33:36 ET
Table 'Ostanina II' 6-max Seat #3 is the button
Seat 1: sparky1037 ($2.12 in chips) 
Seat 2: Lorpugo ($3.29 in chips) 
Seat 3: Pilo54 ($1.94 in chips) 
Seat 4: Daws980 ($1.84 in chips) 
Seat 5: Peruano1989 ($2 in chips) 
Daws980: posts small blind $0.01
Peruano1989: posts big blind $0.02
*** HOLE CARDS ***
Dealt to Lorpugo [Jc 7c]
sparky1037: folds 
Lorpugo: raises $0.03 to $0.05
Pilo54: calls $0.05
Daws980: folds 
Peruano1989: folds 
*** FLOP *** [7d Th Qd]
Lorpugo: checks 
Pilo54: bets $0.04
Lorpugo: calls $0.04
*** TURN *** [7d Th Qd] [9d]
Lorpugo: checks 
Pilo54: bets $0.06
Lorpugo: folds 
Uncalled bet ($0.06) returned to Pilo54
Pilo54 collected $0.20 from pot
Pilo54: doesn't show hand 
*** SUMMARY ***
Total pot $0.21 | Rake $0.01 
Board [7d Th Qd 9d]
Seat 1: sparky1037 folded before Flop (didn't bet)
Seat 2: Lorpugo folded on the Turn
Seat 3: Pilo54 (button) collected ($0.20)
Seat 4: Daws980 (small blind) folded before Flop
Seat 5: Peruano1989 (big blind) folded before Flop



PokerStars Hand #241325070429:  Hold'em No Limit ($0.01/$0.02 USD) - 2023/01/22 14:34:12 ET
Table 'Ostanina II' 6-max Seat #4 is the button
Seat 1: sparky1037 ($2.12 in chips) 
Seat 2: Lorpugo ($3.20 in chips) 
Seat 3: Pilo54 ($2.05 in chips) 
Seat 4: Daws980 ($1.83 in chips) 
Seat 5: Peruano1989 ($2 in chips) 
Seat 6: ascaron1st ($2 in chips) 
Peruano1989: posts small blind $0.01
ascaron1st: posts big blind $0.02
*** HOLE CARDS ***
Dealt to Lorpugo [3c 8c]
sparky1037: folds 
Lorpugo: folds 
Pilo54: folds 
Daws980: folds 
Peruano1989: folds 
Uncalled bet ($0.01) returned to ascaron1st
ascaron1st collected $0.02 from pot
ascaron1st: doesn't show hand 
*** SUMMARY ***
Total pot $0.02 | Rake $0 
Seat 1: sparky1037 folded before Flop (didn't bet)
Seat 2: Lorpugo folded before Flop (didn't bet)
Seat 3: Pilo54 folded before Flop (didn't bet)
Seat 4: Daws980 (button) folded before Flop (didn't bet)
Seat 5: Peruano1989 (small blind) folded before Flop
Seat 6: ascaron1st (big blind) collected ($0.02)



PokerStars Hand #241325074153:  Hold'em No Limit ($0.01/$0.02 USD) - 2023/01/22 14:34:20 ET
Table 'Ostanina II' 6-max Seat #5 is the button
Seat 1: sparky1037 ($2.12 in chips) 
Seat 2: Lorpugo ($3.20 in chips) 
Seat 3: Pilo54 ($2.05 in chips) 
Seat 4: Daws980 ($1.83 in chips) 
Seat 5: Peruano1989 ($2 in chips) 
Seat 6: ascaron1st ($2.01 in chips) 
ascaron1st: posts small blind $0.01
sparky1037: posts big blind $0.02
*** HOLE CARDS ***
Dealt to Lorpugo [8d 3d]
Lorpugo: folds 
Pilo54: folds 
Daws980: raises $0.04 to $0.06
Peruano1989: folds 
ascaron1st: folds 
sparky1037: folds 
Uncalled bet ($0.04) returned to Daws980
Daws980 collected $0.05 from pot
Daws980: doesn't show hand 
*** SUMMARY ***
Total pot $0.05 | Rake $0 
Seat 1: sparky1037 (big blind) folded before Flop
Seat 2: Lorpugo folded before Flop (didn't bet)
Seat 3: Pilo54 folded before Flop (didn't bet)
Seat 4: Daws980 collected ($0.05)
Seat 5: Peruano1989 (button) folded before Flop (didn't bet)
Seat 6: ascaron1st (small blind) folded before Flop



PokerStars Hand #241325081394:  Hold'em No Limit ($0.01/$0.02 USD) - 2023/01/22 14:34:35 ET
Table 'Ostanina II' 6-max Seat #6 is the button
Seat 1: sparky1037 ($2.10 in chips) 
Seat 2: Lorpugo ($3.20 in chips) 
Seat 3: Pilo54 ($2.05 in chips) 
Seat 4: Daws980 ($1.86 in chips) 
Seat 5: Peruano1989 ($2 in chips) 
Seat 6: ascaron1st ($2 in chips) 
sparky1037: posts small blind $0.01
Lorpugo: posts big blind $0.02
*** HOLE CARDS ***
Dealt to Lorpugo [6c 5s]
Pilo54: raises $0.02 to $0.04
Daws980: folds 
Peruano1989: folds 
ascaron1st: folds 
sparky1037: folds 
Lorpugo: folds 
Uncalled bet ($0.02) returned to Pilo54
Pilo54 collected $0.05 from pot
Pilo54: doesn't show hand 
*** SUMMARY ***
Total pot $0.05 | Rake $0 
Seat 1: sparky1037 (small blind) folded before Flop
Seat 2: Lorpugo (big blind) folded before Flop
Seat 3: Pilo54 collected ($0.05)
Seat 4: Daws980 folded before Flop (didn't bet)
Seat 5: Peruano1989 folded before Flop (didn't bet)
Seat 6: ascaron1st (button) folded before Flop (didn't bet)



PokerStars Hand #241325089956:  Hold'em No Limit ($0.01/$0.02 USD) - 2023/01/22 14:34:53 ET
Table 'Ostanina II' 6-max Seat #1 is the button
Seat 1: sparky1037 ($2.09 in chips) 
Seat 2: Lorpugo ($3.18 in chips) 
Seat 3: Pilo54 ($2.08 in chips) 
Seat 4: Daws980 ($1.86 in chips) 
Seat 5: Peruano1989 ($2 in chips) 
Seat 6: ascaron1st ($2 in chips) 
Lorpugo: posts small blind $0.01
Pilo54: posts big blind $0.02
*** HOLE CARDS ***
Dealt to Lorpugo [Tc 6s]
Daws980: folds 
Peruano1989: raises $0.03 to $0.05
ascaron1st: folds 
sparky1037: folds 
Lorpugo: folds 
Pilo54: folds 
Uncalled bet ($0.03) returned to Peruano1989
Peruano1989 collected $0.05 from pot
Peruano1989: doesn't show hand 
*** SUMMARY ***
Total pot $0.05 | Rake $0 
Seat 1: sparky1037 (button) folded before Flop (didn't bet)
Seat 2: Lorpugo (small blind) folded before Flop
Seat 3: Pilo54 (big blind) folded before Flop
Seat 4: Daws980 folded before Flop (didn't bet)
Seat 5: Peruano1989 collected ($0.05)
Seat 6: ascaron1st folded before Flop (didn't bet)



PokerStars Hand #241325096296:  Hold'em No Limit ($0.01/$0.02 USD) - 2023/01/22 14:35:06 ET
Table 'Ostanina II' 6-max Seat #2 is the button
Seat 1: sparky1037 ($2.09 in chips) 
Seat 2: Lorpugo ($3.17 in chips) 
Seat 3: Pilo54 ($2.06 in chips) 
Seat 4: Daws980 ($1.86 in chips) 
Seat 5: Peruano1989 ($2.03 in chips) 
Seat 6: ascaron1st ($2 in chips) 
Pilo54: posts small blind $0.01
Daws980: posts big blind $0.02
*** HOLE CARDS ***
Dealt to Lorpugo [Td Qh]
Peruano1989: folds 
ascaron1st: folds 
sparky1037: calls $0.02
Lorpugo: raises $0.07 to $0.09
Pilo54: folds 
Daws980: calls $0.07
sparky1037: calls $0.07
*** FLOP *** [7d 4d 8s]
Daws980: checks 
sparky1037: checks 
Lorpugo: bets $0.09
Daws980: calls $0.09
sparky1037: folds 
*** TURN *** [7d 4d 8s] [3s]
Daws980: checks 
Lorpugo: checks 
*** RIVER *** [7d 4d 8s 3s] [4s]
Daws980: bets $0.20
Lorpugo: folds 
Uncalled bet ($0.20) returned to Daws980
Daws980 collected $0.44 from pot
Daws980: doesn't show hand 
*** SUMMARY ***
Total pot $0.46 | Rake $0.02 
Board [7d 4d 8s 3s 4s]
Seat 1: sparky1037 folded on the Flop
Seat 2: Lorpugo (button) folded on the River
Seat 3: Pilo54 (small blind) folded before Flop
Seat 4: Daws980 (big blind) collected ($0.44)
Seat 5: Peruano1989 folded before Flop (didn't bet)
Seat 6: ascaron1st folded before Flop (didn't bet)



PokerStars Hand #241325115255:  Hold'em No Limit ($0.01/$0.02 USD) - 2023/01/22 14:35:45 ET
Table 'Ostanina II' 6-max Seat #3 is the button
Seat 1: sparky1037 ($2 in chips) 
Seat 2: Lorpugo ($2.99 in chips) 
Seat 3: Pilo54 ($2.05 in chips) 
Seat 4: Daws980 ($2.12 in chips) 
Seat 5: Peruano1989 ($2.03 in chips) 
Seat 6: ascaron1st ($2 in chips) 
Daws980: posts small blind $0.01
Peruano1989: posts big blind $0.02
*** HOLE CARDS ***
Dealt to Lorpugo [As 2d]
ascaron1st: folds 
sparky1037: folds 
Lorpugo: raises $0.02 to $0.04
Pilo54: calls $0.04
Daws980: folds 
Peruano1989: calls $0.02
*** FLOP *** [Td 9s Ts]
Peruano1989: checks 
Lorpugo: bets $0.04
Pilo54: folds 
Peruano1989: folds 
Uncalled bet ($0.04) returned to Lorpugo
Lorpugo collected $0.13 from pot
Lorpugo: doesn't show hand 
*** SUMMARY ***
Total pot $0.13 | Rake $0 
Board [Td 9s Ts]
Seat 1: sparky1037 folded before Flop (didn't bet)
Seat 2: Lorpugo collected ($0.13)
Seat 3: Pilo54 (button) folded on the Flop
Seat 4: Daws980 (small blind) folded before Flop
Seat 5: Peruano1989 (big blind) folded on the Flop
Seat 6: ascaron1st folded before Flop (didn't bet)



PokerStars Hand #241325129408:  Hold'em No Limit ($0.01/$0.02 USD) - 2023/01/22 14:36:14 ET
Table 'Ostanina II' 6-max Seat #4 is the button
Seat 1: sparky1037 ($2 in chips) 
Seat 2: Lorpugo ($3.08 in chips) 
Seat 3: Pilo54 ($2.01 in chips) 
Seat 4: Daws980 ($2.11 in chips) 
Seat 5: Peruano1989 ($2 in chips) 
Seat 6: ascaron1st ($2 in chips) 
Peruano1989: posts small blind $0.01
ascaron1st: posts big blind $0.02
*** HOLE CARDS ***
Dealt to Lorpugo [9d 8s]
sparky1037: folds 
Lorpugo: raises $0.02 to $0.04
Pilo54: folds 
Daws980: folds 
Peruano1989: folds 
ascaron1st: folds 
Uncalled bet ($0.02) returned to Lorpugo
Lorpugo collected $0.05 from pot
Lorpugo: doesn't show hand 
*** SUMMARY ***
Total pot $0.05 | Rake $0 
Seat 1: sparky1037 folded before Flop (didn't bet)
Seat 2: Lorpugo collected ($0.05)
Seat 3: Pilo54 folded before Flop (didn't bet)
Seat 4: Daws980 (button) folded before Flop (didn't bet)
Seat 5: Peruano1989 (small blind) folded before Flop
Seat 6: ascaron1st (big blind) folded before Flop



PokerStars Hand #241325134456:  Hold'em No Limit ($0.01/$0.02 USD) - 2023/01/22 14:36:25 ET
Table 'Ostanina II' 6-max Seat #5 is the button
Seat 1: sparky1037 ($2 in chips) 
Seat 2: Lorpugo ($3.11 in chips) 
Seat 3: Pilo54 ($2.01 in chips) 
Seat 4: Daws980 ($2.11 in chips) 
Seat 5: Peruano1989 ($2 in chips) 
Seat 6: ascaron1st ($2 in chips) 
ascaron1st: posts small blind $0.01
sparky1037: posts big blind $0.02
*** HOLE CARDS ***
Dealt to Lorpugo [Ac Qh]
Lorpugo: raises $0.02 to $0.04
Pilo54: folds 
Daws980: folds 
Peruano1989: folds 
ascaron1st: calls $0.03
sparky1037: folds 
*** FLOP *** [5s Tc 5h]
ascaron1st: checks 
Lorpugo: bets $0.05
ascaron1st: calls $0.05
*** TURN *** [5s Tc 5h] [Jh]
ascaron1st: checks 
Lorpugo: checks 
*** RIVER *** [5s Tc 5h Jh] [2c]
ascaron1st: bets $0.06
Lorpugo: folds 
Uncalled bet ($0.06) returned to ascaron1st
ascaron1st collected $0.19 from pot
ascaron1st: doesn't show hand 
*** SUMMARY ***
Total pot $0.20 | Rake $0.01 
Board [5s Tc 5h Jh 2c]
Seat 1: sparky1037 (big blind) folded before Flop
Seat 2: Lorpugo folded on the River
Seat 3: Pilo54 folded before Flop (didn't bet)
Seat 4: Daws980 folded before Flop (didn't bet)
Seat 5: Peruano1989 (button) folded before Flop (didn't bet)
Seat 6: ascaron1st (small blind) collected ($0.19)



PokerStars Hand #241325153721:  Hold'em No Limit ($0.01/$0.02 USD) - 2023/01/22 14:37:05 ET
Table 'Ostanina II' 6-max Seat #6 is the button
Seat 1: sparky1037 ($1.98 in chips) 
Seat 2: Lorpugo ($3.02 in chips) 
Seat 3: Pilo54 ($2.01 in chips) 
Seat 4: Daws980 ($2.11 in chips) 
Seat 5: Peruano1989 ($2 in chips) 
Seat 6: ascaron1st ($2.10 in chips) 
sparky1037: posts small blind $0.01
Lorpugo: posts big blind $0.02
*** HOLE CARDS ***
Dealt to Lorpugo [5d Jc]
Pilo54: folds 
Daws980: folds 
Peruano1989: folds 
ascaron1st: folds 
sparky1037: calls $0.01
Lorpugo: checks 
*** FLOP *** [2s 2h Js]
sparky1037: checks 
Lorpugo: bets $0.03
sparky1037: folds 
Uncalled bet ($0.03) returned to Lorpugo
Lorpugo collected $0.04 from pot
Lorpugo: doesn't show hand 
*** SUMMARY ***
Total pot $0.04 | Rake $0 
Board [2s 2h Js]
Seat 1: sparky1037 (small blind) folded on the Flop
Seat 2: Lorpugo (big blind) collected ($0.04)
Seat 3: Pilo54 folded before Flop (didn't bet)
Seat 4: Daws980 folded before Flop (didn't bet)
Seat 5: Peruano1989 folded before Flop (didn't bet)
Seat 6: ascaron1st (button) folded before Flop (didn't bet)



PokerStars Hand #241325164508:  Hold'em No Limit ($0.01/$0.02 USD) - 2023/01/22 14:37:27 ET
Table 'Ostanina II' 6-max Seat #1 is the button
Seat 1: sparky1037 ($1.96 in chips) 
Seat 2: Lorpugo ($3.04 in chips) 
Seat 3: Pilo54 ($2.01 in chips) 
Seat 4: Daws980 ($2.11 in chips) 
Seat 5: Peruano1989 ($2 in chips) 
Seat 6: ascaron1st ($2.10 in chips) 
Lorpugo: posts small blind $0.01
Pilo54: posts big blind $0.02
*** HOLE CARDS ***
Dealt to Lorpugo [4d Jh]
Daws980: folds 
Peruano1989: folds 
ascaron1st: folds 
sparky1037: calls $0.02
Lorpugo: folds 
Pilo54: checks 
*** FLOP *** [3h 8h 7s]
Pilo54: checks 
sparky1037: bets $0.02
Pilo54: folds 
Uncalled bet ($0.02) returned to sparky1037
sparky1037 collected $0.05 from pot
sparky1037: doesn't show hand 
*** SUMMARY ***
Total pot $0.05 | Rake $0 
Board [3h 8h 7s]
Seat 1: sparky1037 (button) collected ($0.05)
Seat 2: Lorpugo (small blind) folded before Flop
Seat 3: Pilo54 (big blind) folded on the Flop
Seat 4: Daws980 folded before Flop (didn't bet)
Seat 5: Peruano1989 folded before Flop (didn't bet)
Seat 6: ascaron1st folded before Flop (didn't bet)



PokerStars Hand #241325175454:  Hold'em No Limit ($0.01/$0.02 USD) - 2023/01/22 14:37:50 ET
Table 'Ostanina II' 6-max Seat #2 is the button
Seat 1: sparky1037 ($1.99 in chips) 
Seat 2: Lorpugo ($3.03 in chips) 
Seat 3: Pilo54 ($1.99 in chips) 
Seat 4: Daws980 ($2.11 in chips) 
Seat 5: Peruano1989 ($2 in chips) 
Seat 6: ascaron1st ($2.10 in chips) 
Pilo54: posts small blind $0.01
Daws980: posts big blind $0.02
*** HOLE CARDS ***
Dealt to Lorpugo [9c 7s]
Peruano1989: raises $0.03 to $0.05
ascaron1st: folds 
sparky1037: calls $0.05
Lorpugo: folds 
Pilo54: folds 
Daws980: folds 
*** FLOP *** [Qh 4s 6d]
Peruano1989: checks 
sparky1037: checks 
*** TURN *** [Qh 4s 6d] [3c]
Peruano1989: bets $0.04
sparky1037: calls $0.04
*** RIVER *** [Qh 4s 6d 3c] [Th]
Peruano1989: bets $0.10
sparky1037: folds 
Uncalled bet ($0.10) returned to Peruano1989
Peruano1989 collected $0.20 from pot
Peruano1989: doesn't show hand 
*** SUMMARY ***
Total pot $0.21 | Rake $0.01 
Board [Qh 4s 6d 3c Th]
Seat 1: sparky1037 folded on the River
Seat 2: Lorpugo (button) folded before Flop (didn't bet)
Seat 3: Pilo54 (small blind) folded before Flop
Seat 4: Daws980 (big blind) folded before Flop
Seat 5: Peruano1989 collected ($0.20)
Seat 6: ascaron1st folded before Flop (didn't bet)



PokerStars Hand #241325201145:  Hold'em No Limit ($0.01/$0.02 USD) - 2023/01/22 14:38:43 ET
Table 'Ostanina II' 6-max Seat #3 is the button
Seat 1: sparky1037 ($1.90 in chips) 
Seat 2: Lorpugo ($3.03 in chips) 
Seat 3: Pilo54 ($1.98 in chips) 
Seat 4: Daws980 ($2.09 in chips) 
Seat 5: Peruano1989 ($2.11 in chips) 
Seat 6: ascaron1st ($2.10 in chips) 
Daws980: posts small blind $0.01
Peruano1989: posts big blind $0.02
*** HOLE CARDS ***
Dealt to Lorpugo [Qd Ts]
ascaron1st: raises $0.03 to $0.05
sparky1037: folds 
Lorpugo: folds 
Pilo54: folds 
Daws980: calls $0.04
Peruano1989: calls $0.03
*** FLOP *** [2s 9c 9s]
Daws980: bets $0.07
Peruano1989: folds 
ascaron1st: calls $0.07
*** TURN *** [2s 9c 9s] [4h]
Daws980: bets $0.10
ascaron1st: calls $0.10
*** RIVER *** [2s 9c 9s 4h] [Qc]
Daws980: checks 
ascaron1st: bets $0.35
Daws980: folds 
Uncalled bet ($0.35) returned to ascaron1st
ascaron1st collected $0.47 from pot
ascaron1st: doesn't show hand 
*** SUMMARY ***
Total pot $0.49 | Rake $0.02 
Board [2s 9c 9s 4h Qc]
Seat 1: sparky1037 folded before Flop (didn't bet)
Seat 2: Lorpugo folded before Flop (didn't bet)
Seat 3: Pilo54 (button) folded before Flop (didn't bet)
Seat 4: Daws980 (small blind) folded on the River
Seat 5: Peruano1989 (big blind) folded on the Flop
Seat 6: ascaron1st collected ($0.47)



PokerStars Hand #241325222876:  Hold'em No Limit ($0.01/$0.02 USD) - 2023/01/22 14:39:27 ET
Table 'Ostanina II' 6-max Seat #4 is the button
Seat 1: sparky1037 ($1.90 in chips) 
Seat 2: Lorpugo ($3.03 in chips) 
Seat 3: Pilo54 ($1.98 in chips) 
Seat 4: Daws980 ($1.87 in chips) 
Seat 5: Peruano1989 ($2.06 in chips) 
Seat 6: ascaron1st ($2.35 in chips) 
Peruano1989: posts small blind $0.01
ascaron1st: posts big blind $0.02
*** HOLE CARDS ***
Dealt to Lorpugo [Qs 9h]
sparky1037: folds 
Lorpugo: raises $0.02 to $0.04
Pilo54: folds 
Daws980: calls $0.04
Peruano1989: folds 
ascaron1st: calls $0.02
*** FLOP *** [Qd Ac Jd]
ascaron1st: checks 
Lorpugo: bets $0.04
Daws980: calls $0.04
ascaron1st: raises $0.19 to $0.23
Lorpugo: folds 
Daws980: folds 
Uncalled bet ($0.19) returned to ascaron1st
ascaron1st collected $0.24 from pot
ascaron1st: doesn't show hand 
*** SUMMARY ***
Total pot $0.25 | Rake $0.01 
Board [Qd Ac Jd]
Seat 1: sparky1037 folded before Flop (didn't bet)
Seat 2: Lorpugo folded on the Flop
Seat 3: Pilo54 folded before Flop (didn't bet)
Seat 4: Daws980 (button) folded on the Flop
Seat 5: Peruano1989 (small blind) folded before Flop
Seat 6: ascaron1st (big blind) collected ($0.24)



PokerStars Hand #241325240864:  Hold'em No Limit ($0.01/$0.02 USD) - 2023/01/22 14:40:04 ET
Table 'Ostanina II' 6-max Seat #5 is the button
Seat 1: sparky1037 ($1.90 in chips) 
Seat 2: Lorpugo ($2.95 in chips) 
Seat 3: Pilo54 ($1.98 in chips) 
Seat 4: Daws980 ($1.79 in chips) 
Seat 5: Peruano1989 ($2.05 in chips) 
Seat 6: ascaron1st ($2.51 in chips) 
ascaron1st: posts small blind $0.01
sparky1037: posts big blind $0.02
*** HOLE CARDS ***
Dealt to Lorpugo [Td 8d]
Lorpugo: raises $0.02 to $0.04
Pilo54: calls $0.04
Daws980: folds 
Peruano1989: folds 
ascaron1st: calls $0.03
sparky1037: folds 
*** FLOP *** [4s 4d 3s]
ascaron1st: checks 
Lorpugo: checks 
Pilo54: checks 
*** TURN *** [4s 4d 3s] [7h]
ascaron1st: bets $0.11
Lorpugo: folds 
Pilo54: folds 
Uncalled bet ($0.11) returned to ascaron1st
ascaron1st collected $0.14 from pot
ascaron1st: doesn't show hand 
*** SUMMARY ***
Total pot $0.14 | Rake $0 
Board [4s 4d 3s 7h]
Seat 1: sparky1037 (big blind) folded before Flop
Seat 2: Lorpugo folded on the Turn
Seat 3: Pilo54 folded on the Turn
Seat 4: Daws980 folded before Flop (didn't bet)
Seat 5: Peruano1989 (button) folded before Flop (didn't bet)
Seat 6: ascaron1st (small blind) collected ($0.14)



PokerStars Hand #241325262388:  Hold'em No Limit ($0.01/$0.02 USD) - 2023/01/22 14:40:49 ET
Table 'Ostanina II' 6-max Seat #6 is the button
Seat 1: sparky1037 ($1.88 in chips) 
Seat 2: Lorpugo ($2.91 in chips) 
Seat 3: Pilo54 ($1.94 in chips) 
Seat 4: Daws980 ($1.79 in chips) 
Seat 5: Peruano1989 ($2.05 in chips) 
Seat 6: ascaron1st ($2.61 in chips) 
sparky1037: posts small blind $0.01
Lorpugo: posts big blind $0.02
*** HOLE CARDS ***
Dealt to Lorpugo [2d 7s]
Pilo54: folds 
Daws980: folds 
Peruano1989: raises $0.03 to $0.05
ascaron1st: folds 
sparky1037: folds 
Lorpugo: folds 
Uncalled bet ($0.03) returned to Peruano1989
Peruano1989 collected $0.05 from pot
Peruano1989: doesn't show hand 
*** SUMMARY ***
Total pot $0.05 | Rake $0 
Seat 1: sparky1037 (small blind) folded before Flop
Seat 2: Lorpugo (big blind) folded before Flop
Seat 3: Pilo54 folded before Flop (didn't bet)
Seat 4: Daws980 folded before Flop (didn't bet)
Seat 5: Peruano1989 collected ($0.05)
Seat 6: ascaron1st (button) folded before Flop (didn't bet)



PokerStars Hand #241325270516:  Hold'em No Limit ($0.01/$0.02 USD) - 2023/01/22 14:41:05 ET
Table 'Ostanina II' 6-max Seat #1 is the button
Seat 1: sparky1037 ($1.87 in chips) 
Seat 2: Lorpugo ($2.89 in chips) 
Seat 3: Pilo54 ($1.94 in chips) 
Seat 4: Daws980 ($1.79 in chips) 
Seat 5: Peruano1989 ($2.08 in chips) 
Seat 6: ascaron1st ($2.61 in chips) 
Lorpugo: posts small blind $0.01
Pilo54: posts big blind $0.02
*** HOLE CARDS ***
Dealt to Lorpugo [9h Tc]
Daws980: raises $0.04 to $0.06
Peruano1989: folds 
ascaron1st: folds 
sparky1037: folds 
Lorpugo: calls $0.05
Pilo54: folds 
*** FLOP *** [8h 3h Jh]
Lorpugo: bets $0.02
Daws980: calls $0.02
*** TURN *** [8h 3h Jh] [7c]
Lorpugo: bets $0.14
Daws980: calls $0.14
*** RIVER *** [8h 3h Jh 7c] [Kh]
Lorpugo: checks 
Daws980: bets $0.44
Lorpugo: folds 
Uncalled bet ($0.44) returned to Daws980
Daws980 collected $0.44 from pot
Daws980: doesn't show hand 
*** SUMMARY ***
Total pot $0.46 | Rake $0.02 
Board [8h 3h Jh 7c Kh]
Seat 1: sparky1037 (button) folded before Flop (didn't bet)
Seat 2: Lorpugo (small blind) folded on the River
Seat 3: Pilo54 (big blind) folded before Flop
Seat 4: Daws980 collected ($0.44)
Seat 5: Peruano1989 folded before Flop (didn't bet)
Seat 6: ascaron1st folded before Flop (didn't bet)



PokerStars Hand #241325295905:  Hold'em No Limit ($0.01/$0.02 USD) - 2023/01/22 14:41:57 ET
Table 'Ostanina II' 6-max Seat #2 is the button
Seat 1: sparky1037 ($1.87 in chips) 
Seat 2: Lorpugo ($2.67 in chips) 
Seat 3: Pilo54 ($1.92 in chips) 
Seat 4: Daws980 ($2.01 in chips) 
Seat 5: Peruano1989 ($2.08 in chips) 
Seat 6: ascaron1st ($2.61 in chips) 
Pilo54: posts small blind $0.01
Daws980: posts big blind $0.02
*** HOLE CARDS ***
Dealt to Lorpugo [5s Kd]
Peruano1989: folds 
ascaron1st: folds 
sparky1037: folds 
Lorpugo: raises $0.03 to $0.05
Pilo54: calls $0.04
Daws980: folds 
*** FLOP *** [3d 9d 6h]
Pilo54: checks 
Lorpugo: checks 
*** TURN *** [3d 9d 6h] [4h]
Pilo54: checks 
Lorpugo: bets $0.08
Pilo54: calls $0.08
*** RIVER *** [3d 9d 6h 4h] [2d]
Pilo54: checks 
Lorpugo: bets $0.18
Pilo54: folds 
Uncalled bet ($0.18) returned to Lorpugo
Lorpugo collected $0.27 from pot
Lorpugo: doesn't show hand 
*** SUMMARY ***
Total pot $0.28 | Rake $0.01 
Board [3d 9d 6h 4h 2d]
Seat 1: sparky1037 folded before Flop (didn't bet)
Seat 2: Lorpugo (button) collected ($0.27)
Seat 3: Pilo54 (small blind) folded on the River
Seat 4: Daws980 (big blind) folded before Flop
Seat 5: Peruano1989 folded before Flop (didn't bet)
Seat 6: ascaron1st folded before Flop (didn't bet)



PokerStars Hand #241325325324:  Hold'em No Limit ($0.01/$0.02 USD) - 2023/01/22 14:42:58 ET
Table 'Ostanina II' 6-max Seat #3 is the button
Seat 1: sparky1037 ($1.87 in chips) 
Seat 2: Lorpugo ($2.81 in chips) 
Seat 3: Pilo54 ($1.79 in chips) 
Seat 4: Daws980 ($1.99 in chips) 
Seat 5: Peruano1989 ($2.08 in chips) 
Seat 6: ascaron1st ($2.61 in chips) 
Daws980: posts small blind $0.01
Peruano1989: posts big blind $0.02
*** HOLE CARDS ***
Dealt to Lorpugo [4s 3c]
ascaron1st: folds 
sparky1037: calls $0.02
Lorpugo: folds 
Pilo54: folds 
Daws980: raises $0.06 to $0.08
Peruano1989: raises $0.19 to $0.27
sparky1037: calls $0.25
Daws980: folds 
*** FLOP *** [3s 7c 6c]
Peruano1989: bets $0.15
sparky1037: raises $0.15 to $0.30
Peruano1989: folds 
Uncalled bet ($0.15) returned to sparky1037
sparky1037 collected $0.89 from pot
sparky1037: doesn't show hand 
*** SUMMARY ***
Total pot $0.92 | Rake $0.03 
Board [3s 7c 6c]
Seat 1: sparky1037 collected ($0.89)
Seat 2: Lorpugo folded before Flop (didn't bet)
Seat 3: Pilo54 (button) folded before Flop (didn't bet)
Seat 4: Daws980 (small blind) folded before Flop
Seat 5: Peruano1989 (big blind) folded on the Flop
Seat 6: ascaron1st folded before Flop (didn't bet)



PokerStars Hand #241325356138:  Hold'em No Limit ($0.01/$0.02 USD) - 2023/01/22 14:44:01 ET
Table 'Ostanina II' 6-max Seat #4 is the button
Seat 1: sparky1037 ($2.34 in chips) 
Seat 2: Lorpugo ($2.81 in chips) 
Seat 3: Pilo54 ($1.79 in chips) 
Seat 4: Daws980 ($1.91 in chips) 
Seat 5: Peruano1989 ($2 in chips) 
Seat 6: ascaron1st ($2.61 in chips) 
Peruano1989: posts small blind $0.01
ascaron1st: posts big blind $0.02
*** HOLE CARDS ***
Dealt to Lorpugo [2s Jc]
sparky1037: calls $0.02
Lorpugo: folds 
Pilo54: calls $0.02
Daws980: raises $0.08 to $0.10
Peruano1989: folds 
ascaron1st: folds 
sparky1037: folds 
Pilo54: folds 
Uncalled bet ($0.08) returned to Daws980
Daws980 collected $0.09 from pot
Daws980: doesn't show hand 
*** SUMMARY ***
Total pot $0.09 | Rake $0 
Seat 1: sparky1037 folded before Flop
Seat 2: Lorpugo folded before Flop (didn't bet)
Seat 3: Pilo54 folded before Flop
Seat 4: Daws980 (button) collected ($0.09)
Seat 5: Peruano1989 (small blind) folded before Flop
Seat 6: ascaron1st (big blind) folded before Flop



PokerStars Hand #241325367402:  Hold'em No Limit ($0.01/$0.02 USD) - 2023/01/22 14:44:24 ET
Table 'Ostanina II' 6-max Seat #5 is the button
Seat 1: sparky1037 ($2.32 in chips) 
Seat 2: Lorpugo ($2.81 in chips) 
Seat 3: Pilo54 ($1.77 in chips) 
Seat 4: Daws980 ($1.98 in chips) 
Seat 5: Peruano1989 ($2 in chips) 
Seat 6: ascaron1st ($2.59 in chips) 
ascaron1st: posts small blind $0.01
sparky1037: posts big blind $0.02
*** HOLE CARDS ***
Dealt to Lorpugo [9c As]
Lorpugo: raises $0.02 to $0.04
Pilo54: folds 
Daws980: folds 
Peruano1989: folds 
ascaron1st: folds 
sparky1037: calls $0.02
*** FLOP *** [4h 8s Ks]
sparky1037: checks 
Lorpugo: bets $0.02
sparky1037: calls $0.02
*** TURN *** [4h 8s Ks] [Jh]
sparky1037: checks 
Lorpugo: checks 
*** RIVER *** [4h 8s Ks Jh] [Ad]
sparky1037: checks 
Lorpugo: bets $0.13
sparky1037: calls $0.13
*** SHOW DOWN ***
Lorpugo: shows [9c As] (a pair of Aces)
sparky1037: mucks hand 
Lorpugo collected $0.38 from pot
*** SUMMARY ***
Total pot $0.39 | Rake $0.01 
Board [4h 8s Ks Jh Ad]
Seat 1: sparky1037 (big blind) mucked [Ts Kd]
Seat 2: Lorpugo showed [9c As] and won ($0.38) with a pair of Aces
Seat 3: Pilo54 folded before Flop (didn't bet)
Seat 4: Daws980 folded before Flop (didn't bet)
Seat 5: Peruano1989 (button) folded before Flop (didn't bet)
Seat 6: ascaron1st (small blind) folded before Flop



PokerStars Hand #241325388540:  Hold'em No Limit ($0.01/$0.02 USD) - 2023/01/22 14:45:07 ET
Table 'Ostanina II' 6-max Seat #6 is the button
Seat 1: sparky1037 ($2.13 in chips) 
Seat 2: Lorpugo ($3 in chips) 
Seat 3: Pilo54 ($1.77 in chips) 
Seat 4: Daws980 ($1.98 in chips) 
Seat 5: Peruano1989 ($2 in chips) 
Seat 6: ascaron1st ($2.58 in chips) 
sparky1037: posts small blind $0.01
Lorpugo: posts big blind $0.02
*** HOLE CARDS ***
Dealt to Lorpugo [4s 8d]
Pilo54: folds 
Daws980: folds 
Peruano1989: folds 
ascaron1st: folds 
sparky1037: calls $0.01
Lorpugo: checks 
*** FLOP *** [9c Jh Ah]
sparky1037: checks 
Lorpugo: checks 
*** TURN *** [9c Jh Ah] [6h]
sparky1037: checks 
Lorpugo: checks 
*** RIVER *** [9c Jh Ah 6h] [4c]
sparky1037: bets $0.04
Lorpugo: folds 
Uncalled bet ($0.04) returned to sparky1037
sparky1037 collected $0.04 from pot
sparky1037: doesn't show hand 
*** SUMMARY ***
Total pot $0.04 | Rake $0 
Board [9c Jh Ah 6h 4c]
Seat 1: sparky1037 (small blind) collected ($0.04)
Seat 2: Lorpugo (big blind) folded on the River
Seat 3: Pilo54 folded before Flop (didn't bet)
Seat 4: Daws980 folded before Flop (didn't bet)
Seat 5: Peruano1989 folded before Flop (didn't bet)
Seat 6: ascaron1st (button) folded before Flop (didn't bet)



PokerStars Hand #241325407955:  Hold'em No Limit ($0.01/$0.02 USD) - 2023/01/22 14:45:48 ET
Table 'Ostanina II' 6-max Seat #1 is the button
Seat 1: sparky1037 ($2.15 in chips) 
Seat 2: Lorpugo ($2.98 in chips) 
Seat 3: Pilo54 ($1.77 in chips) 
Seat 4: Daws980 ($1.98 in chips) 
Seat 5: Peruano1989 ($2 in chips) 
Seat 6: ascaron1st ($2.58 in chips) 
Lorpugo: posts small blind $0.01
Pilo54: posts big blind $0.02
*** HOLE CARDS ***
Dealt to Lorpugo [9d 7h]
Daws980: folds 
Peruano1989: folds 
ascaron1st: raises $0.03 to $0.05
sparky1037: folds 
Lorpugo: calls $0.04
Pilo54: folds 
*** FLOP *** [2c 5c Qh]
Lorpugo: checks 
ascaron1st: bets $0.07
Lorpugo: folds 
Uncalled bet ($0.07) returned to ascaron1st
ascaron1st collected $0.12 from pot
ascaron1st: doesn't show hand 
*** SUMMARY ***
Total pot $0.12 | Rake $0 
Board [2c 5c Qh]
Seat 1: sparky1037 (button) folded before Flop (didn't bet)
Seat 2: Lorpugo (small blind) folded on the Flop
Seat 3: Pilo54 (big blind) folded before Flop
Seat 4: Daws980 folded before Flop (didn't bet)
Seat 5: Peruano1989 folded before Flop (didn't bet)
Seat 6: ascaron1st collected ($0.12)



PokerStars Hand #241325419619:  Hold'em No Limit ($0.01/$0.02 USD) - 2023/01/22 14:46:11 ET
Table 'Ostanina II' 6-max Seat #2 is the button
Seat 1: sparky1037 ($2.15 in chips) 
Seat 2: Lorpugo ($2.93 in chips) 
Seat 3: Pilo54 ($1.75 in chips) 
Seat 4: Daws980 ($1.98 in chips) 
Seat 5: Peruano1989 ($2 in chips) 
Seat 6: ascaron1st ($2.65 in chips) 
Pilo54: posts small blind $0.01
Daws980: posts big blind $0.02
*** HOLE CARDS ***
Dealt to Lorpugo [5s 7s]
Peruano1989: folds 
ascaron1st: raises $0.03 to $0.05
sparky1037: calls $0.05
Lorpugo: calls $0.05
Pilo54: folds 
Daws980: folds 
*** FLOP *** [3h Ac 6c]
ascaron1st: checks 
sparky1037: checks 
Lorpugo: bets $0.06
ascaron1st: folds 
sparky1037: calls $0.06
*** TURN *** [3h Ac 6c] [5h]
sparky1037: checks 
Lorpugo: checks 
*** RIVER *** [3h Ac 6c 5h] [4c]
sparky1037: bets $0.14
Lorpugo: calls $0.14
*** SHOW DOWN ***
sparky1037: shows [Tc Th] (a pair of Tens)
Lorpugo: shows [5s 7s] (a straight, Three to Seven)
Lorpugo collected $0.56 from pot
*** SUMMARY ***
Total pot $0.58 | Rake $0.02 
Board [3h Ac 6c 5h 4c]
Seat 1: sparky1037 showed [Tc Th] and lost with a pair of Tens
Seat 2: Lorpugo (button) showed [5s 7s] and won ($0.56) with a straight, Three to Seven
Seat 3: Pilo54 (small blind) folded before Flop
Seat 4: Daws980 (big blind) folded before Flop
Seat 5: Peruano1989 folded before Flop (didn't bet)
Seat 6: ascaron1st folded on the Flop



PokerStars Hand #241325441399:  Hold'em No Limit ($0.01/$0.02 USD) - 2023/01/22 14:46:56 ET
Table 'Ostanina II' 6-max Seat #3 is the button
Seat 1: sparky1037 ($1.90 in chips) 
Seat 2: Lorpugo ($3.24 in chips) 
Seat 3: Pilo54 ($1.74 in chips) 
Seat 4: Daws980 ($1.96 in chips) 
Seat 5: Peruano1989 ($2 in chips) 
Seat 6: ascaron1st ($2.60 in chips) 
Daws980: posts small blind $0.01
Peruano1989: posts big blind $0.02
*** HOLE CARDS ***
Dealt to Lorpugo [2h Td]
ascaron1st: folds 
sparky1037: folds 
Lorpugo: folds 
Pilo54: raises $0.02 to $0.04
Daws980: folds 
Peruano1989: folds 
Uncalled bet ($0.02) returned to Pilo54
Pilo54 collected $0.05 from pot
Pilo54: doesn't show hand 
*** SUMMARY ***
Total pot $0.05 | Rake $0 
Seat 1: sparky1037 folded before Flop (didn't bet)
Seat 2: Lorpugo folded before Flop (didn't bet)
Seat 3: Pilo54 (button) collected ($0.05)
Seat 4: Daws980 (small blind) folded before Flop
Seat 5: Peruano1989 (big blind) folded before Flop
Seat 6: ascaron1st folded before Flop (didn't bet)



PokerStars Hand #241325450092:  Hold'em No Limit ($0.01/$0.02 USD) - 2023/01/22 14:47:14 ET
Table 'Ostanina II' 6-max Seat #4 is the button
Seat 1: sparky1037 ($1.90 in chips) 
Seat 2: Lorpugo ($3.24 in chips) 
Seat 3: Pilo54 ($1.77 in chips) 
Seat 4: Daws980 ($1.95 in chips) 
Seat 5: Peruano1989 ($2 in chips) 
Seat 6: ascaron1st ($2.60 in chips) 
Peruano1989: posts small blind $0.01
ascaron1st: posts big blind $0.02
*** HOLE CARDS ***
Dealt to Lorpugo [9h Kc]
sparky1037: calls $0.02
Lorpugo: folds 
Pilo54: calls $0.02
Daws980: folds 
Peruano1989: folds 
ascaron1st: checks 
*** FLOP *** [Ad Qd 4d]
ascaron1st: checks 
sparky1037: checks 
Pilo54: bets $0.04
ascaron1st: folds 
sparky1037: folds 
Uncalled bet ($0.04) returned to Pilo54
Pilo54 collected $0.07 from pot
Pilo54: doesn't show hand 
*** SUMMARY ***
Total pot $0.07 | Rake $0 
Board [Ad Qd 4d]
Seat 1: sparky1037 folded on the Flop
Seat 2: Lorpugo folded before Flop (didn't bet)
Seat 3: Pilo54 collected ($0.07)
Seat 4: Daws980 (button) folded before Flop (didn't bet)
Seat 5: Peruano1989 (small blind) folded before Flop
Seat 6: ascaron1st (big blind) folded on the Flop



PokerStars Hand #241325466871:  Hold'em No Limit ($0.01/$0.02 USD) - 2023/01/22 14:47:49 ET
Table 'Ostanina II' 6-max Seat #5 is the button
Seat 1: sparky1037 ($1.88 in chips) 
Seat 2: Lorpugo ($3.24 in chips) 
Seat 3: Pilo54 ($1.82 in chips) 
Seat 4: Daws980 ($1.95 in chips) 
Seat 5: Peruano1989 ($2 in chips) 
Seat 6: ascaron1st ($2.58 in chips) 
ascaron1st: posts small blind $0.01
sparky1037: posts big blind $0.02
*** HOLE CARDS ***
Dealt to Lorpugo [3h Qh]
Lorpugo: folds 
Pilo54: raises $0.02 to $0.04
Daws980: folds 
Peruano1989: folds 
ascaron1st: folds 
sparky1037: folds 
Uncalled bet ($0.02) returned to Pilo54
Pilo54 collected $0.05 from pot
Pilo54: doesn't show hand 
*** SUMMARY ***
Total pot $0.05 | Rake $0 
Seat 1: sparky1037 (big blind) folded before Flop
Seat 2: Lorpugo folded before Flop (didn't bet)
Seat 3: Pilo54 collected ($0.05)
Seat 4: Daws980 folded before Flop (didn't bet)
Seat 5: Peruano1989 (button) folded before Flop (didn't bet)
Seat 6: ascaron1st (small blind) folded before Flop



PokerStars Hand #241325471672:  Hold'em No Limit ($0.01/$0.02 USD) - 2023/01/22 14:47:59 ET
Table 'Ostanina II' 6-max Seat #6 is the button
Seat 1: sparky1037 ($1.86 in chips) 
Seat 2: Lorpugo ($3.24 in chips) 
Seat 3: Pilo54 ($1.85 in chips) 
Seat 4: Daws980 ($1.95 in chips) 
Seat 5: Peruano1989 ($2 in chips) 
Seat 6: ascaron1st ($2.57 in chips) 
sparky1037: posts small blind $0.01
Lorpugo: posts big blind $0.02
*** HOLE CARDS ***
Dealt to Lorpugo [Ah 2c]
Pilo54: raises $0.02 to $0.04
Daws980: raises $0.10 to $0.14
Peruano1989: folds 
ascaron1st: folds 
sparky1037: folds 
Lorpugo: folds 
Pilo54: folds 
Uncalled bet ($0.10) returned to Daws980
Daws980 collected $0.11 from pot
Daws980: doesn't show hand 
*** SUMMARY ***
Total pot $0.11 | Rake $0 
Seat 1: sparky1037 (small blind) folded before Flop
Seat 2: Lorpugo (big blind) folded before Flop
Seat 3: Pilo54 folded before Flop
Seat 4: Daws980 collected ($0.11)
Seat 5: Peruano1989 folded before Flop (didn't bet)
Seat 6: ascaron1st (button) folded before Flop (didn't bet)



PokerStars Hand #241325479968:  Hold'em No Limit ($0.01/$0.02 USD) - 2023/01/22 14:48:16 ET
Table 'Ostanina II' 6-max Seat #1 is the button
Seat 1: sparky1037 ($1.85 in chips) 
Seat 2: Lorpugo ($3.22 in chips) 
Seat 3: Pilo54 ($1.81 in chips) 
Seat 4: Daws980 ($2.02 in chips) 
Seat 5: Peruano1989 ($2 in chips) 
Seat 6: ascaron1st ($2.57 in chips) 
Lorpugo: posts small blind $0.01
Pilo54: posts big blind $0.02
*** HOLE CARDS ***
Dealt to Lorpugo [8s Qh]
Daws980: raises $0.04 to $0.06
Peruano1989: folds 
ascaron1st: raises $0.20 to $0.26
sparky1037: folds 
Lorpugo: folds 
Pilo54: folds 
Daws980: folds 
Uncalled bet ($0.20) returned to ascaron1st
ascaron1st collected $0.15 from pot
ascaron1st: doesn't show hand 
*** SUMMARY ***
Total pot $0.15 | Rake $0 
Seat 1: sparky1037 (button) folded before Flop (didn't bet)
Seat 2: Lorpugo (small blind) folded before Flop
Seat 3: Pilo54 (big blind) folded before Flop
Seat 4: Daws980 folded before Flop
Seat 5: Peruano1989 folded before Flop (didn't bet)
Seat 6: ascaron1st collected ($0.15)



PokerStars Hand #241325491536:  Hold'em No Limit ($0.01/$0.02 USD) - 2023/01/22 14:48:40 ET
Table 'Ostanina II' 6-max Seat #2 is the button
Seat 1: sparky1037 ($1.85 in chips) 
Seat 2: Lorpugo ($3.21 in chips) 
Seat 3: Pilo54 ($1.79 in chips) 
Seat 4: Daws980 ($1.96 in chips) 
Seat 5: Peruano1989 ($2 in chips) 
Seat 6: ascaron1st ($2.66 in chips) 
Pilo54: posts small blind $0.01
Daws980: posts big blind $0.02
*** HOLE CARDS ***
Dealt to Lorpugo [Ks 3h]
Peruano1989: raises $0.03 to $0.05
ascaron1st: folds 
sparky1037: folds 
Lorpugo: folds 
Pilo54: folds 
Daws980: folds 
Uncalled bet ($0.03) returned to Peruano1989
Peruano1989 collected $0.05 from pot
Peruano1989: doesn't show hand 
*** SUMMARY ***
Total pot $0.05 | Rake $0 
Seat 1: sparky1037 folded before Flop (didn't bet)
Seat 2: Lorpugo (button) folded before Flop (didn't bet)
Seat 3: Pilo54 (small blind) folded before Flop
Seat 4: Daws980 (big blind) folded before Flop
Seat 5: Peruano1989 collected ($0.05)
Seat 6: ascaron1st folded before Flop (didn't bet)



PokerStars Hand #241325504278:  Hold'em No Limit ($0.01/$0.02 USD) - 2023/01/22 14:49:06 ET
Table 'Ostanina II' 6-max Seat #3 is the button
Seat 1: sparky1037 ($1.85 in chips) 
Seat 2: Lorpugo ($3.21 in chips) 
Seat 3: Pilo54 ($1.78 in chips) 
Seat 4: Daws980 ($1.94 in chips) 
Seat 5: Peruano1989 ($2.03 in chips) 
Seat 6: ascaron1st ($2.66 in chips) 
Daws980: posts small blind $0.01
Peruano1989: posts big blind $0.02
*** HOLE CARDS ***
Dealt to Lorpugo [2c 5c]
ascaron1st: folds 
sparky1037: folds 
Lorpugo: folds 
Pilo54: folds 
Daws980: raises $0.04 to $0.06
Peruano1989: calls $0.04
*** FLOP *** [4d 6d Ac]
Daws980: bets $0.08
Peruano1989: folds 
Uncalled bet ($0.08) returned to Daws980
Daws980 collected $0.12 from pot
Daws980: doesn't show hand 
*** SUMMARY ***
Total pot $0.12 | Rake $0 
Board [4d 6d Ac]
Seat 1: sparky1037 folded before Flop (didn't bet)
Seat 2: Lorpugo folded before Flop (didn't bet)
Seat 3: Pilo54 (button) folded before Flop (didn't bet)
Seat 4: Daws980 (small blind) collected ($0.12)
Seat 5: Peruano1989 (big blind) folded on the Flop
Seat 6: ascaron1st folded before Flop (didn't bet)



PokerStars Hand #241325523991:  Hold'em No Limit ($0.01/$0.02 USD) - 2023/01/22 14:49:47 ET
Table 'Ostanina II' 6-max Seat #4 is the button
Seat 1: sparky1037 ($1.85 in chips) 
Seat 2: Lorpugo ($3.21 in chips) 
Seat 3: Pilo54 ($1.78 in chips) 
Seat 4: Daws980 ($2 in chips) 
Seat 5: Peruano1989 ($2 in chips) 
Seat 6: ascaron1st ($2.66 in chips) 
Peruano1989: posts small blind $0.01
ascaron1st: posts big blind $0.02
*** HOLE CARDS ***
Dealt to Lorpugo [7c 4h]
sparky1037: calls $0.02
Lorpugo: folds 
Pilo54: calls $0.02
Daws980: folds 
Peruano1989: folds 
ascaron1st: raises $0.08 to $0.10
sparky1037: folds 
Pilo54: folds 
Uncalled bet ($0.08) returned to ascaron1st
ascaron1st collected $0.07 from pot
ascaron1st: doesn't show hand 
*** SUMMARY ***
Total pot $0.07 | Rake $0 
Seat 1: sparky1037 folded before Flop
Seat 2: Lorpugo folded before Flop (didn't bet)
Seat 3: Pilo54 folded before Flop
Seat 4: Daws980 (button) folded before Flop (didn't bet)
Seat 5: Peruano1989 (small blind) folded before Flop
Seat 6: ascaron1st (big blind) collected ($0.07)



PokerStars Hand #241325539763:  Hold'em No Limit ($0.01/$0.02 USD) - 2023/01/22 14:50:20 ET
Table 'Ostanina II' 6-max Seat #5 is the button
Seat 1: sparky1037 ($1.83 in chips) 
Seat 2: Lorpugo ($3.21 in chips) 
Seat 3: Pilo54 ($1.76 in chips) 
Seat 4: Daws980 ($2 in chips) 
Seat 5: Peruano1989 ($2 in chips) 
Seat 6: ascaron1st ($2.71 in chips) 
ascaron1st: posts small blind $0.01
sparky1037: posts big blind $0.02
*** HOLE CARDS ***
Dealt to Lorpugo [6h 3d]
Lorpugo: folds 
Pilo54: folds 
Daws980: folds 
Peruano1989: folds 
ascaron1st: raises $0.04 to $0.06
sparky1037: calls $0.04
*** FLOP *** [Ts 7c 5c]
ascaron1st: bets $0.04
sparky1037: folds 
Uncalled bet ($0.04) returned to ascaron1st
ascaron1st collected $0.12 from pot
ascaron1st: doesn't show hand 
*** SUMMARY ***
Total pot $0.12 | Rake $0 
Board [Ts 7c 5c]
Seat 1: sparky1037 (big blind) folded on the Flop
Seat 2: Lorpugo folded before Flop (didn't bet)
Seat 3: Pilo54 folded before Flop (didn't bet)
Seat 4: Daws980 folded before Flop (didn't bet)
Seat 5: Peruano1989 (button) folded before Flop (didn't bet)
Seat 6: ascaron1st (small blind) collected ($0.12)



PokerStars Hand #241325550525:  Hold'em No Limit ($0.01/$0.02 USD) - 2023/01/22 14:50:42 ET
Table 'Ostanina II' 6-max Seat #6 is the button
Seat 1: sparky1037 ($1.77 in chips) 
Seat 2: Lorpugo ($3.21 in chips) 
Seat 3: Pilo54 ($1.76 in chips) 
Seat 4: Daws980 ($2 in chips) 
Seat 5: Peruano1989 ($2 in chips) 
Seat 6: ascaron1st ($2.77 in chips) 
sparky1037: posts small blind $0.01
Lorpugo: posts big blind $0.02
*** HOLE CARDS ***
Dealt to Lorpugo [6d 4c]
Pilo54: raises $0.02 to $0.04
Daws980: folds 
Peruano1989: raises $0.14 to $0.18
ascaron1st: folds 
sparky1037: folds 
Lorpugo: folds 
Pilo54: folds 
Uncalled bet ($0.14) returned to Peruano1989
Peruano1989 collected $0.11 from pot
Peruano1989: doesn't show hand 
*** SUMMARY ***
Total pot $0.11 | Rake $0 
Seat 1: sparky1037 (small blind) folded before Flop
Seat 2: Lorpugo (big blind) folded before Flop
Seat 3: Pilo54 folded before Flop
Seat 4: Daws980 folded before Flop (didn't bet)
Seat 5: Peruano1989 collected ($0.11)
Seat 6: ascaron1st (button) folded before Flop (didn't bet)



PokerStars Hand #241325559609:  Hold'em No Limit ($0.01/$0.02 USD) - 2023/01/22 14:51:01 ET
Table 'Ostanina II' 6-max Seat #1 is the button
Seat 1: sparky1037 ($1.76 in chips) 
Seat 2: Lorpugo ($3.19 in chips) 
Seat 3: Pilo54 ($1.72 in chips) 
Seat 4: Daws980 ($2 in chips) 
Seat 5: Peruano1989 ($2.07 in chips) 
Seat 6: ascaron1st ($2.77 in chips) 
Lorpugo: posts small blind $0.01
Pilo54: posts big blind $0.02
*** HOLE CARDS ***
Dealt to Lorpugo [Jc 4s]
Daws980: folds 
Peruano1989: raises $0.03 to $0.05
ascaron1st: folds 
sparky1037: folds 
Lorpugo: folds 
Pilo54: calls $0.03
*** FLOP *** [2c Tc 8h]
Pilo54: checks 
Peruano1989: checks 
*** TURN *** [2c Tc 8h] [Kh]
Pilo54: checks 
Peruano1989: bets $0.08
Pilo54: folds 
Uncalled bet ($0.08) returned to Peruano1989
Peruano1989 collected $0.11 from pot
Peruano1989: doesn't show hand 
*** SUMMARY ***
Total pot $0.11 | Rake $0 
Board [2c Tc 8h Kh]
Seat 1: sparky1037 (button) folded before Flop (didn't bet)
Seat 2: Lorpugo (small blind) folded before Flop
Seat 3: Pilo54 (big blind) folded on the Turn
Seat 4: Daws980 folded before Flop (didn't bet)
Seat 5: Peruano1989 collected ($0.11)
Seat 6: ascaron1st folded before Flop (didn't bet)



PokerStars Hand #241325574276:  Hold'em No Limit ($0.01/$0.02 USD) - 2023/01/22 14:51:31 ET
Table 'Ostanina II' 6-max Seat #2 is the button
Seat 1: sparky1037 ($1.76 in chips) 
Seat 2: Lorpugo ($3.18 in chips) 
Seat 3: Pilo54 ($1.67 in chips) 
Seat 4: Daws980 ($2 in chips) 
Seat 5: Peruano1989 ($2.13 in chips) 
Seat 6: ascaron1st ($2.77 in chips) 
Pilo54: posts small blind $0.01
Daws980: posts big blind $0.02
*** HOLE CARDS ***
Dealt to Lorpugo [3s Kh]
Peruano1989: folds 
ascaron1st: folds 
sparky1037: calls $0.02
Lorpugo: folds 
Pilo54: calls $0.01
Daws980: checks 
*** FLOP *** [2c Qh 5c]
Pilo54: bets $0.02
Daws980: calls $0.02
sparky1037: calls $0.02
*** TURN *** [2c Qh 5c] [Ac]
Pilo54: bets $0.06
Daws980: calls $0.06
sparky1037: calls $0.06
*** RIVER *** [2c Qh 5c Ac] [Ad]
Pilo54: bets $0.16
Daws980: folds 
sparky1037: calls $0.16
*** SHOW DOWN ***
Pilo54: shows [4c Qc] (a flush, Ace high)
sparky1037: mucks hand 
Pilo54 collected $0.60 from pot
*** SUMMARY ***
Total pot $0.62 | Rake $0.02 
Board [2c Qh 5c Ac Ad]
Seat 1: sparky1037 mucked [9c Ah]
Seat 2: Lorpugo (button) folded before Flop (didn't bet)
Seat 3: Pilo54 (small blind) showed [4c Qc] and won ($0.60) with a flush, Ace high
Seat 4: Daws980 (big blind) folded on the River
Seat 5: Peruano1989 folded before Flop (didn't bet)
Seat 6: ascaron1st folded before Flop (didn't bet)



PokerStars Hand #241325588764:  Hold'em No Limit ($0.01/$0.02 USD) - 2023/01/22 14:52:01 ET
Table 'Ostanina II' 6-max Seat #3 is the button
Seat 1: sparky1037 ($1.50 in chips) 
Seat 2: Lorpugo ($3.18 in chips) 
Seat 3: Pilo54 ($2.01 in chips) 
Seat 4: Daws980 ($1.90 in chips) 
Seat 5: Peruano1989 ($2.13 in chips) 
Seat 6: ascaron1st ($2.77 in chips) 
Daws980: posts small blind $0.01
Peruano1989: posts big blind $0.02
*** HOLE CARDS ***
Dealt to Lorpugo [Qs 6s]
ascaron1st: raises $0.03 to $0.05
sparky1037: folds 
Lorpugo: folds 
Pilo54: folds 
Daws980: folds 
Peruano1989: folds 
Uncalled bet ($0.03) returned to ascaron1st
ascaron1st collected $0.05 from pot
ascaron1st: doesn't show hand 
*** SUMMARY ***
Total pot $0.05 | Rake $0 
Seat 1: sparky1037 folded before Flop (didn't bet)
Seat 2: Lorpugo folded before Flop (didn't bet)
Seat 3: Pilo54 (button) folded before Flop (didn't bet)
Seat 4: Daws980 (small blind) folded before Flop
Seat 5: Peruano1989 (big blind) folded before Flop
Seat 6: ascaron1st collected ($0.05)



PokerStars Hand #241325594391:  Hold'em No Limit ($0.01/$0.02 USD) - 2023/01/22 14:52:13 ET
Table 'Ostanina II' 6-max Seat #4 is the button
Seat 1: sparky1037 ($1.50 in chips) 
Seat 2: Lorpugo ($3.18 in chips) 
Seat 3: Pilo54 ($2.01 in chips) 
Seat 4: Daws980 ($1.89 in chips) 
Seat 5: Peruano1989 ($2.11 in chips) 
Seat 6: ascaron1st ($2.80 in chips) 
Peruano1989: posts small blind $0.01
ascaron1st: posts big blind $0.02
*** HOLE CARDS ***
Dealt to Lorpugo [Jh 4h]
sparky1037: calls $0.02
Lorpugo: folds 
Pilo54: folds 
Daws980: raises $0.04 to $0.06
Peruano1989: folds 
ascaron1st: folds 
sparky1037: calls $0.04
*** FLOP *** [Tc 7h Qc]
sparky1037: checks 
Daws980: bets $0.06
sparky1037: folds 
Uncalled bet ($0.06) returned to Daws980
Daws980 collected $0.14 from pot
Daws980: doesn't show hand 
*** SUMMARY ***
Total pot $0.15 | Rake $0.01 
Board [Tc 7h Qc]
Seat 1: sparky1037 folded on the Flop
Seat 2: Lorpugo folded before Flop (didn't bet)
Seat 3: Pilo54 folded before Flop (didn't bet)
Seat 4: Daws980 (button) collected ($0.14)
Seat 5: Peruano1989 (small blind) folded before Flop
Seat 6: ascaron1st (big blind) folded before Flop



PokerStars Hand #241325611757:  Hold'em No Limit ($0.01/$0.02 USD) - 2023/01/22 14:52:49 ET
Table 'Ostanina II' 6-max Seat #5 is the button
Seat 1: sparky1037 ($1.44 in chips) 
Seat 2: Lorpugo ($3.18 in chips) 
Seat 3: Pilo54 ($2.01 in chips) 
Seat 4: Daws980 ($1.97 in chips) 
Seat 5: Peruano1989 ($2.10 in chips) 
Seat 6: ascaron1st ($2.78 in chips) 
ascaron1st: posts small blind $0.01
sparky1037: posts big blind $0.02
*** HOLE CARDS ***
Dealt to Lorpugo [Jd Jc]
Lorpugo: raises $0.02 to $0.04
Pilo54: folds 
Daws980: folds 
Peruano1989: folds 
ascaron1st: folds 
sparky1037: calls $0.02
*** FLOP *** [Kd Th 9h]
sparky1037: checks 
Lorpugo: bets $0.02
sparky1037: calls $0.02
*** TURN *** [Kd Th 9h] [Jh]
sparky1037: checks 
Lorpugo: bets $0.02
sparky1037: raises $0.04 to $0.06
Lorpugo: calls $0.04
*** RIVER *** [Kd Th 9h Jh] [4c]
sparky1037: bets $0.12
Lorpugo: folds 
Uncalled bet ($0.12) returned to sparky1037
sparky1037 collected $0.24 from pot
sparky1037: doesn't show hand 
*** SUMMARY ***
Total pot $0.25 | Rake $0.01 
Board [Kd Th 9h Jh 4c]
Seat 1: sparky1037 (big blind) collected ($0.24)
Seat 2: Lorpugo folded on the River
Seat 3: Pilo54 folded before Flop (didn't bet)
Seat 4: Daws980 folded before Flop (didn't bet)
Seat 5: Peruano1989 (button) folded before Flop (didn't bet)
Seat 6: ascaron1st (small blind) folded before Flop



PokerStars Hand #241325631477:  Hold'em No Limit ($0.01/$0.02 USD) - 2023/01/22 14:53:29 ET
Table 'Ostanina II' 6-max Seat #6 is the button
Seat 1: sparky1037 ($1.56 in chips) 
Seat 2: Lorpugo ($3.06 in chips) 
Seat 3: Pilo54 ($2.01 in chips) 
Seat 4: Daws980 ($1.97 in chips) 
Seat 5: Peruano1989 ($2.10 in chips) 
Seat 6: ascaron1st ($2.77 in chips) 
sparky1037: posts small blind $0.01
Lorpugo: posts big blind $0.02
*** HOLE CARDS ***
Dealt to Lorpugo [8c As]
Pilo54: folds 
Daws980: folds 
Peruano1989: folds 
ascaron1st: folds 
sparky1037: calls $0.01
Lorpugo: raises $0.10 to $0.12
sparky1037: folds 
Uncalled bet ($0.10) returned to Lorpugo
Lorpugo collected $0.04 from pot
Lorpugo: doesn't show hand 
*** SUMMARY ***
Total pot $0.04 | Rake $0 
Seat 1: sparky1037 (small blind) folded before Flop
Seat 2: Lorpugo (big blind) collected ($0.04)
Seat 3: Pilo54 folded before Flop (didn't bet)
Seat 4: Daws980 folded before Flop (didn't bet)
Seat 5: Peruano1989 folded before Flop (didn't bet)
Seat 6: ascaron1st (button) folded before Flop (didn't bet)



PokerStars Hand #241325642317:  Hold'em No Limit ($0.01/$0.02 USD) - 2023/01/22 14:53:52 ET
Table 'Ostanina II' 6-max Seat #1 is the button
Seat 1: sparky1037 ($1.54 in chips) 
Seat 2: Lorpugo ($3.08 in chips) 
Seat 3: Pilo54 ($2.01 in chips) 
Seat 4: Daws980 ($1.97 in chips) 
Seat 5: Peruano1989 ($2.10 in chips) 
Seat 6: ascaron1st ($2.77 in chips) 
Lorpugo: posts small blind $0.01
Pilo54: posts big blind $0.02
*** HOLE CARDS ***
Dealt to Lorpugo [4c Qs]
Daws980: folds 
Peruano1989: raises $0.03 to $0.05
ascaron1st: calls $0.05
sparky1037: calls $0.05
Lorpugo: folds 
Pilo54: folds 
*** FLOP *** [4d 3s Ks]
Peruano1989: checks 
ascaron1st: checks 
sparky1037: checks 
*** TURN *** [4d 3s Ks] [Ac]
Peruano1989: bets $0.05
ascaron1st: raises $0.20 to $0.25
sparky1037: folds 
Peruano1989: folds 
Uncalled bet ($0.20) returned to ascaron1st
ascaron1st collected $0.27 from pot
ascaron1st: doesn't show hand 
*** SUMMARY ***
Total pot $0.28 | Rake $0.01 
Board [4d 3s Ks Ac]
Seat 1: sparky1037 (button) folded on the Turn
Seat 2: Lorpugo (small blind) folded before Flop
Seat 3: Pilo54 (big blind) folded before Flop
Seat 4: Daws980 folded before Flop (didn't bet)
Seat 5: Peruano1989 folded on the Turn
Seat 6: ascaron1st collected ($0.27)



PokerStars Hand #241325668282:  Hold'em No Limit ($0.01/$0.02 USD) - 2023/01/22 14:54:46 ET
Table 'Ostanina II' 6-max Seat #2 is the button
Seat 1: sparky1037 ($1.49 in chips) 
Seat 2: Lorpugo ($3.07 in chips) 
Seat 3: Pilo54 ($1.99 in chips) 
Seat 4: Daws980 ($1.97 in chips) 
Seat 5: Peruano1989 ($2 in chips) 
Seat 6: ascaron1st ($2.94 in chips) 
Pilo54: posts small blind $0.01
Daws980: posts big blind $0.02
*** HOLE CARDS ***
Dealt to Lorpugo [7h 9h]
Peruano1989: folds 
ascaron1st: folds 
sparky1037: calls $0.02
Lorpugo: raises $0.07 to $0.09
Pilo54: folds 
Daws980: folds 
sparky1037: raises $0.07 to $0.16
Lorpugo: calls $0.07
*** FLOP *** [Js Th Ah]
sparky1037: checks 
Lorpugo: checks 
*** TURN *** [Js Th Ah] [Jd]
sparky1037: bets $0.08
Lorpugo: calls $0.08
*** RIVER *** [Js Th Ah Jd] [2c]
sparky1037: bets $0.25
Lorpugo: folds 
Uncalled bet ($0.25) returned to sparky1037
sparky1037 collected $0.49 from pot
sparky1037: doesn't show hand 
*** SUMMARY ***
Total pot $0.51 | Rake $0.02 
Board [Js Th Ah Jd 2c]
Seat 1: sparky1037 collected ($0.49)
Seat 2: Lorpugo (button) folded on the River
Seat 3: Pilo54 (small blind) folded before Flop
Seat 4: Daws980 (big blind) folded before Flop
Seat 5: Peruano1989 folded before Flop (didn't bet)
Seat 6: ascaron1st folded before Flop (didn't bet)



PokerStars Hand #241325691100:  Hold'em No Limit ($0.01/$0.02 USD) - 2023/01/22 14:55:43 ET
Table 'Ostanina II' 6-max Seat #3 is the button
Seat 1: sparky1037 ($1.74 in chips) 
Seat 2: Lorpugo ($2.83 in chips) 
Seat 3: Pilo54 ($1.98 in chips) 
Seat 4: Daws980 ($1.95 in chips) 
Seat 5: Peruano1989 ($2 in chips) 
Seat 6: ascaron1st ($2.94 in chips) 
Daws980: posts small blind $0.01
Peruano1989: posts big blind $0.02
*** HOLE CARDS ***
Dealt to Lorpugo [3d 7s]
ascaron1st: folds 
sparky1037: calls $0.02
Lorpugo: folds 
Pilo54: folds 
Daws980: folds 
Peruano1989: checks 
*** FLOP *** [Jd Kh Kd]
Peruano1989: checks 
sparky1037: bets $0.02
Peruano1989: calls $0.02
*** TURN *** [Jd Kh Kd] [Ts]
Peruano1989: checks 
sparky1037: bets $0.04
Peruano1989: calls $0.04
*** RIVER *** [Jd Kh Kd Ts] [Ad]
Peruano1989: checks 
sparky1037: bets $0.08
Peruano1989: folds 
Uncalled bet ($0.08) returned to sparky1037
sparky1037 collected $0.16 from pot
sparky1037: doesn't show hand 
*** SUMMARY ***
Total pot $0.17 | Rake $0.01 
Board [Jd Kh Kd Ts Ad]
Seat 1: sparky1037 collected ($0.16)
Seat 2: Lorpugo folded before Flop (didn't bet)
Seat 3: Pilo54 (button) folded before Flop (didn't bet)
Seat 4: Daws980 (small blind) folded before Flop
Seat 5: Peruano1989 (big blind) folded on the River
Seat 6: ascaron1st folded before Flop (didn't bet)



