PokerStars Hand #241345119243:  Hold'em No Limit ($0.01/$0.02 USD) - 2023/01/23 13:05:13 ET
Table 'Sita II' 6-max Seat #2 is the button
Seat 2: QUE-SE-FUNDA ($2 in chips) 
Seat 3: @Mylatka@88 ($1.45 in chips) 
Seat 4: Lorpugo ($1.60 in chips) 
Seat 5: NinnaBella ($3.24 in chips) 
Seat 6: Klippen#1 ($3.03 in chips) 
@Mylatka@88: posts small blind $0.01
Lorpugo: posts big blind $0.02
*** HOLE CARDS ***
Dealt to Lorpugo [As 7d]
NinnaBella: raises $0.03 to $0.05
Klippen#1: folds 
QUE-SE-FUNDA: folds 
@Mylatka@88: folds 
Lorpugo: folds 
Uncalled bet ($0.03) returned to NinnaBella
NinnaBella collected $0.05 from pot
NinnaBella: doesn't show hand 
*** SUMMARY ***
Total pot $0.05 | Rake $0 
Seat 2: QUE-SE-FUNDA (button) folded before Flop (didn't bet)
Seat 3: @Mylatka@88 (small blind) folded before Flop
Seat 4: Lorpugo (big blind) folded before Flop
Seat 5: NinnaBella collected ($0.05)
Seat 6: Klippen#1 folded before Flop (didn't bet)



PokerStars Hand #241345129681:  Hold'em No Limit ($0.01/$0.02 USD) - 2023/01/23 13:05:42 ET
Table 'Sita II' 6-max Seat #3 is the button
Seat 1: izgubljeni ($1.64 in chips) 
Seat 2: QUE-SE-FUNDA ($2 in chips) 
Seat 3: @Mylatka@88 ($1.44 in chips) 
Seat 4: Lorpugo ($1.58 in chips) 
Seat 5: NinnaBella ($3.27 in chips) 
Seat 6: Klippen#1 ($3.03 in chips) 
Lorpugo: posts small blind $0.01
NinnaBella: posts big blind $0.02
izgubljeni: posts small & big blinds $0.03
*** HOLE CARDS ***
Dealt to Lorpugo [7h 2h]
Klippen#1: raises $0.04 to $0.06
izgubljeni: folds 
QUE-SE-FUNDA: calls $0.06
@Mylatka@88: folds 
Lorpugo: folds 
NinnaBella: folds 
*** FLOP *** [2s 2c Kd]
Klippen#1: checks 
QUE-SE-FUNDA: checks 
*** TURN *** [2s 2c Kd] [Kc]
Klippen#1: checks 
QUE-SE-FUNDA: checks 
*** RIVER *** [2s 2c Kd Kc] [6d]
Klippen#1: bets $0.09
QUE-SE-FUNDA: calls $0.09
*** SHOW DOWN ***
Klippen#1: shows [As 8c] (two pair, Kings and Deuces)
QUE-SE-FUNDA: shows [7d 6s] (two pair, Kings and Sixes)
QUE-SE-FUNDA collected $0.35 from pot
*** SUMMARY ***
Total pot $0.36 | Rake $0.01 
Board [2s 2c Kd Kc 6d]
Seat 1: izgubljeni folded before Flop (didn't bet)
Seat 2: QUE-SE-FUNDA showed [7d 6s] and won ($0.35) with two pair, Kings and Sixes
Seat 3: @Mylatka@88 (button) folded before Flop (didn't bet)
Seat 4: Lorpugo (small blind) folded before Flop
Seat 5: NinnaBella (big blind) folded before Flop
Seat 6: Klippen#1 showed [As 8c] and lost with two pair, Kings and Deuces



PokerStars Hand #241345141912:  Hold'em No Limit ($0.01/$0.02 USD) - 2023/01/23 13:06:15 ET
Table 'Sita II' 6-max Seat #4 is the button
Seat 1: izgubljeni ($1.61 in chips) 
Seat 2: QUE-SE-FUNDA ($2.20 in chips) 
Seat 3: @Mylatka@88 ($1.44 in chips) 
Seat 4: Lorpugo ($1.57 in chips) 
Seat 5: NinnaBella ($3.25 in chips) 
Seat 6: Klippen#1 ($2.88 in chips) 
NinnaBella: posts small blind $0.01
Klippen#1: posts big blind $0.02
*** HOLE CARDS ***
Dealt to Lorpugo [9d As]
izgubljeni: calls $0.02
QUE-SE-FUNDA: raises $0.06 to $0.08
@Mylatka@88: calls $0.08
Lorpugo: folds 
NinnaBella: folds 
Klippen#1: calls $0.06
izgubljeni: folds 
*** FLOP *** [Ac 3s Th]
Klippen#1: checks 
QUE-SE-FUNDA: checks 
@Mylatka@88: bets $0.13
Klippen#1: folds 
QUE-SE-FUNDA: folds 
Uncalled bet ($0.13) returned to @Mylatka@88
@Mylatka@88 collected $0.26 from pot
*** SUMMARY ***
Total pot $0.27 | Rake $0.01 
Board [Ac 3s Th]
Seat 1: izgubljeni folded before Flop
Seat 2: QUE-SE-FUNDA folded on the Flop
Seat 3: @Mylatka@88 collected ($0.26)
Seat 4: Lorpugo (button) folded before Flop (didn't bet)
Seat 5: NinnaBella (small blind) folded before Flop
Seat 6: Klippen#1 (big blind) folded on the Flop



PokerStars Hand #241345157740:  Hold'em No Limit ($0.01/$0.02 USD) - 2023/01/23 13:06:58 ET
Table 'Sita II' 6-max Seat #5 is the button
Seat 1: izgubljeni ($1.59 in chips) 
Seat 2: QUE-SE-FUNDA ($2.12 in chips) 
Seat 3: @Mylatka@88 ($1.62 in chips) 
Seat 4: Lorpugo ($1.57 in chips) 
Seat 5: NinnaBella ($3.24 in chips) 
Seat 6: Klippen#1 ($2.80 in chips) 
Klippen#1: posts small blind $0.01
izgubljeni: posts big blind $0.02
*** HOLE CARDS ***
Dealt to Lorpugo [Qd Ks]
QUE-SE-FUNDA: folds 
@Mylatka@88: folds 
Lorpugo: raises $0.03 to $0.05
NinnaBella: folds 
Klippen#1: folds 
izgubljeni: calls $0.03
*** FLOP *** [4h Jc 2h]
izgubljeni: checks 
Lorpugo: bets $0.06
izgubljeni: folds 
Uncalled bet ($0.06) returned to Lorpugo
Lorpugo collected $0.11 from pot
Lorpugo: doesn't show hand 
*** SUMMARY ***
Total pot $0.11 | Rake $0 
Board [4h Jc 2h]
Seat 1: izgubljeni (big blind) folded on the Flop
Seat 2: QUE-SE-FUNDA folded before Flop (didn't bet)
Seat 3: @Mylatka@88 folded before Flop (didn't bet)
Seat 4: Lorpugo collected ($0.11)
Seat 5: NinnaBella (button) folded before Flop (didn't bet)
Seat 6: Klippen#1 (small blind) folded before Flop



PokerStars Hand #241345169592:  Hold'em No Limit ($0.01/$0.02 USD) - 2023/01/23 13:07:30 ET
Table 'Sita II' 6-max Seat #6 is the button
Seat 1: izgubljeni ($1.54 in chips) 
Seat 2: QUE-SE-FUNDA ($2.12 in chips) 
Seat 3: @Mylatka@88 ($1.62 in chips) 
Seat 4: Lorpugo ($1.63 in chips) 
Seat 5: NinnaBella ($3.24 in chips) 
Seat 6: Klippen#1 ($2.79 in chips) 
izgubljeni: posts small blind $0.01
QUE-SE-FUNDA: posts big blind $0.02
*** HOLE CARDS ***
Dealt to Lorpugo [6s Ac]
@Mylatka@88: folds 
Lorpugo: folds 
NinnaBella: raises $0.03 to $0.05
Klippen#1: folds 
izgubljeni: folds 
QUE-SE-FUNDA: calls $0.03
*** FLOP *** [9d 6c 5d]
QUE-SE-FUNDA: checks 
NinnaBella: checks 
*** TURN *** [9d 6c 5d] [Jd]
QUE-SE-FUNDA: checks 
NinnaBella: checks 
*** RIVER *** [9d 6c 5d Jd] [Kd]
QUE-SE-FUNDA: checks 
NinnaBella: bets $0.08
QUE-SE-FUNDA: folds 
Uncalled bet ($0.08) returned to NinnaBella
NinnaBella collected $0.11 from pot
NinnaBella: doesn't show hand 
*** SUMMARY ***
Total pot $0.11 | Rake $0 
Board [9d 6c 5d Jd Kd]
Seat 1: izgubljeni (small blind) folded before Flop
Seat 2: QUE-SE-FUNDA (big blind) folded on the River
Seat 3: @Mylatka@88 folded before Flop (didn't bet)
Seat 4: Lorpugo folded before Flop (didn't bet)
Seat 5: NinnaBella collected ($0.11)
Seat 6: Klippen#1 (button) folded before Flop (didn't bet)



PokerStars Hand #241345190856:  Hold'em No Limit ($0.01/$0.02 USD) - 2023/01/23 13:08:28 ET
Table 'Sita II' 6-max Seat #1 is the button
Seat 1: izgubljeni ($1.53 in chips) 
Seat 2: QUE-SE-FUNDA ($2.07 in chips) 
Seat 3: @Mylatka@88 ($1.62 in chips) 
Seat 4: Lorpugo ($1.63 in chips) 
Seat 5: NinnaBella ($3.30 in chips) 
Seat 6: Klippen#1 ($2.79 in chips) 
QUE-SE-FUNDA: posts small blind $0.01
@Mylatka@88: posts big blind $0.02
*** HOLE CARDS ***
Dealt to Lorpugo [Ah 5c]
Lorpugo: folds 
NinnaBella: folds 
Klippen#1: raises $0.04 to $0.06
izgubljeni: folds 
QUE-SE-FUNDA: folds 
@Mylatka@88: folds 
Uncalled bet ($0.04) returned to Klippen#1
Klippen#1 collected $0.05 from pot
Klippen#1: doesn't show hand 
*** SUMMARY ***
Total pot $0.05 | Rake $0 
Seat 1: izgubljeni (button) folded before Flop (didn't bet)
Seat 2: QUE-SE-FUNDA (small blind) folded before Flop
Seat 3: @Mylatka@88 (big blind) folded before Flop
Seat 4: Lorpugo folded before Flop (didn't bet)
Seat 5: NinnaBella folded before Flop (didn't bet)
Seat 6: Klippen#1 collected ($0.05)



PokerStars Hand #241345202313:  Hold'em No Limit ($0.01/$0.02 USD) - 2023/01/23 13:09:00 ET
Table 'Sita II' 6-max Seat #2 is the button
Seat 1: izgubljeni ($1.53 in chips) 
Seat 2: QUE-SE-FUNDA ($2.06 in chips) 
Seat 3: @Mylatka@88 ($1.60 in chips) 
Seat 4: Lorpugo ($1.63 in chips) 
Seat 5: NinnaBella ($3.30 in chips) 
Seat 6: Klippen#1 ($2.82 in chips) 
@Mylatka@88: posts small blind $0.01
Lorpugo: posts big blind $0.02
*** HOLE CARDS ***
Dealt to Lorpugo [Kd Qs]
NinnaBella: folds 
Klippen#1: folds 
izgubljeni: folds 
QUE-SE-FUNDA: folds 
@Mylatka@88: calls $0.01
Lorpugo: raises $0.08 to $0.10
@Mylatka@88: calls $0.08
*** FLOP *** [3s 2d 9h]
@Mylatka@88: checks 
Lorpugo: checks 
*** TURN *** [3s 2d 9h] [3c]
@Mylatka@88: checks 
Lorpugo: checks 
*** RIVER *** [3s 2d 9h 3c] [6c]
@Mylatka@88: checks 
Lorpugo: checks 
*** SHOW DOWN ***
@Mylatka@88: shows [Ks Th] (a pair of Threes)
Lorpugo: shows [Kd Qs] (a pair of Threes - King+Queen kicker)
Lorpugo collected $0.19 from pot
*** SUMMARY ***
Total pot $0.20 | Rake $0.01 
Board [3s 2d 9h 3c 6c]
Seat 1: izgubljeni folded before Flop (didn't bet)
Seat 2: QUE-SE-FUNDA (button) folded before Flop (didn't bet)
Seat 3: @Mylatka@88 (small blind) showed [Ks Th] and lost with a pair of Threes
Seat 4: Lorpugo (big blind) showed [Kd Qs] and won ($0.19) with a pair of Threes
Seat 5: NinnaBella folded before Flop (didn't bet)
Seat 6: Klippen#1 folded before Flop (didn't bet)



PokerStars Hand #241345214959:  Hold'em No Limit ($0.01/$0.02 USD) - 2023/01/23 13:09:34 ET
Table 'Sita II' 6-max Seat #3 is the button
Seat 1: izgubljeni ($1.53 in chips) 
Seat 2: QUE-SE-FUNDA ($2.06 in chips) 
Seat 3: @Mylatka@88 ($1.50 in chips) 
Seat 4: Lorpugo ($1.72 in chips) 
Seat 5: NinnaBella ($3.30 in chips) 
Seat 6: Klippen#1 ($2.82 in chips) 
Lorpugo: posts small blind $0.01
NinnaBella: posts big blind $0.02
*** HOLE CARDS ***
Dealt to Lorpugo [4d 2h]
Klippen#1: folds 
izgubljeni: calls $0.02
QUE-SE-FUNDA: folds 
@Mylatka@88: raises $0.04 to $0.06
Lorpugo: folds 
NinnaBella: calls $0.04
izgubljeni: calls $0.04
*** FLOP *** [3c 7c Kc]
NinnaBella: checks 
izgubljeni: checks 
@Mylatka@88: checks 
*** TURN *** [3c 7c Kc] [Tc]
NinnaBella: checks 
izgubljeni: checks 
@Mylatka@88: checks 
*** RIVER *** [3c 7c Kc Tc] [8h]
NinnaBella: checks 
izgubljeni: checks 
@Mylatka@88: checks 
*** SHOW DOWN ***
NinnaBella: shows [4h Ad] (high card Ace)
izgubljeni: shows [8s Ts] (two pair, Tens and Eights)
@Mylatka@88: mucks hand 
izgubljeni collected $0.18 from pot
*** SUMMARY ***
Total pot $0.19 | Rake $0.01 
Board [3c 7c Kc Tc 8h]
Seat 1: izgubljeni showed [8s Ts] and won ($0.18) with two pair, Tens and Eights
Seat 2: QUE-SE-FUNDA folded before Flop (didn't bet)
Seat 3: @Mylatka@88 (button) mucked [Td 9s]
Seat 4: Lorpugo (small blind) folded before Flop
Seat 5: NinnaBella (big blind) showed [4h Ad] and lost with high card Ace
Seat 6: Klippen#1 folded before Flop (didn't bet)



PokerStars Hand #241345241960:  Hold'em No Limit ($0.01/$0.02 USD) - 2023/01/23 13:10:47 ET
Table 'Sita II' 6-max Seat #4 is the button
Seat 1: izgubljeni ($1.65 in chips) 
Seat 2: QUE-SE-FUNDA ($2.06 in chips) 
Seat 3: @Mylatka@88 ($1.44 in chips) 
Seat 4: Lorpugo ($1.71 in chips) 
Seat 5: NinnaBella ($3.24 in chips) 
Seat 6: Klippen#1 ($2.82 in chips) 
NinnaBella: posts small blind $0.01
Klippen#1: posts big blind $0.02
*** HOLE CARDS ***
Dealt to Lorpugo [5d 6s]
izgubljeni: folds 
QUE-SE-FUNDA: folds 
@Mylatka@88: folds 
Lorpugo: folds 
NinnaBella: folds 
Uncalled bet ($0.01) returned to Klippen#1
Klippen#1 collected $0.02 from pot
Klippen#1: doesn't show hand 
*** SUMMARY ***
Total pot $0.02 | Rake $0 
Seat 1: izgubljeni folded before Flop (didn't bet)
Seat 2: QUE-SE-FUNDA folded before Flop (didn't bet)
Seat 3: @Mylatka@88 folded before Flop (didn't bet)
Seat 4: Lorpugo (button) folded before Flop (didn't bet)
Seat 5: NinnaBella (small blind) folded before Flop
Seat 6: Klippen#1 (big blind) collected ($0.02)



PokerStars Hand #241345249002:  Hold'em No Limit ($0.01/$0.02 USD) - 2023/01/23 13:11:07 ET
Table 'Sita II' 6-max Seat #5 is the button
Seat 1: izgubljeni ($1.65 in chips) 
Seat 2: QUE-SE-FUNDA ($2.06 in chips) 
Seat 3: @Mylatka@88 ($1.44 in chips) 
Seat 4: Lorpugo ($1.71 in chips) 
Seat 5: NinnaBella ($3.23 in chips) 
Seat 6: Klippen#1 ($2.83 in chips) 
Klippen#1: posts small blind $0.01
izgubljeni: posts big blind $0.02
*** HOLE CARDS ***
Dealt to Lorpugo [Jc Kc]
QUE-SE-FUNDA: folds 
@Mylatka@88: folds 
Lorpugo: raises $0.03 to $0.05
NinnaBella: folds 
Klippen#1: folds 
izgubljeni: folds 
Uncalled bet ($0.03) returned to Lorpugo
Lorpugo collected $0.05 from pot
Lorpugo: doesn't show hand 
*** SUMMARY ***
Total pot $0.05 | Rake $0 
Seat 1: izgubljeni (big blind) folded before Flop
Seat 2: QUE-SE-FUNDA folded before Flop (didn't bet)
Seat 3: @Mylatka@88 folded before Flop (didn't bet)
Seat 4: Lorpugo collected ($0.05)
Seat 5: NinnaBella (button) folded before Flop (didn't bet)
Seat 6: Klippen#1 (small blind) folded before Flop



PokerStars Hand #241345257525:  Hold'em No Limit ($0.01/$0.02 USD) - 2023/01/23 13:11:30 ET
Table 'Sita II' 6-max Seat #6 is the button
Seat 1: izgubljeni ($1.63 in chips) 
Seat 2: QUE-SE-FUNDA ($2.06 in chips) 
Seat 3: @Mylatka@88 ($1.44 in chips) 
Seat 4: Lorpugo ($1.74 in chips) 
Seat 5: NinnaBella ($3.23 in chips) 
Seat 6: Klippen#1 ($2.82 in chips) 
izgubljeni: posts small blind $0.01
QUE-SE-FUNDA: posts big blind $0.02
*** HOLE CARDS ***
Dealt to Lorpugo [Ah 2h]
@Mylatka@88: folds 
Lorpugo: raises $0.03 to $0.05
NinnaBella: folds 
Klippen#1: calls $0.05
izgubljeni: folds 
QUE-SE-FUNDA: calls $0.03
*** FLOP *** [2d 7c Tc]
QUE-SE-FUNDA: checks 
Lorpugo: checks 
Klippen#1: bets $0.10
QUE-SE-FUNDA: folds 
Lorpugo: folds 
Uncalled bet ($0.10) returned to Klippen#1
Klippen#1 collected $0.15 from pot
Klippen#1: doesn't show hand 
*** SUMMARY ***
Total pot $0.16 | Rake $0.01 
Board [2d 7c Tc]
Seat 1: izgubljeni (small blind) folded before Flop
Seat 2: QUE-SE-FUNDA (big blind) folded on the Flop
Seat 3: @Mylatka@88 folded before Flop (didn't bet)
Seat 4: Lorpugo folded on the Flop
Seat 5: NinnaBella folded before Flop (didn't bet)
Seat 6: Klippen#1 (button) collected ($0.15)



PokerStars Hand #241345273428:  Hold'em No Limit ($0.01/$0.02 USD) - 2023/01/23 13:12:12 ET
Table 'Sita II' 6-max Seat #1 is the button
Seat 1: izgubljeni ($1.62 in chips) 
Seat 2: QUE-SE-FUNDA ($2.01 in chips) 
Seat 3: @Mylatka@88 ($1.44 in chips) 
Seat 4: Lorpugo ($1.69 in chips) 
Seat 5: NinnaBella ($3.23 in chips) 
Seat 6: Klippen#1 ($2.92 in chips) 
QUE-SE-FUNDA: posts small blind $0.01
@Mylatka@88: posts big blind $0.02
*** HOLE CARDS ***
Dealt to Lorpugo [4c 5c]
Lorpugo: folds 
NinnaBella: folds 
Klippen#1: raises $0.04 to $0.06
izgubljeni has timed out
izgubljeni: folds 
QUE-SE-FUNDA: folds 
@Mylatka@88: folds 
Uncalled bet ($0.04) returned to Klippen#1
Klippen#1 collected $0.05 from pot
Klippen#1: doesn't show hand 
*** SUMMARY ***
Total pot $0.05 | Rake $0 
Seat 1: izgubljeni (button) folded before Flop (didn't bet)
Seat 2: QUE-SE-FUNDA (small blind) folded before Flop
Seat 3: @Mylatka@88 (big blind) folded before Flop
Seat 4: Lorpugo folded before Flop (didn't bet)
Seat 5: NinnaBella folded before Flop (didn't bet)
Seat 6: Klippen#1 collected ($0.05)



PokerStars Hand #241345288418:  Hold'em No Limit ($0.01/$0.02 USD) - 2023/01/23 13:12:53 ET
Table 'Sita II' 6-max Seat #2 is the button
Seat 2: QUE-SE-FUNDA ($2 in chips) 
Seat 3: @Mylatka@88 ($1.42 in chips) 
Seat 4: Lorpugo ($1.69 in chips) 
Seat 5: NinnaBella ($3.23 in chips) 
Seat 6: Klippen#1 ($2.95 in chips) 
@Mylatka@88: posts small blind $0.01
Lorpugo: posts big blind $0.02
*** HOLE CARDS ***
Dealt to Lorpugo [6d 3s]
NinnaBella: folds 
Klippen#1: raises $0.04 to $0.06
QUE-SE-FUNDA: calls $0.06
@Mylatka@88: calls $0.05
Lorpugo: folds 
*** FLOP *** [9d 9h 6h]
@Mylatka@88: checks 
Klippen#1: checks 
QUE-SE-FUNDA: checks 
*** TURN *** [9d 9h 6h] [4h]
@Mylatka@88: checks 
Klippen#1: checks 
QUE-SE-FUNDA: checks 
*** RIVER *** [9d 9h 6h 4h] [As]
@Mylatka@88: checks 
Klippen#1: checks 
QUE-SE-FUNDA: checks 
*** SHOW DOWN ***
@Mylatka@88: shows [8h 7c] (a pair of Nines)
Klippen#1: shows [8c Ad] (two pair, Aces and Nines)
QUE-SE-FUNDA: shows [Ac Jd] (two pair, Aces and Nines - Jack kicker)
QUE-SE-FUNDA collected $0.19 from pot
*** SUMMARY ***
Total pot $0.20 | Rake $0.01 
Board [9d 9h 6h 4h As]
Seat 2: QUE-SE-FUNDA (button) showed [Ac Jd] and won ($0.19) with two pair, Aces and Nines
Seat 3: @Mylatka@88 (small blind) showed [8h 7c] and lost with a pair of Nines
Seat 4: Lorpugo (big blind) folded before Flop
Seat 5: NinnaBella folded before Flop (didn't bet)
Seat 6: Klippen#1 showed [8c Ad] and lost with two pair, Aces and Nines



PokerStars Hand #241345305706:  Hold'em No Limit ($0.01/$0.02 USD) - 2023/01/23 13:13:39 ET
Table 'Sita II' 6-max Seat #3 is the button
Seat 2: QUE-SE-FUNDA ($2.13 in chips) 
Seat 3: @Mylatka@88 ($1.36 in chips) 
Seat 4: Lorpugo ($1.67 in chips) 
Seat 5: NinnaBella ($3.23 in chips) 
Seat 6: Klippen#1 ($2.89 in chips) 
Lorpugo: posts small blind $0.01
NinnaBella: posts big blind $0.02
*** HOLE CARDS ***
Dealt to Lorpugo [9h 4d]
Klippen#1: folds 
QUE-SE-FUNDA: folds 
@Mylatka@88: folds 
Lorpugo: folds 
Uncalled bet ($0.01) returned to NinnaBella
NinnaBella collected $0.02 from pot
NinnaBella: doesn't show hand 
*** SUMMARY ***
Total pot $0.02 | Rake $0 
Seat 2: QUE-SE-FUNDA folded before Flop (didn't bet)
Seat 3: @Mylatka@88 (button) folded before Flop (didn't bet)
Seat 4: Lorpugo (small blind) folded before Flop
Seat 5: NinnaBella (big blind) collected ($0.02)
Seat 6: Klippen#1 folded before Flop (didn't bet)



PokerStars Hand #241345313318:  Hold'em No Limit ($0.01/$0.02 USD) - 2023/01/23 13:13:59 ET
Table 'Sita II' 6-max Seat #4 is the button
Seat 2: QUE-SE-FUNDA ($2.13 in chips) 
Seat 3: @Mylatka@88 ($1.36 in chips) 
Seat 4: Lorpugo ($1.66 in chips) 
Seat 5: NinnaBella ($3.24 in chips) 
Seat 6: Klippen#1 ($2.89 in chips) 
NinnaBella: posts small blind $0.01
Klippen#1: posts big blind $0.02
*** HOLE CARDS ***
Dealt to Lorpugo [Qd Ks]
QUE-SE-FUNDA: folds 
@Mylatka@88: folds 
Lorpugo: raises $0.03 to $0.05
NinnaBella: folds 
Klippen#1: folds 
Uncalled bet ($0.03) returned to Lorpugo
Lorpugo collected $0.05 from pot
Lorpugo: doesn't show hand 
*** SUMMARY ***
Total pot $0.05 | Rake $0 
Seat 2: QUE-SE-FUNDA folded before Flop (didn't bet)
Seat 3: @Mylatka@88 folded before Flop (didn't bet)
Seat 4: Lorpugo (button) collected ($0.05)
Seat 5: NinnaBella (small blind) folded before Flop
Seat 6: Klippen#1 (big blind) folded before Flop



PokerStars Hand #241345320245:  Hold'em No Limit ($0.01/$0.02 USD) - 2023/01/23 13:14:18 ET
Table 'Sita II' 6-max Seat #5 is the button
Seat 2: QUE-SE-FUNDA ($2.13 in chips) 
Seat 3: @Mylatka@88 ($1.36 in chips) 
Seat 4: Lorpugo ($1.69 in chips) 
Seat 5: NinnaBella ($3.23 in chips) 
Seat 6: Klippen#1 ($2.87 in chips) 
Klippen#1: posts small blind $0.01
QUE-SE-FUNDA: posts big blind $0.02
*** HOLE CARDS ***
Dealt to Lorpugo [As 2s]
@Mylatka@88: raises $0.04 to $0.06
Lorpugo: calls $0.06
NinnaBella: folds 
Klippen#1: folds 
QUE-SE-FUNDA: folds 
*** FLOP *** [Jc 3s 4d]
@Mylatka@88: bets $0.09
Lorpugo: calls $0.09
*** TURN *** [Jc 3s 4d] [6h]
@Mylatka@88: checks 
Lorpugo: bets $0.48
@Mylatka@88: calls $0.48
*** RIVER *** [Jc 3s 4d 6h] [3c]
@Mylatka@88: checks 
Lorpugo: checks 
*** SHOW DOWN ***
@Mylatka@88: shows [Js Ad] (two pair, Jacks and Threes)
Lorpugo: mucks hand 
@Mylatka@88 collected $1.24 from pot
*** SUMMARY ***
Total pot $1.29 | Rake $0.05 
Board [Jc 3s 4d 6h 3c]
Seat 2: QUE-SE-FUNDA (big blind) folded before Flop
Seat 3: @Mylatka@88 showed [Js Ad] and won ($1.24) with two pair, Jacks and Threes
Seat 4: Lorpugo mucked [As 2s]
Seat 5: NinnaBella (button) folded before Flop (didn't bet)
Seat 6: Klippen#1 (small blind) folded before Flop



PokerStars Hand #241345345353:  Hold'em No Limit ($0.01/$0.02 USD) - 2023/01/23 13:15:24 ET
Table 'Sita II' 6-max Seat #6 is the button
Seat 2: QUE-SE-FUNDA ($2.11 in chips) 
Seat 3: @Mylatka@88 ($1.97 in chips) 
Seat 4: Lorpugo ($1.06 in chips) 
Seat 5: NinnaBella ($3.23 in chips) 
Seat 6: Klippen#1 ($2.86 in chips) 
QUE-SE-FUNDA: posts small blind $0.01
@Mylatka@88: posts big blind $0.02
*** HOLE CARDS ***
Dealt to Lorpugo [4d Ad]
Lorpugo: raises $0.03 to $0.05
NinnaBella: folds 
Klippen#1: folds 
QUE-SE-FUNDA: folds 
@Mylatka@88: folds 
Uncalled bet ($0.03) returned to Lorpugo
Lorpugo collected $0.05 from pot
Lorpugo: doesn't show hand 
*** SUMMARY ***
Total pot $0.05 | Rake $0 
Seat 2: QUE-SE-FUNDA (small blind) folded before Flop
Seat 3: @Mylatka@88 (big blind) folded before Flop
Seat 4: Lorpugo collected ($0.05)
Seat 5: NinnaBella folded before Flop (didn't bet)
Seat 6: Klippen#1 (button) folded before Flop (didn't bet)



PokerStars Hand #241345349658:  Hold'em No Limit ($0.01/$0.02 USD) - 2023/01/23 13:15:36 ET
Table 'Sita II' 6-max Seat #2 is the button
Seat 2: QUE-SE-FUNDA ($2.10 in chips) 
Seat 3: @Mylatka@88 ($1.95 in chips) 
Seat 4: Lorpugo ($1.09 in chips) 
Seat 5: NinnaBella ($3.23 in chips) 
Seat 6: Klippen#1 ($2.86 in chips) 
@Mylatka@88: posts small blind $0.01
Lorpugo: posts big blind $0.02
*** HOLE CARDS ***
Dealt to Lorpugo [9d 8h]
NinnaBella: folds 
Klippen#1: folds 
QUE-SE-FUNDA: folds 
@Mylatka@88: folds 
Uncalled bet ($0.01) returned to Lorpugo
Lorpugo collected $0.02 from pot
Lorpugo: doesn't show hand 
*** SUMMARY ***
Total pot $0.02 | Rake $0 
Seat 2: QUE-SE-FUNDA (button) folded before Flop (didn't bet)
Seat 3: @Mylatka@88 (small blind) folded before Flop
Seat 4: Lorpugo (big blind) collected ($0.02)
Seat 5: NinnaBella folded before Flop (didn't bet)
Seat 6: Klippen#1 folded before Flop (didn't bet)



PokerStars Hand #241345353557:  Hold'em No Limit ($0.01/$0.02 USD) - 2023/01/23 13:15:46 ET
Table 'Sita II' 6-max Seat #3 is the button
Seat 2: QUE-SE-FUNDA ($2.10 in chips) 
Seat 3: @Mylatka@88 ($1.94 in chips) 
Seat 4: Lorpugo ($1.10 in chips) 
Seat 5: NinnaBella ($3.23 in chips) 
Seat 6: Klippen#1 ($2.86 in chips) 
Lorpugo: posts small blind $0.01
NinnaBella: posts big blind $0.02
*** HOLE CARDS ***
Dealt to Lorpugo [Th 4d]
Klippen#1: folds 
QUE-SE-FUNDA: folds 
@Mylatka@88: folds 
Lorpugo: folds 
Uncalled bet ($0.01) returned to NinnaBella
NinnaBella collected $0.02 from pot
NinnaBella: doesn't show hand 
*** SUMMARY ***
Total pot $0.02 | Rake $0 
Seat 2: QUE-SE-FUNDA folded before Flop (didn't bet)
Seat 3: @Mylatka@88 (button) folded before Flop (didn't bet)
Seat 4: Lorpugo (small blind) folded before Flop
Seat 5: NinnaBella (big blind) collected ($0.02)
Seat 6: Klippen#1 folded before Flop (didn't bet)



PokerStars Hand #241345359148:  Hold'em No Limit ($0.01/$0.02 USD) - 2023/01/23 13:16:00 ET
Table 'Sita II' 6-max Seat #4 is the button
Seat 2: QUE-SE-FUNDA ($2.10 in chips) 
Seat 3: @Mylatka@88 ($1.94 in chips) 
Seat 4: Lorpugo ($1.09 in chips) 
Seat 5: NinnaBella ($3.24 in chips) 
Seat 6: Klippen#1 ($2.86 in chips) 
NinnaBella: posts small blind $0.01
Klippen#1: posts big blind $0.02
*** HOLE CARDS ***
Dealt to Lorpugo [As 7s]
QUE-SE-FUNDA: raises $0.04 to $0.06
@Mylatka@88: folds 
Lorpugo: calls $0.06
NinnaBella: folds 
Klippen#1: folds 
*** FLOP *** [Kd 4h Js]
QUE-SE-FUNDA: bets $0.07
Lorpugo: folds 
Uncalled bet ($0.07) returned to QUE-SE-FUNDA
QUE-SE-FUNDA collected $0.14 from pot
QUE-SE-FUNDA: doesn't show hand 
*** SUMMARY ***
Total pot $0.15 | Rake $0.01 
Board [Kd 4h Js]
Seat 2: QUE-SE-FUNDA collected ($0.14)
Seat 3: @Mylatka@88 folded before Flop (didn't bet)
Seat 4: Lorpugo (button) folded on the Flop
Seat 5: NinnaBella (small blind) folded before Flop
Seat 6: Klippen#1 (big blind) folded before Flop



PokerStars Hand #241345374268:  Hold'em No Limit ($0.01/$0.02 USD) - 2023/01/23 13:16:40 ET
Table 'Sita II' 6-max Seat #5 is the button
Seat 3: @Mylatka@88 ($1.94 in chips) 
Seat 4: Lorpugo ($1.03 in chips) 
Seat 5: NinnaBella ($3.23 in chips) 
Seat 6: Klippen#1 ($2.84 in chips) 
Klippen#1: posts small blind $0.01
@Mylatka@88: posts big blind $0.02
*** HOLE CARDS ***
Dealt to Lorpugo [Js 3s]
QUE-SE-FUNDA leaves the table
Lorpugo: calls $0.02
NinnaBella: folds 
Klippen#1: folds 
@Mylatka@88: checks 
*** FLOP *** [8c Td As]
paok.f.c.000 joins the table at seat #2 
@Mylatka@88: checks 
Lorpugo: checks 
*** TURN *** [8c Td As] [7s]
@Mylatka@88: checks 
Lorpugo: bets $0.06
@Mylatka@88: folds 
Uncalled bet ($0.06) returned to Lorpugo
Lorpugo collected $0.05 from pot
Lorpugo: doesn't show hand 
*** SUMMARY ***
Total pot $0.05 | Rake $0 
Board [8c Td As 7s]
Seat 3: @Mylatka@88 (big blind) folded on the Turn
Seat 4: Lorpugo collected ($0.05)
Seat 5: NinnaBella (button) folded before Flop (didn't bet)
Seat 6: Klippen#1 (small blind) folded before Flop



PokerStars Hand #241345389988:  Hold'em No Limit ($0.01/$0.02 USD) - 2023/01/23 13:17:22 ET
Table 'Sita II' 6-max Seat #6 is the button
Seat 3: @Mylatka@88 ($1.92 in chips) 
Seat 4: Lorpugo ($1.06 in chips) 
Seat 5: NinnaBella ($3.23 in chips) 
Seat 6: Klippen#1 ($2.83 in chips) 
@Mylatka@88: posts small blind $0.01
Lorpugo: posts big blind $0.02
*** HOLE CARDS ***
Dealt to Lorpugo [As Jd]
NinnaBella: folds 
Klippen#1: folds 
@Mylatka@88: calls $0.01
Lorpugo: raises $0.08 to $0.10
@Mylatka@88: folds 
Uncalled bet ($0.08) returned to Lorpugo
Lorpugo collected $0.04 from pot
Lorpugo: doesn't show hand 
*** SUMMARY ***
Total pot $0.04 | Rake $0 
Seat 3: @Mylatka@88 (small blind) folded before Flop
Seat 4: Lorpugo (big blind) collected ($0.04)
Seat 5: NinnaBella folded before Flop (didn't bet)
Seat 6: Klippen#1 (button) folded before Flop (didn't bet)



PokerStars Hand #241345397498:  Hold'em No Limit ($0.01/$0.02 USD) - 2023/01/23 13:17:42 ET
Table 'Sita II' 6-max Seat #3 is the button
Seat 3: @Mylatka@88 ($1.90 in chips) 
Seat 4: Lorpugo ($1.08 in chips) 
Seat 5: NinnaBella ($3.23 in chips) 
Seat 6: Klippen#1 ($2.83 in chips) 
Lorpugo: posts small blind $0.01
NinnaBella: posts big blind $0.02
*** HOLE CARDS ***
Dealt to Lorpugo [9h 3h]
Klippen#1: folds 
@Mylatka@88: folds 
Lorpugo: raises $0.03 to $0.05
izgubljeni is disconnected 
NinnaBella: folds 
Uncalled bet ($0.03) returned to Lorpugo
Lorpugo collected $0.04 from pot
Lorpugo: doesn't show hand 
*** SUMMARY ***
Total pot $0.04 | Rake $0 
Seat 3: @Mylatka@88 (button) folded before Flop (didn't bet)
Seat 4: Lorpugo (small blind) collected ($0.04)
Seat 5: NinnaBella (big blind) folded before Flop
Seat 6: Klippen#1 folded before Flop (didn't bet)



PokerStars Hand #241345404894:  Hold'em No Limit ($0.01/$0.02 USD) - 2023/01/23 13:18:02 ET
Table 'Sita II' 6-max Seat #4 is the button
Seat 3: @Mylatka@88 ($1.90 in chips) 
Seat 4: Lorpugo ($1.10 in chips) 
Seat 5: NinnaBella ($3.21 in chips) 
Seat 6: Klippen#1 ($2.83 in chips) 
NinnaBella: posts small blind $0.01
Klippen#1: posts big blind $0.02
*** HOLE CARDS ***
Dealt to Lorpugo [2c Js]
@Mylatka@88: folds 
Lorpugo: folds 
NinnaBella: raises $0.04 to $0.06
Klippen#1: folds 
Uncalled bet ($0.04) returned to NinnaBella
NinnaBella collected $0.04 from pot
NinnaBella: doesn't show hand 
*** SUMMARY ***
Total pot $0.04 | Rake $0 
Seat 3: @Mylatka@88 folded before Flop (didn't bet)
Seat 4: Lorpugo (button) folded before Flop (didn't bet)
Seat 5: NinnaBella (small blind) collected ($0.04)
Seat 6: Klippen#1 (big blind) folded before Flop



PokerStars Hand #241345419779:  Hold'em No Limit ($0.01/$0.02 USD) - 2023/01/23 13:18:42 ET
Table 'Sita II' 6-max Seat #5 is the button
Seat 2: paok.f.c.000 ($2 in chips) 
Seat 3: @Mylatka@88 ($1.90 in chips) 
Seat 4: Lorpugo ($1.10 in chips) 
Seat 5: NinnaBella ($3.23 in chips) 
Seat 6: Klippen#1 ($2.81 in chips) 
Klippen#1: posts small blind $0.01
paok.f.c.000: posts big blind $0.02
*** HOLE CARDS ***
Dealt to Lorpugo [9s 5d]
@Mylatka@88: folds 
Lorpugo: folds 
NinnaBella: folds 
Klippen#1: folds 
Uncalled bet ($0.01) returned to paok.f.c.000
paok.f.c.000 collected $0.02 from pot
*** SUMMARY ***
Total pot $0.02 | Rake $0 
Seat 2: paok.f.c.000 (big blind) collected ($0.02)
Seat 3: @Mylatka@88 folded before Flop (didn't bet)
Seat 4: Lorpugo folded before Flop (didn't bet)
Seat 5: NinnaBella (button) folded before Flop (didn't bet)
Seat 6: Klippen#1 (small blind) folded before Flop



PokerStars Hand #241345427861:  Hold'em No Limit ($0.01/$0.02 USD) - 2023/01/23 13:19:03 ET
Table 'Sita II' 6-max Seat #6 is the button
Seat 2: paok.f.c.000 ($2.01 in chips) 
Seat 3: @Mylatka@88 ($1.90 in chips) 
Seat 4: Lorpugo ($1.10 in chips) 
Seat 5: NinnaBella ($3.23 in chips) 
Seat 6: Klippen#1 ($2.80 in chips) 
paok.f.c.000: posts small blind $0.01
@Mylatka@88: posts big blind $0.02
*** HOLE CARDS ***
Dealt to Lorpugo [9d 5c]
Lorpugo: folds 
NinnaBella: folds 
Klippen#1: folds 
paok.f.c.000: calls $0.01
@Mylatka@88: raises $0.04 to $0.06
paok.f.c.000: calls $0.04
*** FLOP *** [4d 2h 4s]
paok.f.c.000: checks 
@Mylatka@88: checks 
*** TURN *** [4d 2h 4s] [Jh]
paok.f.c.000: checks 
@Mylatka@88: checks 
*** RIVER *** [4d 2h 4s Jh] [9s]
paok.f.c.000: bets $0.12
@Mylatka@88: calls $0.12
*** SHOW DOWN ***
paok.f.c.000: shows [Qc 4c] (three of a kind, Fours)
@Mylatka@88: mucks hand 
paok.f.c.000 collected $0.35 from pot
*** SUMMARY ***
Total pot $0.36 | Rake $0.01 
Board [4d 2h 4s Jh 9s]
Seat 2: paok.f.c.000 (small blind) showed [Qc 4c] and won ($0.35) with three of a kind, Fours
Seat 3: @Mylatka@88 (big blind) mucked [Jc 9c]
Seat 4: Lorpugo folded before Flop (didn't bet)
Seat 5: NinnaBella folded before Flop (didn't bet)
Seat 6: Klippen#1 (button) folded before Flop (didn't bet)



PokerStars Hand #241345439906:  Hold'em No Limit ($0.01/$0.02 USD) - 2023/01/23 13:19:36 ET
Table 'Sita II' 6-max Seat #2 is the button
Seat 2: paok.f.c.000 ($2.18 in chips) 
Seat 3: @Mylatka@88 ($1.72 in chips) 
Seat 4: Lorpugo ($1.90 in chips) 
Seat 5: NinnaBella ($3.23 in chips) 
Seat 6: Klippen#1 ($2.80 in chips) 
@Mylatka@88: posts small blind $0.01
Lorpugo: posts big blind $0.02
*** HOLE CARDS ***
Dealt to Lorpugo [9h 4d]
NinnaBella: folds 
Klippen#1: raises $0.04 to $0.06
paok.f.c.000: calls $0.06
@Mylatka@88: folds 
Lorpugo: folds 
*** FLOP *** [8s 6s Tc]
Klippen#1: bets $0.09
paok.f.c.000: calls $0.09
*** TURN *** [8s 6s Tc] [Td]
Klippen#1: bets $0.26
paok.f.c.000: folds 
Uncalled bet ($0.26) returned to Klippen#1
Klippen#1 collected $0.32 from pot
Klippen#1: doesn't show hand 
*** SUMMARY ***
Total pot $0.33 | Rake $0.01 
Board [8s 6s Tc Td]
Seat 2: paok.f.c.000 (button) folded on the Turn
Seat 3: @Mylatka@88 (small blind) folded before Flop
Seat 4: Lorpugo (big blind) folded before Flop
Seat 5: NinnaBella folded before Flop (didn't bet)
Seat 6: Klippen#1 collected ($0.32)



PokerStars Hand #241345452311:  Hold'em No Limit ($0.01/$0.02 USD) - 2023/01/23 13:20:08 ET
Table 'Sita II' 6-max Seat #3 is the button
Seat 2: paok.f.c.000 ($2.03 in chips) 
Seat 3: @Mylatka@88 ($1.71 in chips) 
Seat 4: Lorpugo ($1.88 in chips) 
Seat 5: NinnaBella ($3.23 in chips) 
Seat 6: Klippen#1 ($2.97 in chips) 
Lorpugo: posts small blind $0.01
NinnaBella: posts big blind $0.02
*** HOLE CARDS ***
Dealt to Lorpugo [5d Jh]
Klippen#1: folds 
paok.f.c.000: calls $0.02
@Mylatka@88: folds 
Lorpugo: folds 
NinnaBella: checks 
*** FLOP *** [2c Td Kh]
NinnaBella: checks 
paok.f.c.000: checks 
*** TURN *** [2c Td Kh] [Jd]
NinnaBella: checks 
paok.f.c.000: checks 
*** RIVER *** [2c Td Kh Jd] [7h]
NinnaBella: checks 
paok.f.c.000: bets $0.11
NinnaBella: folds 
Uncalled bet ($0.11) returned to paok.f.c.000
paok.f.c.000 collected $0.05 from pot
*** SUMMARY ***
Total pot $0.05 | Rake $0 
Board [2c Td Kh Jd 7h]
Seat 2: paok.f.c.000 collected ($0.05)
Seat 3: @Mylatka@88 (button) folded before Flop (didn't bet)
Seat 4: Lorpugo (small blind) folded before Flop
Seat 5: NinnaBella (big blind) folded on the River
Seat 6: Klippen#1 folded before Flop (didn't bet)



PokerStars Hand #241345471471:  Hold'em No Limit ($0.01/$0.02 USD) - 2023/01/23 13:20:59 ET
Table 'Sita II' 6-max Seat #4 is the button
Seat 2: paok.f.c.000 ($2.06 in chips) 
Seat 3: @Mylatka@88 ($1.71 in chips) 
Seat 4: Lorpugo ($1.87 in chips) 
Seat 5: NinnaBella ($3.21 in chips) 
Seat 6: Klippen#1 ($2.97 in chips) 
NinnaBella: posts small blind $0.01
Klippen#1: posts big blind $0.02
*** HOLE CARDS ***
Dealt to Lorpugo [Td 5d]
paok.f.c.000: folds 
@Mylatka@88: folds 
Lorpugo: raises $0.03 to $0.05
NinnaBella: folds 
Klippen#1: folds 
Uncalled bet ($0.03) returned to Lorpugo
Lorpugo collected $0.05 from pot
Lorpugo: doesn't show hand 
*** SUMMARY ***
Total pot $0.05 | Rake $0 
Seat 2: paok.f.c.000 folded before Flop (didn't bet)
Seat 3: @Mylatka@88 folded before Flop (didn't bet)
Seat 4: Lorpugo (button) collected ($0.05)
Seat 5: NinnaBella (small blind) folded before Flop
Seat 6: Klippen#1 (big blind) folded before Flop



PokerStars Hand #241345479897:  Hold'em No Limit ($0.01/$0.02 USD) - 2023/01/23 13:21:21 ET
Table 'Sita II' 6-max Seat #5 is the button
Seat 2: paok.f.c.000 ($2.06 in chips) 
Seat 3: @Mylatka@88 ($1.71 in chips) 
Seat 4: Lorpugo ($1.90 in chips) 
Seat 5: NinnaBella ($3.20 in chips) 
Seat 6: Klippen#1 ($2.95 in chips) 
Klippen#1: posts small blind $0.01
paok.f.c.000: posts big blind $0.02
*** HOLE CARDS ***
Dealt to Lorpugo [6c 2h]
@Mylatka@88: folds 
Lorpugo: folds 
NinnaBella: folds 
Klippen#1: raises $0.04 to $0.06
paok.f.c.000: calls $0.04
*** FLOP *** [Qd As 8h]
Klippen#1: checks 
paok.f.c.000: checks 
*** TURN *** [Qd As 8h] [Qh]
Klippen#1: checks 
paok.f.c.000: checks 
*** RIVER *** [Qd As 8h Qh] [8d]
Klippen#1: bets $0.08
paok.f.c.000: calls $0.08
*** SHOW DOWN ***
Klippen#1: shows [Ts 4s] (two pair, Queens and Eights)
paok.f.c.000: shows [Kc Jc] (two pair, Queens and Eights)
Klippen#1 collected $0.14 from pot
paok.f.c.000 collected $0.13 from pot
izgubljeni leaves the table
*** SUMMARY ***
Total pot $0.28 | Rake $0.01 
Board [Qd As 8h Qh 8d]
Seat 2: paok.f.c.000 (big blind) showed [Kc Jc] and won ($0.13) with two pair, Queens and Eights
Seat 3: @Mylatka@88 folded before Flop (didn't bet)
Seat 4: Lorpugo folded before Flop (didn't bet)
Seat 5: NinnaBella (button) folded before Flop (didn't bet)
Seat 6: Klippen#1 (small blind) showed [Ts 4s] and won ($0.14) with two pair, Queens and Eights



PokerStars Hand #241345493791:  Hold'em No Limit ($0.01/$0.02 USD) - 2023/01/23 13:21:58 ET
Table 'Sita II' 6-max Seat #6 is the button
Seat 2: paok.f.c.000 ($2.05 in chips) 
Seat 3: @Mylatka@88 ($1.71 in chips) 
Seat 4: Lorpugo ($1.90 in chips) 
Seat 5: NinnaBella ($3.20 in chips) 
Seat 6: Klippen#1 ($2.95 in chips) 
paok.f.c.000: posts small blind $0.01
@Mylatka@88: posts big blind $0.02
*** HOLE CARDS ***
Dealt to Lorpugo [Kd 9s]
Lorpugo: folds 
NinnaBella: raises $0.03 to $0.05
Klippen#1: calls $0.05
paok.f.c.000: folds 
@Mylatka@88: calls $0.03
*** FLOP *** [Jc 3c 6c]
szakadar joins the table at seat #1 
@Mylatka@88: checks 
NinnaBella: checks 
Klippen#1: bets $0.10
@Mylatka@88: folds 
NinnaBella: calls $0.10
*** TURN *** [Jc 3c 6c] [6s]
NinnaBella: checks 
Klippen#1: bets $0.16
NinnaBella: calls $0.16
*** RIVER *** [Jc 3c 6c 6s] [4c]
NinnaBella: bets $0.66
Klippen#1: folds 
Uncalled bet ($0.66) returned to NinnaBella
NinnaBella collected $0.66 from pot
NinnaBella: doesn't show hand 
*** SUMMARY ***
Total pot $0.68 | Rake $0.02 
Board [Jc 3c 6c 6s 4c]
Seat 2: paok.f.c.000 (small blind) folded before Flop
Seat 3: @Mylatka@88 (big blind) folded on the Flop
Seat 4: Lorpugo folded before Flop (didn't bet)
Seat 5: NinnaBella collected ($0.66)
Seat 6: Klippen#1 (button) folded on the River



PokerStars Hand #241345516212:  Hold'em No Limit ($0.01/$0.02 USD) - 2023/01/23 13:22:57 ET
Table 'Sita II' 6-max Seat #2 is the button
Seat 2: paok.f.c.000 ($2.04 in chips) 
Seat 3: @Mylatka@88 ($1.66 in chips) 
Seat 4: Lorpugo ($1.90 in chips) 
Seat 5: NinnaBella ($3.55 in chips) 
Seat 6: Klippen#1 ($2.64 in chips) 
@Mylatka@88: posts small blind $0.01
Lorpugo: posts big blind $0.02
*** HOLE CARDS ***
Dealt to Lorpugo [Ks Js]
NinnaBella: folds 
Klippen#1: folds 
paok.f.c.000: folds 
@Mylatka@88: folds 
Uncalled bet ($0.01) returned to Lorpugo
Lorpugo collected $0.02 from pot
Lorpugo: doesn't show hand 
*** SUMMARY ***
Total pot $0.02 | Rake $0 
Seat 2: paok.f.c.000 (button) folded before Flop (didn't bet)
Seat 3: @Mylatka@88 (small blind) folded before Flop
Seat 4: Lorpugo (big blind) collected ($0.02)
Seat 5: NinnaBella folded before Flop (didn't bet)
Seat 6: Klippen#1 folded before Flop (didn't bet)



PokerStars Hand #241345523148:  Hold'em No Limit ($0.01/$0.02 USD) - 2023/01/23 13:23:16 ET
Table 'Sita II' 6-max Seat #3 is the button
Seat 2: paok.f.c.000 ($2.04 in chips) 
Seat 3: @Mylatka@88 ($1.65 in chips) 
Seat 4: Lorpugo ($1.91 in chips) 
Seat 5: NinnaBella ($3.55 in chips) 
Seat 6: Klippen#1 ($2.64 in chips) 
Lorpugo: posts small blind $0.01
NinnaBella: posts big blind $0.02
*** HOLE CARDS ***
Dealt to Lorpugo [2s Kc]
Klippen#1: raises $0.04 to $0.06
paok.f.c.000: folds 
@Mylatka@88: folds 
Lorpugo: folds 
NinnaBella: calls $0.04
*** FLOP *** [Ad Tc 3c]
NinnaBella: bets $0.07
Klippen#1: calls $0.07
*** TURN *** [Ad Tc 3c] [5s]
paok.f.c.000 is disconnected 
NinnaBella: bets $0.13
Klippen#1: calls $0.13
*** RIVER *** [Ad Tc 3c 5s] [8s]
NinnaBella: bets $0.51
Klippen#1: calls $0.51
*** SHOW DOWN ***
NinnaBella: shows [3h As] (two pair, Aces and Threes)
Klippen#1: mucks hand 
NinnaBella collected $1.50 from pot
*** SUMMARY ***
Total pot $1.55 | Rake $0.05 
Board [Ad Tc 3c 5s 8s]
Seat 2: paok.f.c.000 folded before Flop (didn't bet)
Seat 3: @Mylatka@88 (button) folded before Flop (didn't bet)
Seat 4: Lorpugo (small blind) folded before Flop
Seat 5: NinnaBella (big blind) showed [3h As] and won ($1.50) with two pair, Aces and Threes
Seat 6: Klippen#1 mucked [Qs Qc]



PokerStars Hand #241345544879:  Hold'em No Limit ($0.01/$0.02 USD) - 2023/01/23 13:24:14 ET
Table 'Sita II' 6-max Seat #4 is the button
Seat 2: paok.f.c.000 ($2.04 in chips) 
Seat 3: @Mylatka@88 ($1.65 in chips) 
Seat 4: Lorpugo ($1.90 in chips) 
Seat 5: NinnaBella ($4.28 in chips) 
Seat 6: Klippen#1 ($1.87 in chips) 
NinnaBella: posts small blind $0.01
Klippen#1: posts big blind $0.02
*** HOLE CARDS ***
Dealt to Lorpugo [6h 3d]
paok.f.c.000 is connected 
paok.f.c.000: folds 
@Mylatka@88: folds 
Lorpugo: folds 
NinnaBella: folds 
Uncalled bet ($0.01) returned to Klippen#1
Klippen#1 collected $0.02 from pot
Klippen#1: doesn't show hand 
*** SUMMARY ***
Total pot $0.02 | Rake $0 
Seat 2: paok.f.c.000 folded before Flop (didn't bet)
Seat 3: @Mylatka@88 folded before Flop (didn't bet)
Seat 4: Lorpugo (button) folded before Flop (didn't bet)
Seat 5: NinnaBella (small blind) folded before Flop
Seat 6: Klippen#1 (big blind) collected ($0.02)



PokerStars Hand #241345555628:  Hold'em No Limit ($0.01/$0.02 USD) - 2023/01/23 13:24:42 ET
Table 'Sita II' 6-max Seat #5 is the button
Seat 1: szakadar ($1.60 in chips) 
Seat 2: paok.f.c.000 ($2.04 in chips) 
Seat 3: @Mylatka@88 ($1.65 in chips) 
Seat 4: Lorpugo ($1.90 in chips) 
Seat 5: NinnaBella ($4.27 in chips) 
Seat 6: Klippen#1 ($1.88 in chips) 
Klippen#1: posts small blind $0.01
szakadar: posts big blind $0.02
*** HOLE CARDS ***
Dealt to Lorpugo [Qc As]
paok.f.c.000: folds 
@Mylatka@88: folds 
Lorpugo: raises $0.03 to $0.05
NinnaBella: folds 
Klippen#1: calls $0.04
szakadar: folds 
*** FLOP *** [2s Ks 3s]
Klippen#1: checks 
Lorpugo: bets $0.06
Klippen#1: folds 
Uncalled bet ($0.06) returned to Lorpugo
Lorpugo collected $0.12 from pot
Lorpugo: doesn't show hand 
*** SUMMARY ***
Total pot $0.12 | Rake $0 
Board [2s Ks 3s]
Seat 1: szakadar (big blind) folded before Flop
Seat 2: paok.f.c.000 folded before Flop (didn't bet)
Seat 3: @Mylatka@88 folded before Flop (didn't bet)
Seat 4: Lorpugo collected ($0.12)
Seat 5: NinnaBella (button) folded before Flop (didn't bet)
Seat 6: Klippen#1 (small blind) folded on the Flop



PokerStars Hand #241345567838:  Hold'em No Limit ($0.01/$0.02 USD) - 2023/01/23 13:25:14 ET
Table 'Sita II' 6-max Seat #6 is the button
Seat 1: szakadar ($1.58 in chips) 
Seat 2: paok.f.c.000 ($2.04 in chips) 
Seat 3: @Mylatka@88 ($1.65 in chips) 
Seat 4: Lorpugo ($1.97 in chips) 
Seat 5: NinnaBella ($4.27 in chips) 
Seat 6: Klippen#1 ($1.83 in chips) 
szakadar: posts small blind $0.01
paok.f.c.000: posts big blind $0.02
*** HOLE CARDS ***
Dealt to Lorpugo [7d 8c]
@Mylatka@88: folds 
Lorpugo: folds 
NinnaBella: folds 
Klippen#1: folds 
szakadar: folds 
Uncalled bet ($0.01) returned to paok.f.c.000
paok.f.c.000 collected $0.02 from pot
*** SUMMARY ***
Total pot $0.02 | Rake $0 
Seat 1: szakadar (small blind) folded before Flop
Seat 2: paok.f.c.000 (big blind) collected ($0.02)
Seat 3: @Mylatka@88 folded before Flop (didn't bet)
Seat 4: Lorpugo folded before Flop (didn't bet)
Seat 5: NinnaBella folded before Flop (didn't bet)
Seat 6: Klippen#1 (button) folded before Flop (didn't bet)



PokerStars Hand #241345573386:  Hold'em No Limit ($0.01/$0.02 USD) - 2023/01/23 13:25:29 ET
Table 'Sita II' 6-max Seat #1 is the button
Seat 1: szakadar ($1.57 in chips) 
Seat 2: paok.f.c.000 ($2.05 in chips) 
Seat 3: @Mylatka@88 ($1.65 in chips) 
Seat 4: Lorpugo ($1.97 in chips) 
Seat 5: NinnaBella ($4.27 in chips) 
Seat 6: Klippen#1 ($1.83 in chips) 
paok.f.c.000: posts small blind $0.01
@Mylatka@88: posts big blind $0.02
*** HOLE CARDS ***
Dealt to Lorpugo [Ts 8h]
Lorpugo: folds 
NinnaBella: folds 
Klippen#1: folds 
szakadar: raises $0.04 to $0.06
paok.f.c.000: calls $0.05
@Mylatka@88: calls $0.04
*** FLOP *** [2s 6d 6c]
paok.f.c.000: checks 
@Mylatka@88: checks 
szakadar: bets $0.08
paok.f.c.000: calls $0.08
@Mylatka@88: folds 
*** TURN *** [2s 6d 6c] [Kd]
paok.f.c.000: checks 
szakadar: bets $0.18
paok.f.c.000: calls $0.18
*** RIVER *** [2s 6d 6c Kd] [4d]
paok.f.c.000: bets $0.68
szakadar: folds 
Uncalled bet ($0.68) returned to paok.f.c.000
paok.f.c.000 collected $0.68 from pot
*** SUMMARY ***
Total pot $0.70 | Rake $0.02 
Board [2s 6d 6c Kd 4d]
Seat 1: szakadar (button) folded on the River
Seat 2: paok.f.c.000 (small blind) collected ($0.68)
Seat 3: @Mylatka@88 (big blind) folded on the Flop
Seat 4: Lorpugo folded before Flop (didn't bet)
Seat 5: NinnaBella folded before Flop (didn't bet)
Seat 6: Klippen#1 folded before Flop (didn't bet)



PokerStars Hand #241345607377:  Hold'em No Limit ($0.01/$0.02 USD) - 2023/01/23 13:26:59 ET
Table 'Sita II' 6-max Seat #2 is the button
Seat 1: szakadar ($1.25 in chips) 
Seat 2: paok.f.c.000 ($2.41 in chips) 
Seat 3: @Mylatka@88 ($1.59 in chips) 
Seat 4: Lorpugo ($1.97 in chips) 
Seat 5: NinnaBella ($4.27 in chips) 
Seat 6: Klippen#1 ($1.83 in chips) 
@Mylatka@88: posts small blind $0.01
Lorpugo: posts big blind $0.02
*** HOLE CARDS ***
Dealt to Lorpugo [4h 6h]
NinnaBella: folds 
Klippen#1: folds 
szakadar: folds 
paok.f.c.000: folds 
@Mylatka@88: folds 
Uncalled bet ($0.01) returned to Lorpugo
Lorpugo collected $0.02 from pot
Lorpugo: doesn't show hand 
*** SUMMARY ***
Total pot $0.02 | Rake $0 
Seat 1: szakadar folded before Flop (didn't bet)
Seat 2: paok.f.c.000 (button) folded before Flop (didn't bet)
Seat 3: @Mylatka@88 (small blind) folded before Flop
Seat 4: Lorpugo (big blind) collected ($0.02)
Seat 5: NinnaBella folded before Flop (didn't bet)
Seat 6: Klippen#1 folded before Flop (didn't bet)



PokerStars Hand #241345614177:  Hold'em No Limit ($0.01/$0.02 USD) - 2023/01/23 13:27:17 ET
Table 'Sita II' 6-max Seat #3 is the button
Seat 1: szakadar ($1.25 in chips) 
Seat 2: paok.f.c.000 ($2.41 in chips) 
Seat 3: @Mylatka@88 ($1.58 in chips) 
Seat 4: Lorpugo ($1.98 in chips) 
Seat 5: NinnaBella ($4.27 in chips) 
Seat 6: Klippen#1 ($1.83 in chips) 
Lorpugo: posts small blind $0.01
NinnaBella: posts big blind $0.02
*** HOLE CARDS ***
Dealt to Lorpugo [Kc Js]
Klippen#1: folds 
szakadar: folds 
paok.f.c.000: folds 
@Mylatka@88: folds 
Lorpugo: raises $0.03 to $0.05
NinnaBella: raises $0.17 to $0.22
Lorpugo: folds 
Uncalled bet ($0.17) returned to NinnaBella
NinnaBella collected $0.10 from pot
NinnaBella: doesn't show hand 
*** SUMMARY ***
Total pot $0.10 | Rake $0 
Seat 1: szakadar folded before Flop (didn't bet)
Seat 2: paok.f.c.000 folded before Flop (didn't bet)
Seat 3: @Mylatka@88 (button) folded before Flop (didn't bet)
Seat 4: Lorpugo (small blind) folded before Flop
Seat 5: NinnaBella (big blind) collected ($0.10)
Seat 6: Klippen#1 folded before Flop (didn't bet)



PokerStars Hand #241345623871:  Hold'em No Limit ($0.01/$0.02 USD) - 2023/01/23 13:27:42 ET
Table 'Sita II' 6-max Seat #4 is the button
Seat 1: szakadar ($1.25 in chips) 
Seat 2: paok.f.c.000 ($2.41 in chips) 
Seat 3: @Mylatka@88 ($1.58 in chips) 
Seat 4: Lorpugo ($1.93 in chips) 
Seat 5: NinnaBella ($4.32 in chips) 
Seat 6: Klippen#1 ($1.83 in chips) 
NinnaBella: posts small blind $0.01
Klippen#1: posts big blind $0.02
*** HOLE CARDS ***
Dealt to Lorpugo [6h Jh]
szakadar: folds 
paok.f.c.000: folds 
@Mylatka@88: folds 
Lorpugo: raises $0.03 to $0.05
NinnaBella: folds 
Klippen#1: folds 
Uncalled bet ($0.03) returned to Lorpugo
Lorpugo collected $0.05 from pot
Lorpugo: doesn't show hand 
*** SUMMARY ***
Total pot $0.05 | Rake $0 
Seat 1: szakadar folded before Flop (didn't bet)
Seat 2: paok.f.c.000 folded before Flop (didn't bet)
Seat 3: @Mylatka@88 folded before Flop (didn't bet)
Seat 4: Lorpugo (button) collected ($0.05)
Seat 5: NinnaBella (small blind) folded before Flop
Seat 6: Klippen#1 (big blind) folded before Flop



PokerStars Hand #241345630813:  Hold'em No Limit ($0.01/$0.02 USD) - 2023/01/23 13:28:01 ET
Table 'Sita II' 6-max Seat #5 is the button
Seat 1: szakadar ($1.25 in chips) 
Seat 2: paok.f.c.000 ($2.41 in chips) 
Seat 3: @Mylatka@88 ($1.58 in chips) 
Seat 4: Lorpugo ($1.96 in chips) 
Seat 5: NinnaBella ($4.31 in chips) 
Seat 6: Klippen#1 ($1.81 in chips) 
Klippen#1: posts small blind $0.01
szakadar: posts big blind $0.02
*** HOLE CARDS ***
Dealt to Lorpugo [9h 4s]
paok.f.c.000: folds 
@Mylatka@88: raises $0.04 to $0.06
Lorpugo: folds 
NinnaBella: folds 
Klippen#1: calls $0.05
szakadar: folds 
*** FLOP *** [Ks Td 6h]
Klippen#1: checks 
@Mylatka@88: bets $0.07
Klippen#1: folds 
Uncalled bet ($0.07) returned to @Mylatka@88
@Mylatka@88 collected $0.14 from pot
*** SUMMARY ***
Total pot $0.14 | Rake $0 
Board [Ks Td 6h]
Seat 1: szakadar (big blind) folded before Flop
Seat 2: paok.f.c.000 folded before Flop (didn't bet)
Seat 3: @Mylatka@88 collected ($0.14)
Seat 4: Lorpugo folded before Flop (didn't bet)
Seat 5: NinnaBella (button) folded before Flop (didn't bet)
Seat 6: Klippen#1 (small blind) folded on the Flop



PokerStars Hand #241345642446:  Hold'em No Limit ($0.01/$0.02 USD) - 2023/01/23 13:28:32 ET
Table 'Sita II' 6-max Seat #6 is the button
Seat 1: szakadar ($1.23 in chips) 
Seat 2: paok.f.c.000 ($2.41 in chips) 
Seat 3: @Mylatka@88 ($1.66 in chips) 
Seat 4: Lorpugo ($1.96 in chips) 
Seat 5: NinnaBella ($4.31 in chips) 
Seat 6: Klippen#1 ($1.75 in chips) 
szakadar: posts small blind $0.01
paok.f.c.000: posts big blind $0.02
*** HOLE CARDS ***
Dealt to Lorpugo [Th Qd]
@Mylatka@88: folds 
Lorpugo: raises $0.02 to $0.04
NinnaBella: folds 
Klippen#1: calls $0.04
szakadar: folds 
paok.f.c.000: folds 
*** FLOP *** [3c 8s 9h]
Lorpugo: bets $0.06
Klippen#1: calls $0.06
*** TURN *** [3c 8s 9h] [5h]
Lorpugo: bets $0.11
Klippen#1: calls $0.11
*** RIVER *** [3c 8s 9h 5h] [Kc]
Lorpugo: checks 
Klippen#1: bets $0.26
Lorpugo: folds 
Uncalled bet ($0.26) returned to Klippen#1
Klippen#1 collected $0.43 from pot
Klippen#1: doesn't show hand 
*** SUMMARY ***
Total pot $0.45 | Rake $0.02 
Board [3c 8s 9h 5h Kc]
Seat 1: szakadar (small blind) folded before Flop
Seat 2: paok.f.c.000 (big blind) folded before Flop
Seat 3: @Mylatka@88 folded before Flop (didn't bet)
Seat 4: Lorpugo folded on the River
Seat 5: NinnaBella folded before Flop (didn't bet)
Seat 6: Klippen#1 (button) collected ($0.43)



PokerStars Hand #241345662163:  Hold'em No Limit ($0.01/$0.02 USD) - 2023/01/23 13:29:25 ET
Table 'Sita II' 6-max Seat #1 is the button
Seat 1: szakadar ($1.22 in chips) 
Seat 2: paok.f.c.000 ($2.39 in chips) 
Seat 3: @Mylatka@88 ($1.66 in chips) 
Seat 4: Lorpugo ($1.75 in chips) 
Seat 5: NinnaBella ($4.31 in chips) 
Seat 6: Klippen#1 ($1.97 in chips) 
paok.f.c.000: posts small blind $0.01
@Mylatka@88: posts big blind $0.02
*** HOLE CARDS ***
Dealt to Lorpugo [9s Tc]
Lorpugo: folds 
NinnaBella: folds 
Klippen#1: folds 
szakadar: folds 
paok.f.c.000: folds 
Uncalled bet ($0.01) returned to @Mylatka@88
@Mylatka@88 collected $0.02 from pot
*** SUMMARY ***
Total pot $0.02 | Rake $0 
Seat 1: szakadar (button) folded before Flop (didn't bet)
Seat 2: paok.f.c.000 (small blind) folded before Flop
Seat 3: @Mylatka@88 (big blind) collected ($0.02)
Seat 4: Lorpugo folded before Flop (didn't bet)
Seat 5: NinnaBella folded before Flop (didn't bet)
Seat 6: Klippen#1 folded before Flop (didn't bet)



PokerStars Hand #241345667811:  Hold'em No Limit ($0.01/$0.02 USD) - 2023/01/23 13:29:39 ET
Table 'Sita II' 6-max Seat #2 is the button
Seat 1: szakadar ($1.22 in chips) 
Seat 2: paok.f.c.000 ($2.38 in chips) 
Seat 3: @Mylatka@88 ($1.67 in chips) 
Seat 4: Lorpugo ($1.75 in chips) 
Seat 5: NinnaBella ($4.31 in chips) 
Seat 6: Klippen#1 ($1.97 in chips) 
@Mylatka@88: posts small blind $0.01
Lorpugo: posts big blind $0.02
*** HOLE CARDS ***
Dealt to Lorpugo [8d Qs]
NinnaBella: folds 
Klippen#1: folds 
szakadar: folds 
paok.f.c.000: calls $0.02
@Mylatka@88: folds 
Lorpugo: checks 
*** FLOP *** [Ks 2h 6c]
Lorpugo: checks 
paok.f.c.000: bets $0.02
Lorpugo: folds 
Uncalled bet ($0.02) returned to paok.f.c.000
paok.f.c.000 collected $0.05 from pot
*** SUMMARY ***
Total pot $0.05 | Rake $0 
Board [Ks 2h 6c]
Seat 1: szakadar folded before Flop (didn't bet)
Seat 2: paok.f.c.000 (button) collected ($0.05)
Seat 3: @Mylatka@88 (small blind) folded before Flop
Seat 4: Lorpugo (big blind) folded on the Flop
Seat 5: NinnaBella folded before Flop (didn't bet)
Seat 6: Klippen#1 folded before Flop (didn't bet)



PokerStars Hand #241345681793:  Hold'em No Limit ($0.01/$0.02 USD) - 2023/01/23 13:30:16 ET
Table 'Sita II' 6-max Seat #3 is the button
Seat 1: szakadar ($1.22 in chips) 
Seat 2: paok.f.c.000 ($2.41 in chips) 
Seat 3: @Mylatka@88 ($1.66 in chips) 
Seat 4: Lorpugo ($1.73 in chips) 
Seat 5: NinnaBella ($4.31 in chips) 
Seat 6: Klippen#1 ($1.97 in chips) 
Lorpugo: posts small blind $0.01
NinnaBella: posts big blind $0.02
*** HOLE CARDS ***
Dealt to Lorpugo [Ts 6s]
Klippen#1: folds 
szakadar: folds 
paok.f.c.000: folds 
@Mylatka@88: folds 
Lorpugo: raises $0.03 to $0.05
NinnaBella: folds 
Uncalled bet ($0.03) returned to Lorpugo
Lorpugo collected $0.04 from pot
Lorpugo: doesn't show hand 
*** SUMMARY ***
Total pot $0.04 | Rake $0 
Seat 1: szakadar folded before Flop (didn't bet)
Seat 2: paok.f.c.000 folded before Flop (didn't bet)
Seat 3: @Mylatka@88 (button) folded before Flop (didn't bet)
Seat 4: Lorpugo (small blind) collected ($0.04)
Seat 5: NinnaBella (big blind) folded before Flop
Seat 6: Klippen#1 folded before Flop (didn't bet)



PokerStars Hand #241345698776:  Hold'em No Limit ($0.01/$0.02 USD) - 2023/01/23 13:31:00 ET
Table 'Sita II' 6-max Seat #4 is the button
Seat 1: szakadar ($1.22 in chips) 
Seat 2: paok.f.c.000 ($2.41 in chips) 
Seat 3: @Mylatka@88 ($1.66 in chips) 
Seat 4: Lorpugo ($1.75 in chips) 
Seat 5: NinnaBella ($4.29 in chips) 
Seat 6: Klippen#1 ($1.97 in chips) 
NinnaBella: posts small blind $0.01
Klippen#1: posts big blind $0.02
*** HOLE CARDS ***
Dealt to Lorpugo [6d Jc]
szakadar: folds 
paok.f.c.000: calls $0.02
@Mylatka@88: folds 
Lorpugo: folds 
NinnaBella: raises $0.08 to $0.10
Klippen#1: folds 
paok.f.c.000: folds 
Uncalled bet ($0.08) returned to NinnaBella
NinnaBella collected $0.06 from pot
NinnaBella: doesn't show hand 
*** SUMMARY ***
Total pot $0.06 | Rake $0 
Seat 1: szakadar folded before Flop (didn't bet)
Seat 2: paok.f.c.000 folded before Flop
Seat 3: @Mylatka@88 folded before Flop (didn't bet)
Seat 4: Lorpugo (button) folded before Flop (didn't bet)
Seat 5: NinnaBella (small blind) collected ($0.06)
Seat 6: Klippen#1 (big blind) folded before Flop



PokerStars Hand #241345712282:  Hold'em No Limit ($0.01/$0.02 USD) - 2023/01/23 13:31:35 ET
Table 'Sita II' 6-max Seat #5 is the button
Seat 1: szakadar ($1.22 in chips) 
Seat 2: paok.f.c.000 ($2.39 in chips) 
Seat 3: @Mylatka@88 ($1.66 in chips) 
Seat 4: Lorpugo ($1.75 in chips) 
Seat 5: NinnaBella ($4.33 in chips) 
Seat 6: Klippen#1 ($1.95 in chips) 
Klippen#1: posts small blind $0.01
szakadar: posts big blind $0.02
*** HOLE CARDS ***
Dealt to Lorpugo [Qc 4c]
paok.f.c.000: calls $0.02
@Mylatka@88: folds 
Lorpugo: folds 
NinnaBella: folds 
Klippen#1: raises $0.06 to $0.08
szakadar: folds 
paok.f.c.000: calls $0.06
*** FLOP *** [Kh 5h 8s]
Klippen#1: checks 
paok.f.c.000: bets $0.09
Klippen#1: folds 
Uncalled bet ($0.09) returned to paok.f.c.000
paok.f.c.000 collected $0.17 from pot
*** SUMMARY ***
Total pot $0.18 | Rake $0.01 
Board [Kh 5h 8s]
Seat 1: szakadar (big blind) folded before Flop
Seat 2: paok.f.c.000 collected ($0.17)
Seat 3: @Mylatka@88 folded before Flop (didn't bet)
Seat 4: Lorpugo folded before Flop (didn't bet)
Seat 5: NinnaBella (button) folded before Flop (didn't bet)
Seat 6: Klippen#1 (small blind) folded on the Flop



PokerStars Hand #241345727760:  Hold'em No Limit ($0.01/$0.02 USD) - 2023/01/23 13:32:15 ET
Table 'Sita II' 6-max Seat #6 is the button
Seat 1: szakadar ($1.20 in chips) 
Seat 2: paok.f.c.000 ($2.48 in chips) 
Seat 3: @Mylatka@88 ($1.66 in chips) 
Seat 4: Lorpugo ($1.75 in chips) 
Seat 5: NinnaBella ($4.33 in chips) 
Seat 6: Klippen#1 ($1.87 in chips) 
szakadar: posts small blind $0.01
paok.f.c.000: posts big blind $0.02
*** HOLE CARDS ***
Dealt to Lorpugo [7c 2h]
@Mylatka@88: folds 
Lorpugo: folds 
NinnaBella: folds 
Klippen#1: folds 
szakadar: calls $0.01
paok.f.c.000: checks 
*** FLOP *** [7s Th Kc]
szakadar: checks 
paok.f.c.000: checks 
*** TURN *** [7s Th Kc] [8s]
szakadar: checks 
paok.f.c.000: checks 
*** RIVER *** [7s Th Kc 8s] [9d]
szakadar: bets $0.08
paok.f.c.000: calls $0.08
*** SHOW DOWN ***
szakadar: shows [Jc Ts] (a straight, Seven to Jack)
paok.f.c.000: mucks hand 
szakadar collected $0.19 from pot
*** SUMMARY ***
Total pot $0.20 | Rake $0.01 
Board [7s Th Kc 8s 9d]
Seat 1: szakadar (small blind) showed [Jc Ts] and won ($0.19) with a straight, Seven to Jack
Seat 2: paok.f.c.000 (big blind) mucked [Tc 5h]
Seat 3: @Mylatka@88 folded before Flop (didn't bet)
Seat 4: Lorpugo folded before Flop (didn't bet)
Seat 5: NinnaBella folded before Flop (didn't bet)
Seat 6: Klippen#1 (button) folded before Flop (didn't bet)



PokerStars Hand #241345749804:  Hold'em No Limit ($0.01/$0.02 USD) - 2023/01/23 13:33:11 ET
Table 'Sita II' 6-max Seat #1 is the button
Seat 1: szakadar ($1.29 in chips) 
Seat 2: paok.f.c.000 ($2.38 in chips) 
Seat 3: @Mylatka@88 ($1.66 in chips) 
Seat 4: Lorpugo ($1.75 in chips) 
Seat 5: NinnaBella ($4.33 in chips) 
Seat 6: Klippen#1 ($1.87 in chips) 
paok.f.c.000: posts small blind $0.01
@Mylatka@88: posts big blind $0.02
*** HOLE CARDS ***
Dealt to Lorpugo [6d 5h]
Lorpugo: folds 
NinnaBella: folds 
Klippen#1: folds 
szakadar: folds 
paok.f.c.000: folds 
Uncalled bet ($0.01) returned to @Mylatka@88
@Mylatka@88 collected $0.02 from pot
*** SUMMARY ***
Total pot $0.02 | Rake $0 
Seat 1: szakadar (button) folded before Flop (didn't bet)
Seat 2: paok.f.c.000 (small blind) folded before Flop
Seat 3: @Mylatka@88 (big blind) collected ($0.02)
Seat 4: Lorpugo folded before Flop (didn't bet)
Seat 5: NinnaBella folded before Flop (didn't bet)
Seat 6: Klippen#1 folded before Flop (didn't bet)



PokerStars Hand #241345756158:  Hold'em No Limit ($0.01/$0.02 USD) - 2023/01/23 13:33:27 ET
Table 'Sita II' 6-max Seat #2 is the button
Seat 1: szakadar ($1.29 in chips) 
Seat 2: paok.f.c.000 ($2.37 in chips) 
Seat 3: @Mylatka@88 ($1.67 in chips) 
Seat 4: Lorpugo ($1.75 in chips) 
Seat 5: NinnaBella ($4.33 in chips) 
Seat 6: Klippen#1 ($1.87 in chips) 
@Mylatka@88: posts small blind $0.01
Lorpugo: posts big blind $0.02
*** HOLE CARDS ***
Dealt to Lorpugo [6h Ac]
NinnaBella: folds 
Klippen#1: raises $0.04 to $0.06
szakadar: raises $0.30 to $0.36
paok.f.c.000: folds 
@Mylatka@88: folds 
Lorpugo: folds 
Klippen#1: folds 
Uncalled bet ($0.30) returned to szakadar
szakadar collected $0.15 from pot
szakadar: doesn't show hand 
*** SUMMARY ***
Total pot $0.15 | Rake $0 
Seat 1: szakadar collected ($0.15)
Seat 2: paok.f.c.000 (button) folded before Flop (didn't bet)
Seat 3: @Mylatka@88 (small blind) folded before Flop
Seat 4: Lorpugo (big blind) folded before Flop
Seat 5: NinnaBella folded before Flop (didn't bet)
Seat 6: Klippen#1 folded before Flop



PokerStars Hand #241345768247:  Hold'em No Limit ($0.01/$0.02 USD) - 2023/01/23 13:33:58 ET
Table 'Sita II' 6-max Seat #3 is the button
Seat 1: szakadar ($1.38 in chips) 
Seat 2: paok.f.c.000 ($2.37 in chips) 
Seat 3: @Mylatka@88 ($1.66 in chips) 
Seat 4: Lorpugo ($1.73 in chips) 
Seat 5: NinnaBella ($4.33 in chips) 
Seat 6: Klippen#1 ($1.81 in chips) 
Lorpugo: posts small blind $0.01
NinnaBella: posts big blind $0.02
*** HOLE CARDS ***
Dealt to Lorpugo [Kh 4d]
Klippen#1: raises $0.04 to $0.06
szakadar: calls $0.06
paok.f.c.000: calls $0.06
@Mylatka@88: folds 
Lorpugo: folds 
NinnaBella: folds 
*** FLOP *** [7s Ad 5d]
Klippen#1: checks 
szakadar: bets $0.10
paok.f.c.000: folds 
Klippen#1: folds 
Uncalled bet ($0.10) returned to szakadar
szakadar collected $0.20 from pot
szakadar: doesn't show hand 
*** SUMMARY ***
Total pot $0.21 | Rake $0.01 
Board [7s Ad 5d]
Seat 1: szakadar collected ($0.20)
Seat 2: paok.f.c.000 folded on the Flop
Seat 3: @Mylatka@88 (button) folded before Flop (didn't bet)
Seat 4: Lorpugo (small blind) folded before Flop
Seat 5: NinnaBella (big blind) folded before Flop
Seat 6: Klippen#1 folded on the Flop



PokerStars Hand #241345784366:  Hold'em No Limit ($0.01/$0.02 USD) - 2023/01/23 13:34:39 ET
Table 'Sita II' 6-max Seat #4 is the button
Seat 1: szakadar ($1.52 in chips) 
Seat 2: paok.f.c.000 ($2.31 in chips) 
Seat 3: @Mylatka@88 ($1.66 in chips) 
Seat 4: Lorpugo ($1.72 in chips) 
Seat 5: NinnaBella ($4.31 in chips) 
Seat 6: Klippen#1 ($1.75 in chips) 
NinnaBella: posts small blind $0.01
Klippen#1: posts big blind $0.02
*** HOLE CARDS ***
Dealt to Lorpugo [7s 9d]
szakadar: folds 
paok.f.c.000: folds 
@Mylatka@88: raises $0.04 to $0.06
Lorpugo: folds 
NinnaBella: folds 
Klippen#1: calls $0.04
*** FLOP *** [3c 8c 3s]
Klippen#1: checks 
@Mylatka@88: checks 
*** TURN *** [3c 8c 3s] [3h]
Klippen#1: bets $0.07
@Mylatka@88: folds 
Uncalled bet ($0.07) returned to Klippen#1
Klippen#1 collected $0.13 from pot
Klippen#1: doesn't show hand 
*** SUMMARY ***
Total pot $0.13 | Rake $0 
Board [3c 8c 3s 3h]
Seat 1: szakadar folded before Flop (didn't bet)
Seat 2: paok.f.c.000 folded before Flop (didn't bet)
Seat 3: @Mylatka@88 folded on the Turn
Seat 4: Lorpugo (button) folded before Flop (didn't bet)
Seat 5: NinnaBella (small blind) folded before Flop
Seat 6: Klippen#1 (big blind) collected ($0.13)



PokerStars Hand #241345794186:  Hold'em No Limit ($0.01/$0.02 USD) - 2023/01/23 13:35:04 ET
Table 'Sita II' 6-max Seat #5 is the button
Seat 1: szakadar ($1.52 in chips) 
Seat 2: paok.f.c.000 ($2.31 in chips) 
Seat 3: @Mylatka@88 ($1.60 in chips) 
Seat 4: Lorpugo ($1.72 in chips) 
Seat 5: NinnaBella ($4.30 in chips) 
Seat 6: Klippen#1 ($1.82 in chips) 
Klippen#1: posts small blind $0.01
szakadar: posts big blind $0.02
*** HOLE CARDS ***
Dealt to Lorpugo [8d 9h]
paok.f.c.000: folds 
@Mylatka@88: folds 
Lorpugo: raises $0.03 to $0.05
NinnaBella: folds 
Klippen#1: folds 
szakadar: folds 
Uncalled bet ($0.03) returned to Lorpugo
Lorpugo collected $0.05 from pot
Lorpugo: doesn't show hand 
*** SUMMARY ***
Total pot $0.05 | Rake $0 
Seat 1: szakadar (big blind) folded before Flop
Seat 2: paok.f.c.000 folded before Flop (didn't bet)
Seat 3: @Mylatka@88 folded before Flop (didn't bet)
Seat 4: Lorpugo collected ($0.05)
Seat 5: NinnaBella (button) folded before Flop (didn't bet)
Seat 6: Klippen#1 (small blind) folded before Flop



PokerStars Hand #241345800477:  Hold'em No Limit ($0.01/$0.02 USD) - 2023/01/23 13:35:20 ET
Table 'Sita II' 6-max Seat #6 is the button
Seat 1: szakadar ($1.50 in chips) 
Seat 2: paok.f.c.000 ($2.31 in chips) 
Seat 3: @Mylatka@88 ($1.60 in chips) 
Seat 4: Lorpugo ($1.75 in chips) 
Seat 5: NinnaBella ($4.30 in chips) 
Seat 6: Klippen#1 ($1.81 in chips) 
szakadar: posts small blind $0.01
paok.f.c.000: posts big blind $0.02
*** HOLE CARDS ***
Dealt to Lorpugo [7d Qc]
@Mylatka@88: folds 
Lorpugo: folds 
NinnaBella: folds 
Klippen#1: folds 
szakadar: folds 
Uncalled bet ($0.01) returned to paok.f.c.000
paok.f.c.000 collected $0.02 from pot
*** SUMMARY ***
Total pot $0.02 | Rake $0 
Seat 1: szakadar (small blind) folded before Flop
Seat 2: paok.f.c.000 (big blind) collected ($0.02)
Seat 3: @Mylatka@88 folded before Flop (didn't bet)
Seat 4: Lorpugo folded before Flop (didn't bet)
Seat 5: NinnaBella folded before Flop (didn't bet)
Seat 6: Klippen#1 (button) folded before Flop (didn't bet)



PokerStars Hand #241345806045:  Hold'em No Limit ($0.01/$0.02 USD) - 2023/01/23 13:35:34 ET
Table 'Sita II' 6-max Seat #1 is the button
Seat 1: szakadar ($1.49 in chips) 
Seat 2: paok.f.c.000 ($2.32 in chips) 
Seat 3: @Mylatka@88 ($1.60 in chips) 
Seat 4: Lorpugo ($1.75 in chips) 
Seat 5: NinnaBella ($4.30 in chips) 
Seat 6: Klippen#1 ($1.81 in chips) 
paok.f.c.000: posts small blind $0.01
@Mylatka@88: posts big blind $0.02
*** HOLE CARDS ***
Dealt to Lorpugo [2c 2d]
Lorpugo: raises $0.02 to $0.04
NinnaBella: folds 
Klippen#1: folds 
szakadar: folds 
paok.f.c.000: folds 
@Mylatka@88: folds 
Uncalled bet ($0.02) returned to Lorpugo
Lorpugo collected $0.05 from pot
Lorpugo: doesn't show hand 
*** SUMMARY ***
Total pot $0.05 | Rake $0 
Seat 1: szakadar (button) folded before Flop (didn't bet)
Seat 2: paok.f.c.000 (small blind) folded before Flop
Seat 3: @Mylatka@88 (big blind) folded before Flop
Seat 4: Lorpugo collected ($0.05)
Seat 5: NinnaBella folded before Flop (didn't bet)
Seat 6: Klippen#1 folded before Flop (didn't bet)



PokerStars Hand #241345813102:  Hold'em No Limit ($0.01/$0.02 USD) - 2023/01/23 13:35:53 ET
Table 'Sita II' 6-max Seat #2 is the button
Seat 1: szakadar ($1.49 in chips) 
Seat 2: paok.f.c.000 ($2.31 in chips) 
Seat 3: @Mylatka@88 ($1.58 in chips) 
Seat 4: Lorpugo ($1.78 in chips) 
Seat 5: NinnaBella ($4.30 in chips) 
Seat 6: Klippen#1 ($1.81 in chips) 
@Mylatka@88: posts small blind $0.01
Lorpugo: posts big blind $0.02
*** HOLE CARDS ***
Dealt to Lorpugo [Jh 9d]
NinnaBella: folds 
Klippen#1: folds 
szakadar: folds 
paok.f.c.000: calls $0.02
@Mylatka@88: folds 
Lorpugo: checks 
*** FLOP *** [2h 6s Ah]
Lorpugo: checks 
paok.f.c.000: bets $0.04
Lorpugo: folds 
Uncalled bet ($0.04) returned to paok.f.c.000
paok.f.c.000 collected $0.05 from pot
*** SUMMARY ***
Total pot $0.05 | Rake $0 
Board [2h 6s Ah]
Seat 1: szakadar folded before Flop (didn't bet)
Seat 2: paok.f.c.000 (button) collected ($0.05)
Seat 3: @Mylatka@88 (small blind) folded before Flop
Seat 4: Lorpugo (big blind) folded on the Flop
Seat 5: NinnaBella folded before Flop (didn't bet)
Seat 6: Klippen#1 folded before Flop (didn't bet)



PokerStars Hand #241345825314:  Hold'em No Limit ($0.01/$0.02 USD) - 2023/01/23 13:36:24 ET
Table 'Sita II' 6-max Seat #3 is the button
Seat 1: szakadar ($1.49 in chips) 
Seat 2: paok.f.c.000 ($2.34 in chips) 
Seat 3: @Mylatka@88 ($1.57 in chips) 
Seat 4: Lorpugo ($1.76 in chips) 
Seat 5: NinnaBella ($4.30 in chips) 
Seat 6: Klippen#1 ($1.81 in chips) 
Lorpugo: posts small blind $0.01
NinnaBella: posts big blind $0.02
*** HOLE CARDS ***
Dealt to Lorpugo [5c Jh]
Klippen#1: raises $0.04 to $0.06
szakadar: folds 
paok.f.c.000: folds 
@Mylatka@88: folds 
Lorpugo: folds 
NinnaBella: calls $0.04
*** FLOP *** [Ah Kh 6s]
NinnaBella: checks 
Klippen#1: bets $0.05
NinnaBella: calls $0.05
*** TURN *** [Ah Kh 6s] [Ad]
NinnaBella: checks 
Klippen#1: bets $0.13
NinnaBella: calls $0.13
*** RIVER *** [Ah Kh 6s Ad] [Th]
NinnaBella: checks 
Klippen#1: bets $0.28
NinnaBella: folds 
Uncalled bet ($0.28) returned to Klippen#1
Klippen#1 collected $0.47 from pot
Klippen#1: doesn't show hand 
*** SUMMARY ***
Total pot $0.49 | Rake $0.02 
Board [Ah Kh 6s Ad Th]
Seat 1: szakadar folded before Flop (didn't bet)
Seat 2: paok.f.c.000 folded before Flop (didn't bet)
Seat 3: @Mylatka@88 (button) folded before Flop (didn't bet)
Seat 4: Lorpugo (small blind) folded before Flop
Seat 5: NinnaBella (big blind) folded on the River
Seat 6: Klippen#1 collected ($0.47)



PokerStars Hand #241345855271:  Hold'em No Limit ($0.01/$0.02 USD) - 2023/01/23 13:37:41 ET
Table 'Sita II' 6-max Seat #4 is the button
Seat 1: szakadar ($1.49 in chips) 
Seat 2: paok.f.c.000 ($2.34 in chips) 
Seat 3: @Mylatka@88 ($1.57 in chips) 
Seat 4: Lorpugo ($1.75 in chips) 
Seat 5: NinnaBella ($4.06 in chips) 
Seat 6: Klippen#1 ($2.04 in chips) 
NinnaBella: posts small blind $0.01
Klippen#1: posts big blind $0.02
*** HOLE CARDS ***
Dealt to Lorpugo [Ac 7c]
szakadar: folds 
paok.f.c.000: calls $0.02
@Mylatka@88: folds 
Lorpugo: raises $0.10 to $0.12
NinnaBella: folds 
Klippen#1: raises $1.92 to $2.04 and is all-in
paok.f.c.000: folds 
Lorpugo: folds 
Uncalled bet ($1.92) returned to Klippen#1
Klippen#1 collected $0.27 from pot
Klippen#1: doesn't show hand 
*** SUMMARY ***
Total pot $0.27 | Rake $0 
Seat 1: szakadar folded before Flop (didn't bet)
Seat 2: paok.f.c.000 folded before Flop
Seat 3: @Mylatka@88 folded before Flop (didn't bet)
Seat 4: Lorpugo (button) folded before Flop
Seat 5: NinnaBella (small blind) folded before Flop
Seat 6: Klippen#1 (big blind) collected ($0.27)



PokerStars Hand #241345869996:  Hold'em No Limit ($0.01/$0.02 USD) - 2023/01/23 13:38:19 ET
Table 'Sita II' 6-max Seat #5 is the button
Seat 1: szakadar ($1.49 in chips) 
Seat 2: paok.f.c.000 ($2.32 in chips) 
Seat 3: @Mylatka@88 ($1.57 in chips) 
Seat 4: Lorpugo ($1.63 in chips) 
Seat 5: NinnaBella ($4.05 in chips) 
Seat 6: Klippen#1 ($2.19 in chips) 
Klippen#1: posts small blind $0.01
szakadar: posts big blind $0.02
*** HOLE CARDS ***
Dealt to Lorpugo [3d 7h]
paok.f.c.000: calls $0.02
@Mylatka@88: folds 
Lorpugo: folds 
NinnaBella: folds 
Klippen#1: folds 
szakadar: checks 
*** FLOP *** [7s 5s Qh]
szakadar: checks 
paok.f.c.000: checks 
*** TURN *** [7s 5s Qh] [Jc]
szakadar: checks 
paok.f.c.000: checks 
*** RIVER *** [7s 5s Qh Jc] [4c]
szakadar: checks 
paok.f.c.000: checks 
*** SHOW DOWN ***
szakadar: shows [Th 8c] (high card Queen)
paok.f.c.000: shows [3s As] (high card Ace)
paok.f.c.000 collected $0.05 from pot
*** SUMMARY ***
Total pot $0.05 | Rake $0 
Board [7s 5s Qh Jc 4c]
Seat 1: szakadar (big blind) showed [Th 8c] and lost with high card Queen
Seat 2: paok.f.c.000 showed [3s As] and won ($0.05) with high card Ace
Seat 3: @Mylatka@88 folded before Flop (didn't bet)
Seat 4: Lorpugo folded before Flop (didn't bet)
Seat 5: NinnaBella (button) folded before Flop (didn't bet)
Seat 6: Klippen#1 (small blind) folded before Flop



PokerStars Hand #241345889577:  Hold'em No Limit ($0.01/$0.02 USD) - 2023/01/23 13:39:09 ET
Table 'Sita II' 6-max Seat #6 is the button
Seat 1: szakadar ($1.47 in chips) 
Seat 2: paok.f.c.000 ($2.35 in chips) 
Seat 3: @Mylatka@88 ($1.57 in chips) 
Seat 4: Lorpugo ($1.63 in chips) 
Seat 5: NinnaBella ($4.05 in chips) 
Seat 6: Klippen#1 ($2.18 in chips) 
szakadar: posts small blind $0.01
paok.f.c.000: posts big blind $0.02
*** HOLE CARDS ***
Dealt to Lorpugo [2c Kc]
@Mylatka@88: raises $0.04 to $0.06
Lorpugo: folds 
NinnaBella: folds 
Klippen#1: raises $0.12 to $0.18
szakadar: folds 
paok.f.c.000: folds 
@Mylatka@88: calls $0.12
*** FLOP *** [Jc 6h 8c]
@Mylatka@88: checks 
Klippen#1: bets $0.17
@Mylatka@88: calls $0.17
*** TURN *** [Jc 6h 8c] [5d]
@Mylatka@88: checks 
Klippen#1: bets $0.31
@Mylatka@88: calls $0.31
*** RIVER *** [Jc 6h 8c 5d] [4d]
@Mylatka@88: checks 
Klippen#1: bets $0.73
@Mylatka@88: calls $0.73
*** SHOW DOWN ***
Klippen#1: shows [Ah Kd] (high card Ace)
@Mylatka@88: shows [Jh 8h] (two pair, Jacks and Eights)
@Mylatka@88 collected $2.71 from pot
*** SUMMARY ***
Total pot $2.81 | Rake $0.10 
Board [Jc 6h 8c 5d 4d]
Seat 1: szakadar (small blind) folded before Flop
Seat 2: paok.f.c.000 (big blind) folded before Flop
Seat 3: @Mylatka@88 showed [Jh 8h] and won ($2.71) with two pair, Jacks and Eights
Seat 4: Lorpugo folded before Flop (didn't bet)
Seat 5: NinnaBella folded before Flop (didn't bet)
Seat 6: Klippen#1 (button) showed [Ah Kd] and lost with high card Ace



PokerStars Hand #241345911683:  Hold'em No Limit ($0.01/$0.02 USD) - 2023/01/23 13:40:05 ET
Table 'Sita II' 6-max Seat #1 is the button
Seat 1: szakadar ($1.46 in chips) 
Seat 2: paok.f.c.000 ($2.33 in chips) 
Seat 3: @Mylatka@88 ($2.89 in chips) 
Seat 4: Lorpugo ($1.63 in chips) 
Seat 5: NinnaBella ($4.05 in chips) 
Seat 6: Klippen#1 ($0.79 in chips) 
paok.f.c.000: posts small blind $0.01
@Mylatka@88: posts big blind $0.02
*** HOLE CARDS ***
Dealt to Lorpugo [2c Tc]
Lorpugo: folds 
NinnaBella: folds 
Klippen#1: folds 
szakadar: folds 
paok.f.c.000: folds 
Uncalled bet ($0.01) returned to @Mylatka@88
@Mylatka@88 collected $0.02 from pot
*** SUMMARY ***
Total pot $0.02 | Rake $0 
Seat 1: szakadar (button) folded before Flop (didn't bet)
Seat 2: paok.f.c.000 (small blind) folded before Flop
Seat 3: @Mylatka@88 (big blind) collected ($0.02)
Seat 4: Lorpugo folded before Flop (didn't bet)
Seat 5: NinnaBella folded before Flop (didn't bet)
Seat 6: Klippen#1 folded before Flop (didn't bet)



PokerStars Hand #241345919582:  Hold'em No Limit ($0.01/$0.02 USD) - 2023/01/23 13:40:26 ET
Table 'Sita II' 6-max Seat #2 is the button
Seat 1: szakadar ($1.46 in chips) 
Seat 2: paok.f.c.000 ($2.32 in chips) 
Seat 3: @Mylatka@88 ($2.90 in chips) 
Seat 4: Lorpugo ($1.63 in chips) 
Seat 5: NinnaBella ($4.05 in chips) 
Seat 6: Klippen#1 ($0.79 in chips) 
@Mylatka@88: posts small blind $0.01
Lorpugo: posts big blind $0.02
*** HOLE CARDS ***
Dealt to Lorpugo [7d As]
NinnaBella: raises $0.03 to $0.05
Klippen#1: folds 
szakadar: folds 
paok.f.c.000: folds 
@Mylatka@88: folds 
Lorpugo: folds 
Uncalled bet ($0.03) returned to NinnaBella
NinnaBella collected $0.05 from pot
NinnaBella: doesn't show hand 
*** SUMMARY ***
Total pot $0.05 | Rake $0 
Seat 1: szakadar folded before Flop (didn't bet)
Seat 2: paok.f.c.000 (button) folded before Flop (didn't bet)
Seat 3: @Mylatka@88 (small blind) folded before Flop
Seat 4: Lorpugo (big blind) folded before Flop
Seat 5: NinnaBella collected ($0.05)
Seat 6: Klippen#1 folded before Flop (didn't bet)



PokerStars Hand #241345927227:  Hold'em No Limit ($0.01/$0.02 USD) - 2023/01/23 13:40:45 ET
Table 'Sita II' 6-max Seat #3 is the button
Seat 1: szakadar ($1.46 in chips) 
Seat 2: paok.f.c.000 ($2.32 in chips) 
Seat 3: @Mylatka@88 ($2.89 in chips) 
Seat 4: Lorpugo ($1.61 in chips) 
Seat 5: NinnaBella ($4.08 in chips) 
Seat 6: Klippen#1 ($0.79 in chips) 
Lorpugo: posts small blind $0.01
NinnaBella: posts big blind $0.02
*** HOLE CARDS ***
Dealt to Lorpugo [Ts 9d]
Klippen#1: folds 
szakadar: folds 
paok.f.c.000: calls $0.02
@Mylatka@88: raises $0.04 to $0.06
Lorpugo: folds 
NinnaBella: folds 
paok.f.c.000: calls $0.04
*** FLOP *** [5c 6c 5s]
paok.f.c.000: checks 
@Mylatka@88: bets $0.07
paok.f.c.000: folds 
Uncalled bet ($0.07) returned to @Mylatka@88
@Mylatka@88 collected $0.14 from pot
*** SUMMARY ***
Total pot $0.15 | Rake $0.01 
Board [5c 6c 5s]
Seat 1: szakadar folded before Flop (didn't bet)
Seat 2: paok.f.c.000 folded on the Flop
Seat 3: @Mylatka@88 (button) collected ($0.14)
Seat 4: Lorpugo (small blind) folded before Flop
Seat 5: NinnaBella (big blind) folded before Flop
Seat 6: Klippen#1 folded before Flop (didn't bet)



PokerStars Hand #241345941229:  Hold'em No Limit ($0.01/$0.02 USD) - 2023/01/23 13:41:21 ET
Table 'Sita II' 6-max Seat #4 is the button
Seat 1: szakadar ($1.46 in chips) 
Seat 2: paok.f.c.000 ($2.26 in chips) 
Seat 3: @Mylatka@88 ($2.97 in chips) 
Seat 4: Lorpugo ($1.60 in chips) 
Seat 5: NinnaBella ($4.06 in chips) 
Seat 6: Klippen#1 ($0.79 in chips) 
NinnaBella: posts small blind $0.01
Klippen#1: posts big blind $0.02
*** HOLE CARDS ***
Dealt to Lorpugo [Th 6h]
szakadar: folds 
paok.f.c.000: folds 
@Mylatka@88: raises $0.04 to $0.06
Lorpugo: folds 
NinnaBella: folds 
Klippen#1: folds 
Uncalled bet ($0.04) returned to @Mylatka@88
@Mylatka@88 collected $0.05 from pot
*** SUMMARY ***
Total pot $0.05 | Rake $0 
Seat 1: szakadar folded before Flop (didn't bet)
Seat 2: paok.f.c.000 folded before Flop (didn't bet)
Seat 3: @Mylatka@88 collected ($0.05)
Seat 4: Lorpugo (button) folded before Flop (didn't bet)
Seat 5: NinnaBella (small blind) folded before Flop
Seat 6: Klippen#1 (big blind) folded before Flop



PokerStars Hand #241345947420:  Hold'em No Limit ($0.01/$0.02 USD) - 2023/01/23 13:41:37 ET
Table 'Sita II' 6-max Seat #5 is the button
Seat 1: szakadar ($1.46 in chips) 
Seat 2: paok.f.c.000 ($2.26 in chips) 
Seat 3: @Mylatka@88 ($3 in chips) 
Seat 4: Lorpugo ($1.60 in chips) 
Seat 5: NinnaBella ($4.05 in chips) 
Seat 6: Klippen#1 ($0.77 in chips) 
Klippen#1: posts small blind $0.01
szakadar: posts big blind $0.02
*** HOLE CARDS ***
Dealt to Lorpugo [3s Js]
paok.f.c.000: folds 
@Mylatka@88: folds 
Lorpugo: folds 
NinnaBella: raises $0.03 to $0.05
Klippen#1: folds 
szakadar: raises $0.27 to $0.32
NinnaBella: folds 
Uncalled bet ($0.27) returned to szakadar
szakadar collected $0.11 from pot
szakadar: doesn't show hand 
*** SUMMARY ***
Total pot $0.11 | Rake $0 
Seat 1: szakadar (big blind) collected ($0.11)
Seat 2: paok.f.c.000 folded before Flop (didn't bet)
Seat 3: @Mylatka@88 folded before Flop (didn't bet)
Seat 4: Lorpugo folded before Flop (didn't bet)
Seat 5: NinnaBella (button) folded before Flop
Seat 6: Klippen#1 (small blind) folded before Flop



PokerStars Hand #241345959841:  Hold'em No Limit ($0.01/$0.02 USD) - 2023/01/23 13:42:08 ET
Table 'Sita II' 6-max Seat #6 is the button
Seat 1: szakadar ($1.52 in chips) 
Seat 2: paok.f.c.000 ($2.26 in chips) 
Seat 3: @Mylatka@88 ($3 in chips) 
Seat 4: Lorpugo ($1.60 in chips) 
Seat 5: NinnaBella ($4 in chips) 
Seat 6: Klippen#1 ($0.76 in chips) 
szakadar: posts small blind $0.01
paok.f.c.000: posts big blind $0.02
*** HOLE CARDS ***
Dealt to Lorpugo [5h 5s]
@Mylatka@88: folds 
Lorpugo: raises $0.03 to $0.05
NinnaBella: folds 
Klippen#1: calls $0.05
szakadar: calls $0.04
paok.f.c.000: calls $0.03
*** FLOP *** [4c Tc Kc]
szakadar: checks 
paok.f.c.000: checks 
Lorpugo: checks 
Klippen#1: checks 
*** TURN *** [4c Tc Kc] [Jc]
szakadar: checks 
paok.f.c.000: bets $0.02
Lorpugo: folds 
Klippen#1: folds 
Klippen#1 leaves the table
szakadar: folds 
Uncalled bet ($0.02) returned to paok.f.c.000
paok.f.c.000 collected $0.19 from pot
*** SUMMARY ***
Total pot $0.20 | Rake $0.01 
Board [4c Tc Kc Jc]
Seat 1: szakadar (small blind) folded on the Turn
Seat 2: paok.f.c.000 (big blind) collected ($0.19)
Seat 3: @Mylatka@88 folded before Flop (didn't bet)
Seat 4: Lorpugo folded on the Turn
Seat 5: NinnaBella folded before Flop (didn't bet)
Seat 6: Klippen#1 (button) folded on the Turn



PokerStars Hand #241345981537:  Hold'em No Limit ($0.01/$0.02 USD) - 2023/01/23 13:43:03 ET
Table 'Sita II' 6-max Seat #1 is the button
Seat 1: szakadar ($1.47 in chips) 
Seat 2: paok.f.c.000 ($2.40 in chips) 
Seat 3: @Mylatka@88 ($3 in chips) 
Seat 4: Lorpugo ($1.55 in chips) 
Seat 5: NinnaBella ($4 in chips) 
paok.f.c.000: posts small blind $0.01
@Mylatka@88: posts big blind $0.02
*** HOLE CARDS ***
Dealt to Lorpugo [Ks Ac]
lotsovisaac joins the table at seat #6 
Lorpugo: raises $0.03 to $0.05
NinnaBella: folds 
szakadar: folds 
paok.f.c.000: folds 
@Mylatka@88: folds 
Uncalled bet ($0.03) returned to Lorpugo
Lorpugo collected $0.05 from pot
Lorpugo: doesn't show hand 
*** SUMMARY ***
Total pot $0.05 | Rake $0 
Seat 1: szakadar (button) folded before Flop (didn't bet)
Seat 2: paok.f.c.000 (small blind) folded before Flop
Seat 3: @Mylatka@88 (big blind) folded before Flop
Seat 4: Lorpugo collected ($0.05)
Seat 5: NinnaBella folded before Flop (didn't bet)



PokerStars Hand #241345988230:  Hold'em No Limit ($0.01/$0.02 USD) - 2023/01/23 13:43:21 ET
Table 'Sita II' 6-max Seat #2 is the button
Seat 1: szakadar ($1.47 in chips) 
Seat 2: paok.f.c.000 ($2.39 in chips) 
Seat 3: @Mylatka@88 ($2.98 in chips) 
Seat 4: Lorpugo ($1.58 in chips) 
Seat 5: NinnaBella ($4 in chips) 
Seat 6: lotsovisaac ($1.60 in chips) 
@Mylatka@88: posts small blind $0.01
Lorpugo: posts big blind $0.02
lotsovisaac: posts big blind $0.02
*** HOLE CARDS ***
Dealt to Lorpugo [3c 6c]
NinnaBella: folds 
lotsovisaac: checks 
szakadar: folds 
paok.f.c.000: calls $0.02
@Mylatka@88: calls $0.01
Lorpugo: checks 
*** FLOP *** [Ts 6d 5h]
@Mylatka@88: checks 
Lorpugo: bets $0.02
lotsovisaac: raises $0.12 to $0.14
paok.f.c.000: calls $0.14
@Mylatka@88: folds 
Lorpugo: folds 
*** TURN *** [Ts 6d 5h] [3s]
lotsovisaac: checks 
paok.f.c.000: checks 
*** RIVER *** [Ts 6d 5h 3s] [2c]
lotsovisaac: bets $0.37
paok.f.c.000: calls $0.37
*** SHOW DOWN ***
lotsovisaac: shows [4d 3d] (a straight, Deuce to Six)
paok.f.c.000: mucks hand 
lotsovisaac collected $1.08 from pot
*** SUMMARY ***
Total pot $1.12 | Rake $0.04 
Board [Ts 6d 5h 3s 2c]
Seat 1: szakadar folded before Flop (didn't bet)
Seat 2: paok.f.c.000 (button) mucked [Ah 5s]
Seat 3: @Mylatka@88 (small blind) folded on the Flop
Seat 4: Lorpugo (big blind) folded on the Flop
Seat 5: NinnaBella folded before Flop (didn't bet)
Seat 6: lotsovisaac showed [4d 3d] and won ($1.08) with a straight, Deuce to Six



PokerStars Hand #241346008000:  Hold'em No Limit ($0.01/$0.02 USD) - 2023/01/23 13:44:11 ET
Table 'Sita II' 6-max Seat #3 is the button
Seat 1: szakadar ($1.47 in chips) 
Seat 2: paok.f.c.000 ($1.86 in chips) 
Seat 3: @Mylatka@88 ($2.96 in chips) 
Seat 4: Lorpugo ($1.54 in chips) 
Seat 5: NinnaBella ($4 in chips) 
Seat 6: lotsovisaac ($2.15 in chips) 
Lorpugo: posts small blind $0.01
NinnaBella: posts big blind $0.02
*** HOLE CARDS ***
Dealt to Lorpugo [As 8h]
lotsovisaac: folds 
szakadar: folds 
paok.f.c.000: folds 
@Mylatka@88: folds 
Lorpugo: raises $0.03 to $0.05
NinnaBella: calls $0.03
*** FLOP *** [Qc Jd 9h]
Lorpugo: checks 
NinnaBella: bets $0.05
Lorpugo: folds 
Uncalled bet ($0.05) returned to NinnaBella
NinnaBella collected $0.10 from pot
NinnaBella: doesn't show hand 
*** SUMMARY ***
Total pot $0.10 | Rake $0 
Board [Qc Jd 9h]
Seat 1: szakadar folded before Flop (didn't bet)
Seat 2: paok.f.c.000 folded before Flop (didn't bet)
Seat 3: @Mylatka@88 (button) folded before Flop (didn't bet)
Seat 4: Lorpugo (small blind) folded on the Flop
Seat 5: NinnaBella (big blind) collected ($0.10)
Seat 6: lotsovisaac folded before Flop (didn't bet)



PokerStars Hand #241346021612:  Hold'em No Limit ($0.01/$0.02 USD) - 2023/01/23 13:44:46 ET
Table 'Sita II' 6-max Seat #4 is the button
Seat 1: szakadar ($1.47 in chips) 
Seat 2: paok.f.c.000 ($1.86 in chips) 
Seat 3: @Mylatka@88 ($2.96 in chips) 
Seat 4: Lorpugo ($1.49 in chips) 
Seat 5: NinnaBella ($4.05 in chips) 
Seat 6: lotsovisaac ($2.15 in chips) 
NinnaBella: posts small blind $0.01
lotsovisaac: posts big blind $0.02
*** HOLE CARDS ***
Dealt to Lorpugo [Qh 4h]
szakadar: folds 
paok.f.c.000: folds 
@Mylatka@88: folds 
Lorpugo: raises $0.03 to $0.05
NinnaBella: raises $0.17 to $0.22
lotsovisaac: folds 
Lorpugo: folds 
Uncalled bet ($0.17) returned to NinnaBella
NinnaBella collected $0.12 from pot
NinnaBella: doesn't show hand 
*** SUMMARY ***
Total pot $0.12 | Rake $0 
Seat 1: szakadar folded before Flop (didn't bet)
Seat 2: paok.f.c.000 folded before Flop (didn't bet)
Seat 3: @Mylatka@88 folded before Flop (didn't bet)
Seat 4: Lorpugo (button) folded before Flop
Seat 5: NinnaBella (small blind) collected ($0.12)
Seat 6: lotsovisaac (big blind) folded before Flop



PokerStars Hand #241346031821:  Hold'em No Limit ($0.01/$0.02 USD) - 2023/01/23 13:45:13 ET
Table 'Sita II' 6-max Seat #5 is the button
Seat 1: szakadar ($1.47 in chips) 
Seat 2: paok.f.c.000 ($1.86 in chips) 
Seat 3: @Mylatka@88 ($2.96 in chips) 
Seat 4: Lorpugo ($1.44 in chips) 
Seat 5: NinnaBella ($4.12 in chips) 
Seat 6: lotsovisaac ($2.13 in chips) 
lotsovisaac: posts small blind $0.01
szakadar: posts big blind $0.02
*** HOLE CARDS ***
Dealt to Lorpugo [6c 6d]
paok.f.c.000: raises $0.04 to $0.06
@Mylatka@88: calls $0.06
Lorpugo: calls $0.06
NinnaBella: folds 
lotsovisaac: raises $0.04 to $0.10
szakadar: folds 
paok.f.c.000: calls $0.04
@Mylatka@88: calls $0.04
Lorpugo: calls $0.04
*** FLOP *** [9d Js Jc]
lotsovisaac: checks 
paok.f.c.000: checks 
@Mylatka@88: checks 
Lorpugo: bets $0.14
lotsovisaac: folds 
paok.f.c.000: calls $0.14
@Mylatka@88: folds 
*** TURN *** [9d Js Jc] [8h]
paok.f.c.000: checks 
Lorpugo: checks 
*** RIVER *** [9d Js Jc 8h] [Th]
paok.f.c.000: bets $0.68
Lorpugo: folds 
Uncalled bet ($0.68) returned to paok.f.c.000
paok.f.c.000 collected $0.68 from pot
*** SUMMARY ***
Total pot $0.70 | Rake $0.02 
Board [9d Js Jc 8h Th]
Seat 1: szakadar (big blind) folded before Flop
Seat 2: paok.f.c.000 collected ($0.68)
Seat 3: @Mylatka@88 folded on the Flop
Seat 4: Lorpugo folded on the River
Seat 5: NinnaBella (button) folded before Flop (didn't bet)
Seat 6: lotsovisaac (small blind) folded on the Flop



PokerStars Hand #241346065619:  Hold'em No Limit ($0.01/$0.02 USD) - 2023/01/23 13:46:39 ET
Table 'Sita II' 6-max Seat #6 is the button
Seat 1: szakadar ($1.45 in chips) 
Seat 2: paok.f.c.000 ($2.30 in chips) 
Seat 3: @Mylatka@88 ($2.86 in chips) 
Seat 4: Lorpugo ($1.20 in chips) 
Seat 5: NinnaBella ($4.12 in chips) 
Seat 6: lotsovisaac ($2.03 in chips) 
szakadar: posts small blind $0.01
paok.f.c.000: posts big blind $0.02
*** HOLE CARDS ***
Dealt to Lorpugo [Tc 7h]
@Mylatka@88: raises $0.04 to $0.06
Lorpugo: folds 
NinnaBella: folds 
lotsovisaac: folds 
szakadar: folds 
paok.f.c.000: folds 
Uncalled bet ($0.04) returned to @Mylatka@88
@Mylatka@88 collected $0.05 from pot
*** SUMMARY ***
Total pot $0.05 | Rake $0 
Seat 1: szakadar (small blind) folded before Flop
Seat 2: paok.f.c.000 (big blind) folded before Flop
Seat 3: @Mylatka@88 collected ($0.05)
Seat 4: Lorpugo folded before Flop (didn't bet)
Seat 5: NinnaBella folded before Flop (didn't bet)
Seat 6: lotsovisaac (button) folded before Flop (didn't bet)



PokerStars Hand #241346076703:  Hold'em No Limit ($0.01/$0.02 USD) - 2023/01/23 13:47:07 ET
Table 'Sita II' 6-max Seat #1 is the button
Seat 1: szakadar ($1.44 in chips) 
Seat 2: paok.f.c.000 ($2.28 in chips) 
Seat 3: @Mylatka@88 ($2.89 in chips) 
Seat 4: Lorpugo ($1.20 in chips) 
Seat 5: NinnaBella ($4.12 in chips) 
Seat 6: lotsovisaac ($2.03 in chips) 
paok.f.c.000: posts small blind $0.01
@Mylatka@88: posts big blind $0.02
*** HOLE CARDS ***
Dealt to Lorpugo [4c Qh]
Lorpugo: folds 
NinnaBella: folds 
lotsovisaac: calls $0.02
szakadar: folds 
paok.f.c.000: folds 
@Mylatka@88: checks 
*** FLOP *** [7h Qd Jh]
@Mylatka@88: checks 
lotsovisaac: checks 
*** TURN *** [7h Qd Jh] [Ah]
@Mylatka@88: checks 
lotsovisaac: checks 
*** RIVER *** [7h Qd Jh Ah] [2d]
@Mylatka@88: checks 
lotsovisaac: checks 
*** SHOW DOWN ***
@Mylatka@88: shows [Jc 5c] (a pair of Jacks)
lotsovisaac: mucks hand 
@Mylatka@88 collected $0.05 from pot
*** SUMMARY ***
Total pot $0.05 | Rake $0 
Board [7h Qd Jh Ah 2d]
Seat 1: szakadar (button) folded before Flop (didn't bet)
Seat 2: paok.f.c.000 (small blind) folded before Flop
Seat 3: @Mylatka@88 (big blind) showed [Jc 5c] and won ($0.05) with a pair of Jacks
Seat 4: Lorpugo folded before Flop (didn't bet)
Seat 5: NinnaBella folded before Flop (didn't bet)
Seat 6: lotsovisaac mucked [Td 8d]



PokerStars Hand #241346102022:  Hold'em No Limit ($0.01/$0.02 USD) - 2023/01/23 13:48:12 ET
Table 'Sita II' 6-max Seat #2 is the button
Seat 1: szakadar ($1.44 in chips) 
Seat 2: paok.f.c.000 ($2.27 in chips) 
Seat 3: @Mylatka@88 ($2.92 in chips) 
Seat 4: Lorpugo ($1.20 in chips) 
Seat 5: NinnaBella ($4.12 in chips) 
Seat 6: lotsovisaac ($2.01 in chips) 
@Mylatka@88: posts small blind $0.01
Lorpugo: posts big blind $0.02
*** HOLE CARDS ***
Dealt to Lorpugo [2c Jh]
NinnaBella: folds 
lotsovisaac: folds 
szakadar: raises $0.06 to $0.08
paok.f.c.000: folds 
@Mylatka@88: folds 
Lorpugo: folds 
Uncalled bet ($0.06) returned to szakadar
szakadar collected $0.05 from pot
szakadar: doesn't show hand 
*** SUMMARY ***
Total pot $0.05 | Rake $0 
Seat 1: szakadar collected ($0.05)
Seat 2: paok.f.c.000 (button) folded before Flop (didn't bet)
Seat 3: @Mylatka@88 (small blind) folded before Flop
Seat 4: Lorpugo (big blind) folded before Flop
Seat 5: NinnaBella folded before Flop (didn't bet)
Seat 6: lotsovisaac folded before Flop (didn't bet)



PokerStars Hand #241346107882:  Hold'em No Limit ($0.01/$0.02 USD) - 2023/01/23 13:48:27 ET
Table 'Sita II' 6-max Seat #3 is the button
Seat 1: szakadar ($1.47 in chips) 
Seat 2: paok.f.c.000 ($2.27 in chips) 
Seat 3: @Mylatka@88 ($2.91 in chips) 
Seat 4: Lorpugo ($1.18 in chips) 
Seat 5: NinnaBella ($4.12 in chips) 
Seat 6: lotsovisaac ($2.01 in chips) 
Lorpugo: posts small blind $0.01
NinnaBella: posts big blind $0.02
*** HOLE CARDS ***
Dealt to Lorpugo [4c 9s]
lotsovisaac: folds 
szakadar: folds 
paok.f.c.000: folds 
@Mylatka@88: raises $0.04 to $0.06
Lorpugo: folds 
NinnaBella: raises $0.18 to $0.24
@Mylatka@88: calls $0.18
*** FLOP *** [6h Td Js]
NinnaBella: checks 
@Mylatka@88: checks 
*** TURN *** [6h Td Js] [4s]
NinnaBella: checks 
@Mylatka@88: bets $0.24
NinnaBella: calls $0.24
*** RIVER *** [6h Td Js 4s] [7s]
NinnaBella: bets $0.62
@Mylatka@88: folds 
Uncalled bet ($0.62) returned to NinnaBella
NinnaBella collected $0.94 from pot
NinnaBella: doesn't show hand 
*** SUMMARY ***
Total pot $0.97 | Rake $0.03 
Board [6h Td Js 4s 7s]
Seat 1: szakadar folded before Flop (didn't bet)
Seat 2: paok.f.c.000 folded before Flop (didn't bet)
Seat 3: @Mylatka@88 (button) folded on the River
Seat 4: Lorpugo (small blind) folded before Flop
Seat 5: NinnaBella (big blind) collected ($0.94)
Seat 6: lotsovisaac folded before Flop (didn't bet)



PokerStars Hand #241346130250:  Hold'em No Limit ($0.01/$0.02 USD) - 2023/01/23 13:49:25 ET
Table 'Sita II' 6-max Seat #4 is the button
Seat 1: szakadar ($1.47 in chips) 
Seat 2: paok.f.c.000 ($2.27 in chips) 
Seat 3: @Mylatka@88 ($2.43 in chips) 
Seat 4: Lorpugo ($1.17 in chips) 
Seat 5: NinnaBella ($4.58 in chips) 
Seat 6: lotsovisaac ($2.01 in chips) 
NinnaBella: posts small blind $0.01
lotsovisaac: posts big blind $0.02
*** HOLE CARDS ***
Dealt to Lorpugo [Jd Td]
szakadar: folds 
paok.f.c.000: folds 
@Mylatka@88: folds 
Lorpugo: raises $0.03 to $0.05
NinnaBella: folds 
lotsovisaac: calls $0.03
*** FLOP *** [9h Kc 6d]
lotsovisaac: checks 
Lorpugo: bets $0.04
lotsovisaac: folds 
Uncalled bet ($0.04) returned to Lorpugo
Lorpugo collected $0.11 from pot
Lorpugo: doesn't show hand 
*** SUMMARY ***
Total pot $0.11 | Rake $0 
Board [9h Kc 6d]
Seat 1: szakadar folded before Flop (didn't bet)
Seat 2: paok.f.c.000 folded before Flop (didn't bet)
Seat 3: @Mylatka@88 folded before Flop (didn't bet)
Seat 4: Lorpugo (button) collected ($0.11)
Seat 5: NinnaBella (small blind) folded before Flop
Seat 6: lotsovisaac (big blind) folded on the Flop



PokerStars Hand #241346142395:  Hold'em No Limit ($0.01/$0.02 USD) - 2023/01/23 13:49:56 ET
Table 'Sita II' 6-max Seat #5 is the button
Seat 1: szakadar ($1.47 in chips) 
Seat 2: paok.f.c.000 ($2.27 in chips) 
Seat 3: @Mylatka@88 ($2.43 in chips) 
Seat 4: Lorpugo ($1.23 in chips) 
Seat 5: NinnaBella ($4.57 in chips) 
Seat 6: lotsovisaac ($1.96 in chips) 
lotsovisaac: posts small blind $0.01
szakadar: posts big blind $0.02
*** HOLE CARDS ***
Dealt to Lorpugo [3s 2c]
paok.f.c.000: folds 
@Mylatka@88: folds 
Lorpugo: folds 
NinnaBella: folds 
lotsovisaac: folds 
Uncalled bet ($0.01) returned to szakadar
szakadar collected $0.02 from pot
szakadar: doesn't show hand 
*** SUMMARY ***
Total pot $0.02 | Rake $0 
Seat 1: szakadar (big blind) collected ($0.02)
Seat 2: paok.f.c.000 folded before Flop (didn't bet)
Seat 3: @Mylatka@88 folded before Flop (didn't bet)
Seat 4: Lorpugo folded before Flop (didn't bet)
Seat 5: NinnaBella (button) folded before Flop (didn't bet)
Seat 6: lotsovisaac (small blind) folded before Flop



PokerStars Hand #241346147805:  Hold'em No Limit ($0.01/$0.02 USD) - 2023/01/23 13:50:10 ET
Table 'Sita II' 6-max Seat #6 is the button
Seat 1: szakadar ($1.48 in chips) 
Seat 2: paok.f.c.000 ($2.27 in chips) 
Seat 3: @Mylatka@88 ($2.43 in chips) 
Seat 4: Lorpugo ($1.23 in chips) 
Seat 5: NinnaBella ($4.57 in chips) 
Seat 6: lotsovisaac ($1.95 in chips) 
szakadar: posts small blind $0.01
paok.f.c.000: posts big blind $0.02
*** HOLE CARDS ***
Dealt to Lorpugo [Td 8h]
@Mylatka@88: folds 
Lorpugo: folds 
NinnaBella: folds 
lotsovisaac: folds 
szakadar: folds 
Uncalled bet ($0.01) returned to paok.f.c.000
paok.f.c.000 collected $0.02 from pot
*** SUMMARY ***
Total pot $0.02 | Rake $0 
Seat 1: szakadar (small blind) folded before Flop
Seat 2: paok.f.c.000 (big blind) collected ($0.02)
Seat 3: @Mylatka@88 folded before Flop (didn't bet)
Seat 4: Lorpugo folded before Flop (didn't bet)
Seat 5: NinnaBella folded before Flop (didn't bet)
Seat 6: lotsovisaac (button) folded before Flop (didn't bet)



PokerStars Hand #241346152067:  Hold'em No Limit ($0.01/$0.02 USD) - 2023/01/23 13:50:21 ET
Table 'Sita II' 6-max Seat #1 is the button
Seat 1: szakadar ($1.47 in chips) 
Seat 2: paok.f.c.000 ($2.28 in chips) 
Seat 3: @Mylatka@88 ($2.43 in chips) 
Seat 4: Lorpugo ($1.23 in chips) 
Seat 5: NinnaBella ($4.57 in chips) 
Seat 6: lotsovisaac ($1.95 in chips) 
paok.f.c.000: posts small blind $0.01
@Mylatka@88: posts big blind $0.02
*** HOLE CARDS ***
Dealt to Lorpugo [Td 7d]
Lorpugo: folds 
NinnaBella: raises $0.03 to $0.05
lotsovisaac: folds 
szakadar: folds 
paok.f.c.000: folds 
@Mylatka@88: folds 
Uncalled bet ($0.03) returned to NinnaBella
NinnaBella collected $0.05 from pot
NinnaBella: doesn't show hand 
*** SUMMARY ***
Total pot $0.05 | Rake $0 
Seat 1: szakadar (button) folded before Flop (didn't bet)
Seat 2: paok.f.c.000 (small blind) folded before Flop
Seat 3: @Mylatka@88 (big blind) folded before Flop
Seat 4: Lorpugo folded before Flop (didn't bet)
Seat 5: NinnaBella collected ($0.05)
Seat 6: lotsovisaac folded before Flop (didn't bet)



PokerStars Hand #241346157969:  Hold'em No Limit ($0.01/$0.02 USD) - 2023/01/23 13:50:36 ET
Table 'Sita II' 6-max Seat #2 is the button
Seat 1: szakadar ($1.47 in chips) 
Seat 2: paok.f.c.000 ($2.27 in chips) 
Seat 3: @Mylatka@88 ($2.41 in chips) 
Seat 4: Lorpugo ($1.23 in chips) 
Seat 5: NinnaBella ($4.60 in chips) 
Seat 6: lotsovisaac ($1.95 in chips) 
@Mylatka@88: posts small blind $0.01
Lorpugo: posts big blind $0.02
*** HOLE CARDS ***
Dealt to Lorpugo [Ad 7c]
NinnaBella: raises $0.03 to $0.05
lotsovisaac: folds 
szakadar: folds 
lotsovisaac leaves the table
Saerdna_Rengaw joins the table at seat #6 
paok.f.c.000: folds 
@Mylatka@88: calls $0.04
Lorpugo: folds 
*** FLOP *** [Jh 3s 8c]
@Mylatka@88: checks 
NinnaBella: checks 
*** TURN *** [Jh 3s 8c] [Qs]
@Mylatka@88: checks 
NinnaBella: checks 
*** RIVER *** [Jh 3s 8c Qs] [8d]
@Mylatka@88: checks 
NinnaBella: bets $0.05
@Mylatka@88: folds 
Uncalled bet ($0.05) returned to NinnaBella
NinnaBella collected $0.12 from pot
NinnaBella: doesn't show hand 
*** SUMMARY ***
Total pot $0.12 | Rake $0 
Board [Jh 3s 8c Qs 8d]
Seat 1: szakadar folded before Flop (didn't bet)
Seat 2: paok.f.c.000 (button) folded before Flop (didn't bet)
Seat 3: @Mylatka@88 (small blind) folded on the River
Seat 4: Lorpugo (big blind) folded before Flop
Seat 5: NinnaBella collected ($0.12)
Seat 6: lotsovisaac folded before Flop (didn't bet)



PokerStars Hand #241346185019:  Hold'em No Limit ($0.01/$0.02 USD) - 2023/01/23 13:51:46 ET
Table 'Sita II' 6-max Seat #3 is the button
Seat 1: szakadar ($1.47 in chips) 
Seat 2: paok.f.c.000 ($2.27 in chips) 
Seat 3: @Mylatka@88 ($2.36 in chips) 
Seat 4: Lorpugo ($1.21 in chips) 
Seat 5: NinnaBella ($4.67 in chips) 
Seat 6: Saerdna_Rengaw ($2 in chips) 
Lorpugo: posts small blind $0.01
NinnaBella: posts big blind $0.02
Saerdna_Rengaw: posts big blind $0.02
*** HOLE CARDS ***
Dealt to Lorpugo [2c 9d]
Saerdna_Rengaw: raises $0.04 to $0.06
szakadar: folds 
paok.f.c.000: folds 
@Mylatka@88: folds 
Lorpugo: folds 
NinnaBella: folds 
Uncalled bet ($0.04) returned to Saerdna_Rengaw
Saerdna_Rengaw collected $0.05 from pot
Saerdna_Rengaw: doesn't show hand 
*** SUMMARY ***
Total pot $0.05 | Rake $0 
Seat 1: szakadar folded before Flop (didn't bet)
Seat 2: paok.f.c.000 folded before Flop (didn't bet)
Seat 3: @Mylatka@88 (button) folded before Flop (didn't bet)
Seat 4: Lorpugo (small blind) folded before Flop
Seat 5: NinnaBella (big blind) folded before Flop
Seat 6: Saerdna_Rengaw collected ($0.05)



PokerStars Hand #241346193057:  Hold'em No Limit ($0.01/$0.02 USD) - 2023/01/23 13:52:07 ET
Table 'Sita II' 6-max Seat #4 is the button
Seat 1: szakadar ($1.47 in chips) 
Seat 2: paok.f.c.000 ($2.27 in chips) 
Seat 3: @Mylatka@88 ($2.36 in chips) 
Seat 4: Lorpugo ($1.20 in chips) 
Seat 5: NinnaBella ($4.65 in chips) 
Seat 6: Saerdna_Rengaw ($2.03 in chips) 
NinnaBella: posts small blind $0.01
Saerdna_Rengaw: posts big blind $0.02
*** HOLE CARDS ***
Dealt to Lorpugo [Ts 5s]
szakadar: folds 
paok.f.c.000: calls $0.02
@Mylatka@88: raises $0.04 to $0.06
Lorpugo: folds 
NinnaBella: folds 
Saerdna_Rengaw: calls $0.04
paok.f.c.000: calls $0.04
*** FLOP *** [7c 5c 9d]
Saerdna_Rengaw: checks 
paok.f.c.000: checks 
@Mylatka@88: bets $0.09
Saerdna_Rengaw: calls $0.09
paok.f.c.000: folds 
*** TURN *** [7c 5c 9d] [5h]
Saerdna_Rengaw: checks 
@Mylatka@88: bets $0.18
Saerdna_Rengaw: folds 
Uncalled bet ($0.18) returned to @Mylatka@88
@Mylatka@88 collected $0.36 from pot
*** SUMMARY ***
Total pot $0.37 | Rake $0.01 
Board [7c 5c 9d 5h]
Seat 1: szakadar folded before Flop (didn't bet)
Seat 2: paok.f.c.000 folded on the Flop
Seat 3: @Mylatka@88 collected ($0.36)
Seat 4: Lorpugo (button) folded before Flop (didn't bet)
Seat 5: NinnaBella (small blind) folded before Flop
Seat 6: Saerdna_Rengaw (big blind) folded on the Turn



PokerStars Hand #241346218535:  Hold'em No Limit ($0.01/$0.02 USD) - 2023/01/23 13:53:13 ET
Table 'Sita II' 6-max Seat #5 is the button
Seat 1: szakadar ($1.47 in chips) 
Seat 2: paok.f.c.000 ($2.21 in chips) 
Seat 3: @Mylatka@88 ($2.57 in chips) 
Seat 4: Lorpugo ($2 in chips) 
Seat 5: NinnaBella ($4.64 in chips) 
Seat 6: Saerdna_Rengaw ($1.88 in chips) 
Saerdna_Rengaw: posts small blind $0.01
szakadar: posts big blind $0.02
*** HOLE CARDS ***
Dealt to Lorpugo [Jh 9s]
paok.f.c.000: calls $0.02
@Mylatka@88: raises $0.04 to $0.06
Lorpugo: folds 
NinnaBella: folds 
Saerdna_Rengaw: folds 
szakadar: folds 
paok.f.c.000: calls $0.04
*** FLOP *** [Qh 2d 6s]
paok.f.c.000: checks 
@Mylatka@88: checks 
*** TURN *** [Qh 2d 6s] [6d]
paok.f.c.000: checks 
@Mylatka@88: checks 
*** RIVER *** [Qh 2d 6s 6d] [8h]
paok.f.c.000: checks 
NinnaBella is disconnected 
@Mylatka@88: checks 
*** SHOW DOWN ***
paok.f.c.000: shows [8s 9h] (two pair, Eights and Sixes)
@Mylatka@88: mucks hand 
paok.f.c.000 collected $0.14 from pot
*** SUMMARY ***
Total pot $0.15 | Rake $0.01 
Board [Qh 2d 6s 6d 8h]
Seat 1: szakadar (big blind) folded before Flop
Seat 2: paok.f.c.000 showed [8s 9h] and won ($0.14) with two pair, Eights and Sixes
Seat 3: @Mylatka@88 mucked [Ah Jd]
Seat 4: Lorpugo folded before Flop (didn't bet)
Seat 5: NinnaBella (button) folded before Flop (didn't bet)
Seat 6: Saerdna_Rengaw (small blind) folded before Flop



PokerStars Hand #241346239492:  Hold'em No Limit ($0.01/$0.02 USD) - 2023/01/23 13:54:08 ET
Table 'Sita II' 6-max Seat #6 is the button
Seat 1: szakadar ($1.45 in chips) 
Seat 2: paok.f.c.000 ($2.29 in chips) 
Seat 3: @Mylatka@88 ($2.51 in chips) 
Seat 4: Lorpugo ($2 in chips) 
Seat 5: NinnaBella ($4.64 in chips) 
Seat 6: Saerdna_Rengaw ($1.87 in chips) 
szakadar: posts small blind $0.01
paok.f.c.000: posts big blind $0.02
*** HOLE CARDS ***
Dealt to Lorpugo [8h Ac]
@Mylatka@88: raises $0.04 to $0.06
Lorpugo: folds 
NinnaBella: folds 
Saerdna_Rengaw: calls $0.06
szakadar: folds 
paok.f.c.000: folds 
*** FLOP *** [Js 2s Jd]
@Mylatka@88: checks 
Saerdna_Rengaw: bets $0.08
@Mylatka@88: folds 
Uncalled bet ($0.08) returned to Saerdna_Rengaw
Saerdna_Rengaw collected $0.14 from pot
Saerdna_Rengaw: doesn't show hand 
*** SUMMARY ***
Total pot $0.15 | Rake $0.01 
Board [Js 2s Jd]
Seat 1: szakadar (small blind) folded before Flop
Seat 2: paok.f.c.000 (big blind) folded before Flop
Seat 3: @Mylatka@88 folded on the Flop
Seat 4: Lorpugo folded before Flop (didn't bet)
Seat 5: NinnaBella folded before Flop (didn't bet)
Seat 6: Saerdna_Rengaw (button) collected ($0.14)



PokerStars Hand #241346254742:  Hold'em No Limit ($0.01/$0.02 USD) - 2023/01/23 13:54:48 ET
Table 'Sita II' 6-max Seat #1 is the button
Seat 1: szakadar ($1.44 in chips) 
Seat 2: paok.f.c.000 ($2.27 in chips) 
Seat 3: @Mylatka@88 ($2.45 in chips) 
Seat 4: Lorpugo ($2 in chips) 
Seat 5: NinnaBella ($4.64 in chips) 
Seat 6: Saerdna_Rengaw ($1.95 in chips) 
paok.f.c.000: posts small blind $0.01
@Mylatka@88: posts big blind $0.02
*** HOLE CARDS ***
Dealt to Lorpugo [5c Ac]
Lorpugo: raises $0.02 to $0.04
NinnaBella: folds 
Saerdna_Rengaw: calls $0.04
szakadar: folds 
paok.f.c.000: calls $0.03
@Mylatka@88: calls $0.02
*** FLOP *** [Tc Ah 4d]
paok.f.c.000: checks 
@Mylatka@88: checks 
Lorpugo: checks 
Saerdna_Rengaw: checks 
*** TURN *** [Tc Ah 4d] [3d]
paok.f.c.000: checks 
@Mylatka@88: checks 
Lorpugo: checks 
Saerdna_Rengaw: checks 
*** RIVER *** [Tc Ah 4d 3d] [6h]
paok.f.c.000: checks 
@Mylatka@88: checks 
Lorpugo: bets $0.12
Saerdna_Rengaw: calls $0.12
paok.f.c.000: calls $0.12
@Mylatka@88: folds 
*** SHOW DOWN ***
Lorpugo: shows [5c Ac] (a pair of Aces)
Saerdna_Rengaw: mucks hand 
paok.f.c.000: mucks hand 
Lorpugo collected $0.50 from pot
*** SUMMARY ***
Total pot $0.52 | Rake $0.02 
Board [Tc Ah 4d 3d 6h]
Seat 1: szakadar (button) folded before Flop (didn't bet)
Seat 2: paok.f.c.000 (small blind) mucked [9c 9h]
Seat 3: @Mylatka@88 (big blind) folded on the River
Seat 4: Lorpugo showed [5c Ac] and won ($0.50) with a pair of Aces
Seat 5: NinnaBella folded before Flop (didn't bet)
Seat 6: Saerdna_Rengaw mucked [7c 7d]



PokerStars Hand #241346280987:  Hold'em No Limit ($0.01/$0.02 USD) - 2023/01/23 13:56:08 ET
Table 'Sita II' 6-max Seat #2 is the button
Seat 1: szakadar ($1.44 in chips) 
Seat 2: paok.f.c.000 ($2.11 in chips) 
Seat 3: @Mylatka@88 ($2.41 in chips) 
Seat 4: Lorpugo ($2.34 in chips) 
Seat 5: NinnaBella ($4.64 in chips) 
Seat 6: Saerdna_Rengaw ($1.79 in chips) 
@Mylatka@88: posts small blind $0.01
Lorpugo: posts big blind $0.02
*** HOLE CARDS ***
Dealt to Lorpugo [Ts 8d]
NinnaBella: folds 
Saerdna_Rengaw: folds 
szakadar: folds 
paok.f.c.000: raises $0.05 to $0.07
@Mylatka@88: folds 
Lorpugo: folds 
Uncalled bet ($0.05) returned to paok.f.c.000
paok.f.c.000 collected $0.05 from pot
*** SUMMARY ***
Total pot $0.05 | Rake $0 
Seat 1: szakadar folded before Flop (didn't bet)
Seat 2: paok.f.c.000 (button) collected ($0.05)
Seat 3: @Mylatka@88 (small blind) folded before Flop
Seat 4: Lorpugo (big blind) folded before Flop
Seat 5: NinnaBella folded before Flop (didn't bet)
Seat 6: Saerdna_Rengaw folded before Flop (didn't bet)



PokerStars Hand #241346286804:  Hold'em No Limit ($0.01/$0.02 USD) - 2023/01/23 13:56:28 ET
Table 'Sita II' 6-max Seat #3 is the button
Seat 1: szakadar ($1.44 in chips) 
Seat 2: paok.f.c.000 ($2.14 in chips) 
Seat 3: @Mylatka@88 ($2.40 in chips) 
Seat 4: Lorpugo ($2.32 in chips) 
Seat 5: NinnaBella ($4.64 in chips) 
Seat 6: Saerdna_Rengaw ($1.79 in chips) 
Lorpugo: posts small blind $0.01
NinnaBella: posts big blind $0.02
*** HOLE CARDS ***
Dealt to Lorpugo [8d 3s]
Saerdna_Rengaw: folds 
szakadar: raises $0.04 to $0.06
paok.f.c.000: folds 
@Mylatka@88: folds 
Lorpugo: folds 
NinnaBella: folds 
Uncalled bet ($0.04) returned to szakadar
szakadar collected $0.05 from pot
szakadar: doesn't show hand 
*** SUMMARY ***
Total pot $0.05 | Rake $0 
Seat 1: szakadar collected ($0.05)
Seat 2: paok.f.c.000 folded before Flop (didn't bet)
Seat 3: @Mylatka@88 (button) folded before Flop (didn't bet)
Seat 4: Lorpugo (small blind) folded before Flop
Seat 5: NinnaBella (big blind) folded before Flop
Seat 6: Saerdna_Rengaw folded before Flop (didn't bet)



PokerStars Hand #241346290801:  Hold'em No Limit ($0.01/$0.02 USD) - 2023/01/23 13:56:42 ET
Table 'Sita II' 6-max Seat #4 is the button
Seat 1: szakadar ($1.47 in chips) 
Seat 3: @Mylatka@88 ($2.40 in chips) 
Seat 4: Lorpugo ($2.31 in chips) 
Seat 5: NinnaBella ($4.62 in chips) 
Seat 6: Saerdna_Rengaw ($1.79 in chips) 
NinnaBella: posts small blind $0.01
Saerdna_Rengaw: posts big blind $0.02
*** HOLE CARDS ***
Dealt to Lorpugo [Kh Ts]
szakadar: folds 
@Mylatka@88: folds 
Lorpugo: raises $0.03 to $0.05
NinnaBella: folds 
Saerdna_Rengaw: folds 
Uncalled bet ($0.03) returned to Lorpugo
Lorpugo collected $0.05 from pot
Lorpugo: doesn't show hand 
*** SUMMARY ***
Total pot $0.05 | Rake $0 
Seat 1: szakadar folded before Flop (didn't bet)
Seat 3: @Mylatka@88 folded before Flop (didn't bet)
Seat 4: Lorpugo (button) collected ($0.05)
Seat 5: NinnaBella (small blind) folded before Flop
Seat 6: Saerdna_Rengaw (big blind) folded before Flop



PokerStars Hand #241346295549:  Hold'em No Limit ($0.01/$0.02 USD) - 2023/01/23 13:56:58 ET
Table 'Sita II' 6-max Seat #5 is the button
Seat 1: szakadar ($1.47 in chips) 
Seat 3: @Mylatka@88 ($2.40 in chips) 
Seat 4: Lorpugo ($2.34 in chips) 
Seat 5: NinnaBella ($4.61 in chips) 
Seat 6: Saerdna_Rengaw ($1.77 in chips) 
Saerdna_Rengaw: posts small blind $0.01
szakadar: posts big blind $0.02
*** HOLE CARDS ***
Dealt to Lorpugo [7s Ks]
@Mylatka@88: raises $0.04 to $0.06
paok.f.c.000 is disconnected 
Lorpugo: folds 
NinnaBella: calls $0.06
Saerdna_Rengaw: folds 
szakadar: folds 
*** FLOP *** [5h 4d 4c]
@Mylatka@88: checks 
NinnaBella: checks 
*** TURN *** [5h 4d 4c] [5c]
@Mylatka@88: checks 
NinnaBella: checks 
*** RIVER *** [5h 4d 4c 5c] [Td]
@Mylatka@88: checks 
NinnaBella: checks 
*** SHOW DOWN ***
@Mylatka@88: shows [8h 7h] (two pair, Fives and Fours)
NinnaBella: shows [2s 2c] (two pair, Fives and Fours)
@Mylatka@88 collected $0.07 from pot
NinnaBella collected $0.07 from pot
*** SUMMARY ***
Total pot $0.15 | Rake $0.01 
Board [5h 4d 4c 5c Td]
Seat 1: szakadar (big blind) folded before Flop
Seat 3: @Mylatka@88 showed [8h 7h] and won ($0.07) with two pair, Fives and Fours
Seat 4: Lorpugo folded before Flop (didn't bet)
Seat 5: NinnaBella (button) showed [2s 2c] and won ($0.07) with two pair, Fives and Fours
Seat 6: Saerdna_Rengaw (small blind) folded before Flop



PokerStars Hand #241346309907:  Hold'em No Limit ($0.01/$0.02 USD) - 2023/01/23 13:57:47 ET
Table 'Sita II' 6-max Seat #6 is the button
Seat 1: szakadar ($1.45 in chips) 
Seat 2: paok.f.c.000 ($2.14 in chips) 
Seat 3: @Mylatka@88 ($2.41 in chips) 
Seat 4: Lorpugo ($2.34 in chips) 
Seat 5: NinnaBella ($4.62 in chips) 
Seat 6: Saerdna_Rengaw ($1.76 in chips) 
szakadar: posts small blind $0.01
paok.f.c.000: posts big blind $0.02
*** HOLE CARDS ***
Dealt to Lorpugo [8c 9d]
@Mylatka@88: raises $0.04 to $0.06
Lorpugo: folds 
NinnaBella: folds 
Saerdna_Rengaw: folds 
szakadar: folds 
paok.f.c.000: folds 
Uncalled bet ($0.04) returned to @Mylatka@88
@Mylatka@88 collected $0.05 from pot
*** SUMMARY ***
Total pot $0.05 | Rake $0 
Seat 1: szakadar (small blind) folded before Flop
Seat 2: paok.f.c.000 (big blind) folded before Flop
Seat 3: @Mylatka@88 collected ($0.05)
Seat 4: Lorpugo folded before Flop (didn't bet)
Seat 5: NinnaBella folded before Flop (didn't bet)
Seat 6: Saerdna_Rengaw (button) folded before Flop (didn't bet)



PokerStars Hand #241346315472:  Hold'em No Limit ($0.01/$0.02 USD) - 2023/01/23 13:58:07 ET
Table 'Sita II' 6-max Seat #1 is the button
Seat 1: szakadar ($1.44 in chips) 
Seat 2: paok.f.c.000 ($2.12 in chips) 
Seat 3: @Mylatka@88 ($2.44 in chips) 
Seat 4: Lorpugo ($2.34 in chips) 
Seat 5: NinnaBella ($4.62 in chips) 
Seat 6: Saerdna_Rengaw ($1.76 in chips) 
paok.f.c.000: posts small blind $0.01
@Mylatka@88: posts big blind $0.02
*** HOLE CARDS ***
Dealt to Lorpugo [9s 4s]
Lorpugo: folds 
NinnaBella: folds 
Saerdna_Rengaw: raises $0.04 to $0.06
szakadar: folds 
paok.f.c.000: folds 
@Mylatka@88: folds 
Uncalled bet ($0.04) returned to Saerdna_Rengaw
Saerdna_Rengaw collected $0.05 from pot
Saerdna_Rengaw: doesn't show hand 
*** SUMMARY ***
Total pot $0.05 | Rake $0 
Seat 1: szakadar (button) folded before Flop (didn't bet)
Seat 2: paok.f.c.000 (small blind) folded before Flop
Seat 3: @Mylatka@88 (big blind) folded before Flop
Seat 4: Lorpugo folded before Flop (didn't bet)
Seat 5: NinnaBella folded before Flop (didn't bet)
Seat 6: Saerdna_Rengaw collected ($0.05)



PokerStars Hand #241346321791:  Hold'em No Limit ($0.01/$0.02 USD) - 2023/01/23 13:58:28 ET
Table 'Sita II' 6-max Seat #2 is the button
Seat 1: szakadar ($1.44 in chips) 
Seat 2: paok.f.c.000 ($2.11 in chips) 
Seat 3: @Mylatka@88 ($2.42 in chips) 
Seat 4: Lorpugo ($2.34 in chips) 
Seat 5: NinnaBella ($4.62 in chips) 
Seat 6: Saerdna_Rengaw ($1.79 in chips) 
@Mylatka@88: posts small blind $0.01
Lorpugo: posts big blind $0.02
*** HOLE CARDS ***
Dealt to Lorpugo [9s Ac]
NinnaBella: raises $0.03 to $0.05
Saerdna_Rengaw: folds 
szakadar: folds 
paok.f.c.000: raises $0.05 to $0.10
@Mylatka@88: calls $0.09
Lorpugo: folds 
NinnaBella: calls $0.05
*** FLOP *** [4d Qs 4c]
@Mylatka@88: checks 
NinnaBella: checks 
paok.f.c.000: checks 
*** TURN *** [4d Qs 4c] [Td]
@Mylatka@88: checks 
NinnaBella: checks 
paok.f.c.000: bets $0.20
@Mylatka@88: folds 
NinnaBella: folds 
Uncalled bet ($0.20) returned to paok.f.c.000
paok.f.c.000 collected $0.31 from pot
*** SUMMARY ***
Total pot $0.32 | Rake $0.01 
Board [4d Qs 4c Td]
Seat 1: szakadar folded before Flop (didn't bet)
Seat 2: paok.f.c.000 (button) collected ($0.31)
Seat 3: @Mylatka@88 (small blind) folded on the Turn
Seat 4: Lorpugo (big blind) folded before Flop
Seat 5: NinnaBella folded on the Turn
Seat 6: Saerdna_Rengaw folded before Flop (didn't bet)



PokerStars Hand #241346342553:  Hold'em No Limit ($0.01/$0.02 USD) - 2023/01/23 13:59:40 ET
Table 'Sita II' 6-max Seat #3 is the button
Seat 1: szakadar ($1.44 in chips) 
Seat 2: paok.f.c.000 ($2.32 in chips) 
Seat 3: @Mylatka@88 ($2.32 in chips) 
Seat 4: Lorpugo ($2.32 in chips) 
Seat 5: NinnaBella ($4.52 in chips) 
Seat 6: Saerdna_Rengaw ($1.79 in chips) 
Lorpugo: posts small blind $0.01
NinnaBella: posts big blind $0.02
*** HOLE CARDS ***
Dealt to Lorpugo [9d 2d]
Saerdna_Rengaw: folds 
szakadar: folds 
paok.f.c.000: folds 
@Mylatka@88: folds 
Lorpugo: folds 
Uncalled bet ($0.01) returned to NinnaBella
NinnaBella collected $0.02 from pot
NinnaBella: doesn't show hand 
*** SUMMARY ***
Total pot $0.02 | Rake $0 
Seat 1: szakadar folded before Flop (didn't bet)
Seat 2: paok.f.c.000 folded before Flop (didn't bet)
Seat 3: @Mylatka@88 (button) folded before Flop (didn't bet)
Seat 4: Lorpugo (small blind) folded before Flop
Seat 5: NinnaBella (big blind) collected ($0.02)
Seat 6: Saerdna_Rengaw folded before Flop (didn't bet)



PokerStars Hand #241346345432:  Hold'em No Limit ($0.01/$0.02 USD) - 2023/01/23 13:59:50 ET
Table 'Sita II' 6-max Seat #4 is the button
Seat 1: szakadar ($1.44 in chips) 
Seat 2: paok.f.c.000 ($2.32 in chips) 
Seat 3: @Mylatka@88 ($2.32 in chips) 
Seat 4: Lorpugo ($2.31 in chips) 
Seat 5: NinnaBella ($4.53 in chips) 
Seat 6: Saerdna_Rengaw ($1.79 in chips) 
NinnaBella: posts small blind $0.01
Saerdna_Rengaw: posts big blind $0.02
*** HOLE CARDS ***
Dealt to Lorpugo [Kc 6s]
szakadar: raises $0.04 to $0.06
paok.f.c.000: calls $0.06
@Mylatka@88: folds 
Lorpugo: folds 
NinnaBella: folds 
Saerdna_Rengaw: folds 
*** FLOP *** [Qh Js 7c]
Saerdna_Rengaw leaves the table
BonifAAce123 joins the table at seat #6 
szakadar: bets $0.16
paok.f.c.000: calls $0.16
*** TURN *** [Qh Js 7c] [Tc]
szakadar: bets $0.22
paok.f.c.000: folds 
Uncalled bet ($0.22) returned to szakadar
szakadar collected $0.45 from pot
szakadar: doesn't show hand 
*** SUMMARY ***
Total pot $0.47 | Rake $0.02 
Board [Qh Js 7c Tc]
Seat 1: szakadar collected ($0.45)
Seat 2: paok.f.c.000 folded on the Turn
Seat 3: @Mylatka@88 folded before Flop (didn't bet)
Seat 4: Lorpugo (button) folded before Flop (didn't bet)
Seat 5: NinnaBella (small blind) folded before Flop
Seat 6: Saerdna_Rengaw (big blind) folded before Flop



PokerStars Hand #241346363122:  Hold'em No Limit ($0.01/$0.02 USD) - 2023/01/23 14:00:48 ET
Table 'Sita II' 6-max Seat #5 is the button
Seat 1: szakadar ($1.67 in chips) 
Seat 2: paok.f.c.000 ($2.10 in chips) 
Seat 3: @Mylatka@88 ($2.32 in chips) 
Seat 4: Lorpugo ($2.31 in chips) 
Seat 5: NinnaBella ($4.52 in chips) 
szakadar: posts small blind $0.01
paok.f.c.000: posts big blind $0.02
*** HOLE CARDS ***
Dealt to Lorpugo [2c 2h]
@Mylatka@88: raises $0.04 to $0.06
Lorpugo: calls $0.06
NinnaBella: folds 
szakadar: folds 
paok.f.c.000: folds 
*** FLOP *** [2s 8d Jh]
@Mylatka@88: checks 
Lorpugo: bets $0.07
szakadar leaves the table
@Mylatka@88: folds 
Uncalled bet ($0.07) returned to Lorpugo
Lorpugo collected $0.14 from pot
Lorpugo: doesn't show hand 
*** SUMMARY ***
Total pot $0.15 | Rake $0.01 
Board [2s 8d Jh]
Seat 1: szakadar (small blind) folded before Flop
Seat 2: paok.f.c.000 (big blind) folded before Flop
Seat 3: @Mylatka@88 folded on the Flop
Seat 4: Lorpugo collected ($0.14)
Seat 5: NinnaBella (button) folded before Flop (didn't bet)



PokerStars Hand #241346374860:  Hold'em No Limit ($0.01/$0.02 USD) - 2023/01/23 14:01:24 ET
Table 'Sita II' 6-max Seat #2 is the button
Seat 2: paok.f.c.000 ($2.08 in chips) 
Seat 3: @Mylatka@88 ($2.26 in chips) 
Seat 4: Lorpugo ($2.39 in chips) 
Seat 5: NinnaBella ($4.52 in chips) 
@Mylatka@88: posts small blind $0.01
Lorpugo: posts big blind $0.02
*** HOLE CARDS ***
Dealt to Lorpugo [5c Tc]
NinnaBella: folds 
paok.f.c.000: folds 
@Mylatka@88: raises $0.04 to $0.06
Lorpugo: calls $0.04
*** FLOP *** [3d Qh 7d]
@Mylatka@88: checks 
Lorpugo: checks 
*** TURN *** [3d Qh 7d] [8s]
@Mylatka@88: checks 
Lorpugo: bets $0.08
@Mylatka@88: folds 
Uncalled bet ($0.08) returned to Lorpugo
Lorpugo collected $0.12 from pot
Lorpugo: doesn't show hand 
*** SUMMARY ***
Total pot $0.12 | Rake $0 
Board [3d Qh 7d 8s]
Seat 2: paok.f.c.000 (button) folded before Flop (didn't bet)
Seat 3: @Mylatka@88 (small blind) folded on the Turn
Seat 4: Lorpugo (big blind) collected ($0.12)
Seat 5: NinnaBella folded before Flop (didn't bet)



PokerStars Hand #241346389886:  Hold'em No Limit ($0.01/$0.02 USD) - 2023/01/23 14:02:05 ET
Table 'Sita II' 6-max Seat #3 is the button
Seat 2: paok.f.c.000 ($2.08 in chips) 
Seat 3: @Mylatka@88 ($2.20 in chips) 
Seat 4: Lorpugo ($2.45 in chips) 
Seat 6: BonifAAce123 ($2 in chips) 
Lorpugo: posts small blind $0.01
BonifAAce123: posts big blind $0.02
*** HOLE CARDS ***
Dealt to Lorpugo [Ks 3s]
paok.f.c.000: folds 
@Mylatka@88: folds 
Lorpugo: raises $0.03 to $0.05
BonifAAce123: folds 
Uncalled bet ($0.03) returned to Lorpugo
Lorpugo collected $0.04 from pot
Lorpugo: doesn't show hand 
*** SUMMARY ***
Total pot $0.04 | Rake $0 
Seat 2: paok.f.c.000 folded before Flop (didn't bet)
Seat 3: @Mylatka@88 (button) folded before Flop (didn't bet)
Seat 4: Lorpugo (small blind) collected ($0.04)
Seat 6: BonifAAce123 (big blind) folded before Flop



PokerStars Hand #241346393244:  Hold'em No Limit ($0.01/$0.02 USD) - 2023/01/23 14:02:14 ET
Table 'Sita II' 6-max Seat #4 is the button
Seat 2: paok.f.c.000 ($2.08 in chips) 
Seat 3: @Mylatka@88 ($2.20 in chips) 
Seat 4: Lorpugo ($2.47 in chips) 
Seat 6: BonifAAce123 ($1.98 in chips) 
BonifAAce123: posts small blind $0.01
paok.f.c.000: posts big blind $0.02
*** HOLE CARDS ***
Dealt to Lorpugo [As Tc]
@Mylatka@88: folds 
Lorpugo: raises $0.03 to $0.05
BonifAAce123: folds 
paok.f.c.000: calls $0.03
*** FLOP *** [6s Qh Jh]
paok.f.c.000: checks 
Lorpugo: checks 
*** TURN *** [6s Qh Jh] [6d]
paok.f.c.000: checks 
Lorpugo: checks 
*** RIVER *** [6s Qh Jh 6d] [Qs]
paok.f.c.000: checks 
Lorpugo: bets $0.02
paok.f.c.000: calls $0.02
*** SHOW DOWN ***
Lorpugo: shows [As Tc] (two pair, Queens and Sixes)
paok.f.c.000: mucks hand 
Lorpugo collected $0.14 from pot
*** SUMMARY ***
Total pot $0.15 | Rake $0.01 
Board [6s Qh Jh 6d Qs]
Seat 2: paok.f.c.000 (big blind) mucked [Kc 4s]
Seat 3: @Mylatka@88 folded before Flop (didn't bet)
Seat 4: Lorpugo (button) showed [As Tc] and won ($0.14) with two pair, Queens and Sixes
Seat 6: BonifAAce123 (small blind) folded before Flop



PokerStars Hand #241346407724:  Hold'em No Limit ($0.01/$0.02 USD) - 2023/01/23 14:02:52 ET
Table 'Sita II' 6-max Seat #6 is the button
Seat 2: paok.f.c.000 ($2.01 in chips) 
Seat 3: @Mylatka@88 ($2.20 in chips) 
Seat 4: Lorpugo ($2.54 in chips) 
Seat 6: BonifAAce123 ($1.97 in chips) 
paok.f.c.000: posts small blind $0.01
@Mylatka@88: posts big blind $0.02
*** HOLE CARDS ***
Dealt to Lorpugo [Ks 3c]
Lorpugo: folds 
BonifAAce123: folds 
paok.f.c.000: calls $0.01
@Mylatka@88: checks 
*** FLOP *** [7h 2s 9d]
paok.f.c.000: checks 
@Mylatka@88: checks 
*** TURN *** [7h 2s 9d] [Qh]
paok.f.c.000: checks 
@Mylatka@88: bets $0.02
paok.f.c.000: folds 
Uncalled bet ($0.02) returned to @Mylatka@88
@Mylatka@88 collected $0.04 from pot
*** SUMMARY ***
Total pot $0.04 | Rake $0 
Board [7h 2s 9d Qh]
Seat 2: paok.f.c.000 (small blind) folded on the Turn
Seat 3: @Mylatka@88 (big blind) collected ($0.04)
Seat 4: Lorpugo folded before Flop (didn't bet)
Seat 6: BonifAAce123 (button) folded before Flop (didn't bet)



PokerStars Hand #241346420114:  Hold'em No Limit ($0.01/$0.02 USD) - 2023/01/23 14:03:24 ET
Table 'Sita II' 6-max Seat #2 is the button
Seat 2: paok.f.c.000 ($1.99 in chips) 
Seat 3: @Mylatka@88 ($2.22 in chips) 
Seat 4: Lorpugo ($2.54 in chips) 
Seat 6: BonifAAce123 ($1.97 in chips) 
@Mylatka@88: posts small blind $0.01
Lorpugo: posts big blind $0.02
*** HOLE CARDS ***
Dealt to Lorpugo [As 3s]
BonifAAce123: folds 
paok.f.c.000: folds 
@Mylatka@88: folds 
Uncalled bet ($0.01) returned to Lorpugo
Lorpugo collected $0.02 from pot
Lorpugo: doesn't show hand 
*** SUMMARY ***
Total pot $0.02 | Rake $0 
Seat 2: paok.f.c.000 (button) folded before Flop (didn't bet)
Seat 3: @Mylatka@88 (small blind) folded before Flop
Seat 4: Lorpugo (big blind) collected ($0.02)
Seat 6: BonifAAce123 folded before Flop (didn't bet)



PokerStars Hand #241346425917:  Hold'em No Limit ($0.01/$0.02 USD) - 2023/01/23 14:03:38 ET
Table 'Sita II' 6-max Seat #3 is the button
Seat 2: paok.f.c.000 ($1.99 in chips) 
Seat 3: @Mylatka@88 ($2.21 in chips) 
Seat 4: Lorpugo ($2.55 in chips) 
Seat 6: BonifAAce123 ($1.97 in chips) 
Lorpugo: posts small blind $0.01
BonifAAce123: posts big blind $0.02
*** HOLE CARDS ***
Dealt to Lorpugo [3d 7h]
paok.f.c.000: raises $0.04 to $0.06
@Mylatka@88: folds 
Lorpugo: folds 
Thorkle1333 joins the table at seat #1 
BonifAAce123: folds 
Uncalled bet ($0.04) returned to paok.f.c.000
paok.f.c.000 collected $0.05 from pot
*** SUMMARY ***
Total pot $0.05 | Rake $0 
Seat 2: paok.f.c.000 collected ($0.05)
Seat 3: @Mylatka@88 (button) folded before Flop (didn't bet)
Seat 4: Lorpugo (small blind) folded before Flop
Seat 6: BonifAAce123 (big blind) folded before Flop



PokerStars Hand #241346433560:  Hold'em No Limit ($0.01/$0.02 USD) - 2023/01/23 14:03:58 ET
Table 'Sita II' 6-max Seat #4 is the button
Seat 1: Thorkle1333 ($2 in chips) 
Seat 2: paok.f.c.000 ($2.02 in chips) 
Seat 3: @Mylatka@88 ($2.21 in chips) 
Seat 4: Lorpugo ($2.54 in chips) 
Seat 6: BonifAAce123 ($1.95 in chips) 
BonifAAce123: posts small blind $0.01
Thorkle1333: posts big blind $0.02
*** HOLE CARDS ***
Dealt to Lorpugo [Qh Th]
paok.f.c.000: folds 
@Mylatka@88: folds 
Lorpugo: raises $0.03 to $0.05
BonifAAce123: folds 
Thorkle1333: folds 
Uncalled bet ($0.03) returned to Lorpugo
Lorpugo collected $0.05 from pot
Lorpugo: doesn't show hand 
*** SUMMARY ***
Total pot $0.05 | Rake $0 
Seat 1: Thorkle1333 (big blind) folded before Flop
Seat 2: paok.f.c.000 folded before Flop (didn't bet)
Seat 3: @Mylatka@88 folded before Flop (didn't bet)
Seat 4: Lorpugo (button) collected ($0.05)
Seat 6: BonifAAce123 (small blind) folded before Flop



PokerStars Hand #241346439798:  Hold'em No Limit ($0.01/$0.02 USD) - 2023/01/23 14:04:14 ET
Table 'Sita II' 6-max Seat #6 is the button
Seat 1: Thorkle1333 ($1.98 in chips) 
Seat 2: paok.f.c.000 ($2.02 in chips) 
Seat 3: @Mylatka@88 ($2.21 in chips) 
Seat 4: Lorpugo ($2.57 in chips) 
Seat 6: BonifAAce123 ($1.94 in chips) 
Thorkle1333: posts small blind $0.01
paok.f.c.000: posts big blind $0.02
*** HOLE CARDS ***
Dealt to Lorpugo [Qc Kh]
@Mylatka@88: folds 
Lorpugo: raises $0.03 to $0.05
BonifAAce123: calls $0.05
Thorkle1333: folds 
paok.f.c.000: calls $0.03
*** FLOP *** [Ad Tc 4d]
paok.f.c.000: checks 
Lorpugo: checks 
BonifAAce123: bets $0.06
paok.f.c.000: calls $0.06
Lorpugo: calls $0.06
*** TURN *** [Ad Tc 4d] [Ts]
paok.f.c.000: checks 
Lorpugo: checks 
BonifAAce123: checks 
*** RIVER *** [Ad Tc 4d Ts] [Kd]
paok.f.c.000: checks 
Lorpugo: checks 
BonifAAce123: bets $0.02
paok.f.c.000: folds 
Lorpugo: calls $0.02
*** SHOW DOWN ***
BonifAAce123: shows [Ah Qs] (two pair, Aces and Tens)
Lorpugo: mucks hand 
BonifAAce123 collected $0.37 from pot
*** SUMMARY ***
Total pot $0.38 | Rake $0.01 
Board [Ad Tc 4d Ts Kd]
Seat 1: Thorkle1333 (small blind) folded before Flop
Seat 2: paok.f.c.000 (big blind) folded on the River
Seat 3: @Mylatka@88 folded before Flop (didn't bet)
Seat 4: Lorpugo mucked [Qc Kh]
Seat 6: BonifAAce123 (button) showed [Ah Qs] and won ($0.37) with two pair, Aces and Tens



PokerStars Hand #241346462112:  Hold'em No Limit ($0.01/$0.02 USD) - 2023/01/23 14:05:10 ET
Table 'Sita II' 6-max Seat #1 is the button
Seat 1: Thorkle1333 ($1.97 in chips) 
Seat 2: paok.f.c.000 ($1.91 in chips) 
Seat 3: @Mylatka@88 ($2.21 in chips) 
Seat 4: Lorpugo ($2.44 in chips) 
Seat 6: BonifAAce123 ($2.18 in chips) 
paok.f.c.000: posts small blind $0.01
@Mylatka@88: posts big blind $0.02
*** HOLE CARDS ***
Dealt to Lorpugo [7s Tc]
Lorpugo: folds 
BonifAAce123: folds 
Thorkle1333: folds 
paok.f.c.000: calls $0.01
@Mylatka@88: raises $0.04 to $0.06
paok.f.c.000: calls $0.04
*** FLOP *** [Jh 2d Qh]
paok.f.c.000: checks 
@Mylatka@88: bets $0.06
paok.f.c.000: calls $0.06
*** TURN *** [Jh 2d Qh] [3c]
paok.f.c.000: checks 
@Mylatka@88: bets $0.12
paok.f.c.000: calls $0.12
*** RIVER *** [Jh 2d Qh 3c] [4d]
paok.f.c.000: checks 
@Mylatka@88: checks 
*** SHOW DOWN ***
paok.f.c.000: shows [9c Qc] (a pair of Queens)
@Mylatka@88: mucks hand 
paok.f.c.000 collected $0.46 from pot
*** SUMMARY ***
Total pot $0.48 | Rake $0.02 
Board [Jh 2d Qh 3c 4d]
Seat 1: Thorkle1333 (button) folded before Flop (didn't bet)
Seat 2: paok.f.c.000 (small blind) showed [9c Qc] and won ($0.46) with a pair of Queens
Seat 3: @Mylatka@88 (big blind) mucked [Jc Ah]
Seat 4: Lorpugo folded before Flop (didn't bet)
Seat 6: BonifAAce123 folded before Flop (didn't bet)



PokerStars Hand #241346481248:  Hold'em No Limit ($0.01/$0.02 USD) - 2023/01/23 14:05:59 ET
Table 'Sita II' 6-max Seat #2 is the button
Seat 1: Thorkle1333 ($1.97 in chips) 
Seat 2: paok.f.c.000 ($2.13 in chips) 
Seat 3: @Mylatka@88 ($1.97 in chips) 
Seat 4: Lorpugo ($2.44 in chips) 
Seat 6: BonifAAce123 ($2.18 in chips) 
@Mylatka@88: posts small blind $0.01
Lorpugo: posts big blind $0.02
*** HOLE CARDS ***
Dealt to Lorpugo [8h Ad]
BonifAAce123: folds 
Thorkle1333: folds 
paok.f.c.000: raises $0.02 to $0.04
@Mylatka@88: folds 
Lorpugo: calls $0.02
*** FLOP *** [6d Td 6h]
Lorpugo: bets $0.03
paok.f.c.000: calls $0.03
*** TURN *** [6d Td 6h] [8c]
Lorpugo: bets $0.02
paok.f.c.000: calls $0.02
*** RIVER *** [6d Td 6h 8c] [Kc]
Lorpugo: checks 
paok.f.c.000: checks 
*** SHOW DOWN ***
Lorpugo: shows [8h Ad] (two pair, Eights and Sixes)
paok.f.c.000: shows [Tc 9s] (two pair, Tens and Sixes)
paok.f.c.000 collected $0.18 from pot
*** SUMMARY ***
Total pot $0.19 | Rake $0.01 
Board [6d Td 6h 8c Kc]
Seat 1: Thorkle1333 folded before Flop (didn't bet)
Seat 2: paok.f.c.000 (button) showed [Tc 9s] and won ($0.18) with two pair, Tens and Sixes
Seat 3: @Mylatka@88 (small blind) folded before Flop
Seat 4: Lorpugo (big blind) showed [8h Ad] and lost with two pair, Eights and Sixes
Seat 6: BonifAAce123 folded before Flop (didn't bet)



PokerStars Hand #241346495173:  Hold'em No Limit ($0.01/$0.02 USD) - 2023/01/23 14:06:34 ET
Table 'Sita II' 6-max Seat #3 is the button
Seat 1: Thorkle1333 ($1.97 in chips) 
Seat 2: paok.f.c.000 ($2.22 in chips) 
Seat 3: @Mylatka@88 ($1.96 in chips) 
Seat 4: Lorpugo ($2.35 in chips) 
Seat 6: BonifAAce123 ($2.18 in chips) 
Lorpugo: posts small blind $0.01
BonifAAce123: posts big blind $0.02
*** HOLE CARDS ***
Dealt to Lorpugo [8h Ad]
Thorkle1333: folds 
paok.f.c.000: calls $0.02
@Mylatka@88: folds 
Lorpugo: raises $0.10 to $0.12
BonifAAce123: folds 
paok.f.c.000: calls $0.10
*** FLOP *** [2d 4c 8c]
Lorpugo: bets $0.17
paok.f.c.000: folds 
Uncalled bet ($0.17) returned to Lorpugo
Lorpugo collected $0.25 from pot
Lorpugo: doesn't show hand 
*** SUMMARY ***
Total pot $0.26 | Rake $0.01 
Board [2d 4c 8c]
Seat 1: Thorkle1333 folded before Flop (didn't bet)
Seat 2: paok.f.c.000 folded on the Flop
Seat 3: @Mylatka@88 (button) folded before Flop (didn't bet)
Seat 4: Lorpugo (small blind) collected ($0.25)
Seat 6: BonifAAce123 (big blind) folded before Flop



PokerStars Hand #241346505596:  Hold'em No Limit ($0.01/$0.02 USD) - 2023/01/23 14:07:00 ET
Table 'Sita II' 6-max Seat #4 is the button
Seat 1: Thorkle1333 ($1.97 in chips) 
Seat 2: paok.f.c.000 ($2.10 in chips) 
Seat 3: @Mylatka@88 ($1.96 in chips) 
Seat 4: Lorpugo ($2.48 in chips) 
Seat 6: BonifAAce123 ($2.16 in chips) 
BonifAAce123: posts small blind $0.01
Thorkle1333: posts big blind $0.02
*** HOLE CARDS ***
Dealt to Lorpugo [Tc 5d]
paok.f.c.000: folds 
@Mylatka@88: folds 
Lorpugo: folds 
BonifAAce123: folds 
Uncalled bet ($0.01) returned to Thorkle1333
Thorkle1333 collected $0.02 from pot
*** SUMMARY ***
Total pot $0.02 | Rake $0 
Seat 1: Thorkle1333 (big blind) collected ($0.02)
Seat 2: paok.f.c.000 folded before Flop (didn't bet)
Seat 3: @Mylatka@88 folded before Flop (didn't bet)
Seat 4: Lorpugo (button) folded before Flop (didn't bet)
Seat 6: BonifAAce123 (small blind) folded before Flop



PokerStars Hand #241346511027:  Hold'em No Limit ($0.01/$0.02 USD) - 2023/01/23 14:07:14 ET
Table 'Sita II' 6-max Seat #6 is the button
Seat 1: Thorkle1333 ($1.98 in chips) 
Seat 2: paok.f.c.000 ($2.10 in chips) 
Seat 3: @Mylatka@88 ($1.96 in chips) 
Seat 4: Lorpugo ($2.48 in chips) 
Seat 6: BonifAAce123 ($2.15 in chips) 
Thorkle1333: posts small blind $0.01
paok.f.c.000: posts big blind $0.02
*** HOLE CARDS ***
Dealt to Lorpugo [Ts Jh]
@Mylatka@88: folds 
Lorpugo: raises $0.03 to $0.05
BonifAAce123: folds 
Thorkle1333: folds 
paok.f.c.000: calls $0.03
*** FLOP *** [Ac 2s Kc]
paok.f.c.000: checks 
Lorpugo: bets $0.02
paok.f.c.000: calls $0.02
*** TURN *** [Ac 2s Kc] [4h]
paok.f.c.000: checks 
Lorpugo: checks 
*** RIVER *** [Ac 2s Kc 4h] [7h]
paok.f.c.000: checks 
Lorpugo: checks 
*** SHOW DOWN ***
paok.f.c.000: shows [9d Qs] (high card Ace)
Lorpugo: mucks hand 
paok.f.c.000 collected $0.14 from pot
*** SUMMARY ***
Total pot $0.15 | Rake $0.01 
Board [Ac 2s Kc 4h 7h]
Seat 1: Thorkle1333 (small blind) folded before Flop
Seat 2: paok.f.c.000 (big blind) showed [9d Qs] and won ($0.14) with high card Ace
Seat 3: @Mylatka@88 folded before Flop (didn't bet)
Seat 4: Lorpugo mucked [Ts Jh]
Seat 6: BonifAAce123 (button) folded before Flop (didn't bet)



PokerStars Hand #241346530902:  Hold'em No Limit ($0.01/$0.02 USD) - 2023/01/23 14:08:04 ET
Table 'Sita II' 6-max Seat #1 is the button
Seat 1: Thorkle1333 ($1.97 in chips) 
Seat 2: paok.f.c.000 ($2.17 in chips) 
Seat 3: @Mylatka@88 ($1.96 in chips) 
Seat 4: Lorpugo ($2.41 in chips) 
Seat 6: BonifAAce123 ($2.15 in chips) 
paok.f.c.000: posts small blind $0.01
@Mylatka@88: posts big blind $0.02
*** HOLE CARDS ***
Dealt to Lorpugo [Kh 2c]
Lorpugo: folds 
BonifAAce123: raises $0.02 to $0.04
Thorkle1333: calls $0.04
paok.f.c.000: calls $0.03
@Mylatka@88: folds 
*** FLOP *** [Ks 9d Jc]
paok.f.c.000: checks 
BonifAAce123: checks 
Thorkle1333: checks 
*** TURN *** [Ks 9d Jc] [2s]
paok.f.c.000: checks 
BonifAAce123: checks 
Thorkle1333: checks 
*** RIVER *** [Ks 9d Jc 2s] [8h]
paok.f.c.000: checks 
BonifAAce123: bets $0.07
Thorkle1333: folds 
paok.f.c.000: calls $0.07
*** SHOW DOWN ***
BonifAAce123: shows [Tc 7c] (a straight, Seven to Jack)
paok.f.c.000: mucks hand 
BonifAAce123 collected $0.27 from pot
*** SUMMARY ***
Total pot $0.28 | Rake $0.01 
Board [Ks 9d Jc 2s 8h]
Seat 1: Thorkle1333 (button) folded on the River
Seat 2: paok.f.c.000 (small blind) mucked [Ac 8d]
Seat 3: @Mylatka@88 (big blind) folded before Flop
Seat 4: Lorpugo folded before Flop (didn't bet)
Seat 6: BonifAAce123 showed [Tc 7c] and won ($0.27) with a straight, Seven to Jack



PokerStars Hand #241346554954:  Hold'em No Limit ($0.01/$0.02 USD) - 2023/01/23 14:09:05 ET
Table 'Sita II' 6-max Seat #2 is the button
Seat 1: Thorkle1333 ($1.93 in chips) 
Seat 2: paok.f.c.000 ($2.06 in chips) 
Seat 3: @Mylatka@88 ($1.94 in chips) 
Seat 4: Lorpugo ($2.41 in chips) 
Seat 6: BonifAAce123 ($2.31 in chips) 
@Mylatka@88: posts small blind $0.01
Lorpugo: posts big blind $0.02
*** HOLE CARDS ***
Dealt to Lorpugo [7s Kh]
BonifAAce123: folds 
Thorkle1333: raises $0.02 to $0.04
paok.f.c.000: folds 
@Mylatka@88: calls $0.03
Lorpugo: calls $0.02
*** FLOP *** [9c Ad 9s]
@Mylatka@88: bets $0.06
Lorpugo: folds 
Thorkle1333: folds 
Uncalled bet ($0.06) returned to @Mylatka@88
@Mylatka@88 collected $0.12 from pot
*** SUMMARY ***
Total pot $0.12 | Rake $0 
Board [9c Ad 9s]
Seat 1: Thorkle1333 folded on the Flop
Seat 2: paok.f.c.000 (button) folded before Flop (didn't bet)
Seat 3: @Mylatka@88 (small blind) collected ($0.12)
Seat 4: Lorpugo (big blind) folded on the Flop
Seat 6: BonifAAce123 folded before Flop (didn't bet)



PokerStars Hand #241346565135:  Hold'em No Limit ($0.01/$0.02 USD) - 2023/01/23 14:09:30 ET
Table 'Sita II' 6-max Seat #3 is the button
Seat 1: Thorkle1333 ($1.89 in chips) 
Seat 2: paok.f.c.000 ($2.06 in chips) 
Seat 3: @Mylatka@88 ($2.02 in chips) 
Seat 4: Lorpugo ($2.37 in chips) 
Seat 5: NinnaBella ($4.52 in chips) 
Seat 6: BonifAAce123 ($2.31 in chips) 
Lorpugo: posts small blind $0.01
NinnaBella: posts big blind $0.02
*** HOLE CARDS ***
Dealt to Lorpugo [Th Ts]
BonifAAce123: raises $0.04 to $0.06
Thorkle1333: folds 
paok.f.c.000: folds 
@Mylatka@88: folds 
Lorpugo: raises $0.14 to $0.20
NinnaBella: folds 
BonifAAce123: calls $0.14
*** FLOP *** [3c 7d Ah]
Lorpugo: checks 
BonifAAce123: checks 
*** TURN *** [3c 7d Ah] [Jh]
Lorpugo: bets $0.02
BonifAAce123: calls $0.02
*** RIVER *** [3c 7d Ah Jh] [Qh]
Lorpugo: checks 
BonifAAce123: bets $0.06
Lorpugo: calls $0.06
*** SHOW DOWN ***
BonifAAce123: shows [Jc Qc] (two pair, Queens and Jacks)
Lorpugo: mucks hand 
BonifAAce123 collected $0.56 from pot
*** SUMMARY ***
Total pot $0.58 | Rake $0.02 
Board [3c 7d Ah Jh Qh]
Seat 1: Thorkle1333 folded before Flop (didn't bet)
Seat 2: paok.f.c.000 folded before Flop (didn't bet)
Seat 3: @Mylatka@88 (button) folded before Flop (didn't bet)
Seat 4: Lorpugo (small blind) mucked [Th Ts]
Seat 5: NinnaBella (big blind) folded before Flop
Seat 6: BonifAAce123 showed [Jc Qc] and won ($0.56) with two pair, Queens and Jacks



PokerStars Hand #241346590656:  Hold'em No Limit ($0.01/$0.02 USD) - 2023/01/23 14:10:34 ET
Table 'Sita II' 6-max Seat #4 is the button
Seat 1: Thorkle1333 ($1.89 in chips) 
Seat 2: paok.f.c.000 ($2.06 in chips) 
Seat 3: @Mylatka@88 ($2.02 in chips) 
Seat 4: Lorpugo ($2.09 in chips) 
Seat 5: NinnaBella ($4.50 in chips) 
Seat 6: BonifAAce123 ($2.59 in chips) 
NinnaBella: posts small blind $0.01
BonifAAce123: posts big blind $0.02
*** HOLE CARDS ***
Dealt to Lorpugo [Ks 8s]
Thorkle1333: folds 
paok.f.c.000: folds 
@Mylatka@88: folds 
Lorpugo: raises $0.03 to $0.05
NinnaBella: raises $0.17 to $0.22
BonifAAce123: folds 
Lorpugo: folds 
Uncalled bet ($0.17) returned to NinnaBella
NinnaBella collected $0.12 from pot
NinnaBella: doesn't show hand 
*** SUMMARY ***
Total pot $0.12 | Rake $0 
Seat 1: Thorkle1333 folded before Flop (didn't bet)
Seat 2: paok.f.c.000 folded before Flop (didn't bet)
Seat 3: @Mylatka@88 folded before Flop (didn't bet)
Seat 4: Lorpugo (button) folded before Flop
Seat 5: NinnaBella (small blind) collected ($0.12)
Seat 6: BonifAAce123 (big blind) folded before Flop



PokerStars Hand #241346601855:  Hold'em No Limit ($0.01/$0.02 USD) - 2023/01/23 14:11:02 ET
Table 'Sita II' 6-max Seat #5 is the button
Seat 1: Thorkle1333 ($1.89 in chips) 
Seat 2: paok.f.c.000 ($2.06 in chips) 
Seat 3: @Mylatka@88 ($2.02 in chips) 
Seat 4: Lorpugo ($2.04 in chips) 
Seat 5: NinnaBella ($4.57 in chips) 
Seat 6: BonifAAce123 ($2.57 in chips) 
BonifAAce123: posts small blind $0.01
Thorkle1333: posts big blind $0.02
*** HOLE CARDS ***
Dealt to Lorpugo [Kd 6h]
paok.f.c.000: folds 
@Mylatka@88: raises $0.04 to $0.06
Lorpugo: folds 
NinnaBella: folds 
BonifAAce123: folds 
Thorkle1333: folds 
Uncalled bet ($0.04) returned to @Mylatka@88
@Mylatka@88 collected $0.05 from pot
*** SUMMARY ***
Total pot $0.05 | Rake $0 
Seat 1: Thorkle1333 (big blind) folded before Flop
Seat 2: paok.f.c.000 folded before Flop (didn't bet)
Seat 3: @Mylatka@88 collected ($0.05)
Seat 4: Lorpugo folded before Flop (didn't bet)
Seat 5: NinnaBella (button) folded before Flop (didn't bet)
Seat 6: BonifAAce123 (small blind) folded before Flop



PokerStars Hand #241346609970:  Hold'em No Limit ($0.01/$0.02 USD) - 2023/01/23 14:11:22 ET
Table 'Sita II' 6-max Seat #6 is the button
Seat 1: Thorkle1333 ($1.87 in chips) 
Seat 2: paok.f.c.000 ($2.06 in chips) 
Seat 3: @Mylatka@88 ($2.05 in chips) 
Seat 4: Lorpugo ($2.04 in chips) 
Seat 5: NinnaBella ($4.57 in chips) 
Seat 6: BonifAAce123 ($2.56 in chips) 
Thorkle1333: posts small blind $0.01
paok.f.c.000: posts big blind $0.02
*** HOLE CARDS ***
Dealt to Lorpugo [Kc 9s]
@Mylatka@88: raises $0.04 to $0.06
Lorpugo: folds 
NinnaBella: folds 
BonifAAce123: folds 
Thorkle1333: folds 
paok.f.c.000: folds 
Uncalled bet ($0.04) returned to @Mylatka@88
@Mylatka@88 collected $0.05 from pot
*** SUMMARY ***
Total pot $0.05 | Rake $0 
Seat 1: Thorkle1333 (small blind) folded before Flop
Seat 2: paok.f.c.000 (big blind) folded before Flop
Seat 3: @Mylatka@88 collected ($0.05)
Seat 4: Lorpugo folded before Flop (didn't bet)
Seat 5: NinnaBella folded before Flop (didn't bet)
Seat 6: BonifAAce123 (button) folded before Flop (didn't bet)



PokerStars Hand #241346617154:  Hold'em No Limit ($0.01/$0.02 USD) - 2023/01/23 14:11:41 ET
Table 'Sita II' 6-max Seat #1 is the button
Seat 1: Thorkle1333 ($1.86 in chips) 
Seat 2: paok.f.c.000 ($2.04 in chips) 
Seat 3: @Mylatka@88 ($2.08 in chips) 
Seat 4: Lorpugo ($2.04 in chips) 
Seat 5: NinnaBella ($4.57 in chips) 
Seat 6: BonifAAce123 ($2.56 in chips) 
paok.f.c.000: posts small blind $0.01
@Mylatka@88: posts big blind $0.02
*** HOLE CARDS ***
Dealt to Lorpugo [8s 6h]
Lorpugo: folds 
NinnaBella: folds 
BonifAAce123: folds 
Thorkle1333: folds 
paok.f.c.000: calls $0.01
@Mylatka@88: raises $0.04 to $0.06
paok.f.c.000: calls $0.04
*** FLOP *** [2s 8c Ac]
paok.f.c.000: checks 
@Mylatka@88: bets $0.06
paok.f.c.000: folds 
Uncalled bet ($0.06) returned to @Mylatka@88
@Mylatka@88 collected $0.12 from pot
*** SUMMARY ***
Total pot $0.12 | Rake $0 
Board [2s 8c Ac]
Seat 1: Thorkle1333 (button) folded before Flop (didn't bet)
Seat 2: paok.f.c.000 (small blind) folded on the Flop
Seat 3: @Mylatka@88 (big blind) collected ($0.12)
Seat 4: Lorpugo folded before Flop (didn't bet)
Seat 5: NinnaBella folded before Flop (didn't bet)
Seat 6: BonifAAce123 folded before Flop (didn't bet)



PokerStars Hand #241346631504:  Hold'em No Limit ($0.01/$0.02 USD) - 2023/01/23 14:12:16 ET
Table 'Sita II' 6-max Seat #2 is the button
Seat 1: Thorkle1333 ($1.86 in chips) 
Seat 2: paok.f.c.000 ($1.98 in chips) 
Seat 3: @Mylatka@88 ($2.14 in chips) 
Seat 4: Lorpugo ($2.04 in chips) 
Seat 5: NinnaBella ($4.57 in chips) 
Seat 6: BonifAAce123 ($2.56 in chips) 
@Mylatka@88: posts small blind $0.01
Lorpugo: posts big blind $0.02
*** HOLE CARDS ***
Dealt to Lorpugo [Qd Ac]
NinnaBella: folds 
BonifAAce123: folds 
Thorkle1333: raises $0.04 to $0.06
paok.f.c.000: folds 
@Mylatka@88: folds 
Lorpugo: raises $0.13 to $0.19
Thorkle1333: calls $0.13
*** FLOP *** [7h 3c 4s]
Lorpugo: checks 
Thorkle1333: bets $0.19
Lorpugo: calls $0.19
*** TURN *** [7h 3c 4s] [9d]
Lorpugo: checks 
Thorkle1333: bets $0.37
Lorpugo: folds 
Uncalled bet ($0.37) returned to Thorkle1333
Thorkle1333 collected $0.74 from pot
Thorkle1333: doesn't show hand 
*** SUMMARY ***
Total pot $0.77 | Rake $0.03 
Board [7h 3c 4s 9d]
Seat 1: Thorkle1333 collected ($0.74)
Seat 2: paok.f.c.000 (button) folded before Flop (didn't bet)
Seat 3: @Mylatka@88 (small blind) folded before Flop
Seat 4: Lorpugo (big blind) folded on the Turn
Seat 5: NinnaBella folded before Flop (didn't bet)
Seat 6: BonifAAce123 folded before Flop (didn't bet)



PokerStars Hand #241346648410:  Hold'em No Limit ($0.01/$0.02 USD) - 2023/01/23 14:12:59 ET
Table 'Sita II' 6-max Seat #3 is the button
Seat 1: Thorkle1333 ($2.22 in chips) 
Seat 2: paok.f.c.000 ($1.98 in chips) 
Seat 3: @Mylatka@88 ($2.13 in chips) 
Seat 4: Lorpugo ($1.66 in chips) 
Seat 5: NinnaBella ($4.57 in chips) 
Seat 6: BonifAAce123 ($2.56 in chips) 
Lorpugo: posts small blind $0.01
NinnaBella: posts big blind $0.02
*** HOLE CARDS ***
Dealt to Lorpugo [9c Kh]
BonifAAce123: folds 
Thorkle1333: raises $0.04 to $0.06
paok.f.c.000: raises $0.06 to $0.12
@Mylatka@88: calls $0.12
Lorpugo: folds 
NinnaBella: folds 
Thorkle1333: calls $0.06
*** FLOP *** [2d Js Kc]
Thorkle1333: bets $0.13
paok.f.c.000: calls $0.13
@Mylatka@88: calls $0.13
*** TURN *** [2d Js Kc] [4h]
Thorkle1333: bets $0.16
paok.f.c.000: calls $0.16
@Mylatka@88: folds 
*** RIVER *** [2d Js Kc 4h] [Ah]
Thorkle1333: bets $0.53
paok.f.c.000: folds 
Uncalled bet ($0.53) returned to Thorkle1333
Thorkle1333 collected $1.06 from pot
Thorkle1333: doesn't show hand 
*** SUMMARY ***
Total pot $1.10 | Rake $0.04 
Board [2d Js Kc 4h Ah]
Seat 1: Thorkle1333 collected ($1.06)
Seat 2: paok.f.c.000 folded on the River
Seat 3: @Mylatka@88 (button) folded on the Turn
Seat 4: Lorpugo (small blind) folded before Flop
Seat 5: NinnaBella (big blind) folded before Flop
Seat 6: BonifAAce123 folded before Flop (didn't bet)



PokerStars Hand #241346677720:  Hold'em No Limit ($0.01/$0.02 USD) - 2023/01/23 14:14:13 ET
Table 'Sita II' 6-max Seat #4 is the button
Seat 1: Thorkle1333 ($2.87 in chips) 
Seat 2: paok.f.c.000 ($1.57 in chips) 
Seat 3: @Mylatka@88 ($1.88 in chips) 
Seat 4: Lorpugo ($1.65 in chips) 
Seat 5: NinnaBella ($4.55 in chips) 
Seat 6: BonifAAce123 ($2.56 in chips) 
NinnaBella: posts small blind $0.01
BonifAAce123: posts big blind $0.02
*** HOLE CARDS ***
Dealt to Lorpugo [As 3c]
Thorkle1333: folds 
paok.f.c.000: folds 
@Mylatka@88: raises $0.04 to $0.06
Lorpugo: folds 
NinnaBella: folds 
BonifAAce123: folds 
Uncalled bet ($0.04) returned to @Mylatka@88
@Mylatka@88 collected $0.05 from pot
*** SUMMARY ***
Total pot $0.05 | Rake $0 
Seat 1: Thorkle1333 folded before Flop (didn't bet)
Seat 2: paok.f.c.000 folded before Flop (didn't bet)
Seat 3: @Mylatka@88 collected ($0.05)
Seat 4: Lorpugo (button) folded before Flop (didn't bet)
Seat 5: NinnaBella (small blind) folded before Flop
Seat 6: BonifAAce123 (big blind) folded before Flop



PokerStars Hand #241346688255:  Hold'em No Limit ($0.01/$0.02 USD) - 2023/01/23 14:14:40 ET
Table 'Sita II' 6-max Seat #5 is the button
Seat 1: Thorkle1333 ($2.87 in chips) 
Seat 2: paok.f.c.000 ($1.57 in chips) 
Seat 3: @Mylatka@88 ($1.91 in chips) 
Seat 4: Lorpugo ($1.65 in chips) 
Seat 5: NinnaBella ($4.54 in chips) 
Seat 6: BonifAAce123 ($2.54 in chips) 
BonifAAce123: posts small blind $0.01
Thorkle1333: posts big blind $0.02
*** HOLE CARDS ***
Dealt to Lorpugo [Qh Ac]
paok.f.c.000: folds 
@Mylatka@88: folds 
Lorpugo: raises $0.03 to $0.05
NinnaBella: folds 
BonifAAce123: folds 
Thorkle1333: folds 
Uncalled bet ($0.03) returned to Lorpugo
Lorpugo collected $0.05 from pot
Lorpugo: doesn't show hand 
*** SUMMARY ***
Total pot $0.05 | Rake $0 
Seat 1: Thorkle1333 (big blind) folded before Flop
Seat 2: paok.f.c.000 folded before Flop (didn't bet)
Seat 3: @Mylatka@88 folded before Flop (didn't bet)
Seat 4: Lorpugo collected ($0.05)
Seat 5: NinnaBella (button) folded before Flop (didn't bet)
Seat 6: BonifAAce123 (small blind) folded before Flop



PokerStars Hand #241346696555:  Hold'em No Limit ($0.01/$0.02 USD) - 2023/01/23 14:15:00 ET
Table 'Sita II' 6-max Seat #6 is the button
Seat 1: Thorkle1333 ($2.85 in chips) 
Seat 2: paok.f.c.000 ($1.57 in chips) 
Seat 3: @Mylatka@88 ($1.91 in chips) 
Seat 4: Lorpugo ($1.68 in chips) 
Seat 5: NinnaBella ($4.54 in chips) 
Seat 6: BonifAAce123 ($2.53 in chips) 
Thorkle1333: posts small blind $0.01
paok.f.c.000: posts big blind $0.02
*** HOLE CARDS ***
Dealt to Lorpugo [4h 3d]
@Mylatka@88: folds 
Lorpugo: folds 
NinnaBella: folds 
BonifAAce123: folds 
Thorkle1333: raises $0.04 to $0.06
paok.f.c.000: calls $0.04
*** FLOP *** [Qc 2d 9c]
Thorkle1333: checks 
paok.f.c.000: checks 
*** TURN *** [Qc 2d 9c] [6c]
Thorkle1333: checks 
paok.f.c.000: checks 
*** RIVER *** [Qc 2d 9c 6c] [Jh]
Thorkle1333: checks 
paok.f.c.000: checks 
*** SHOW DOWN ***
Thorkle1333: shows [Kd 7h] (high card King)
paok.f.c.000: shows [Td Ac] (high card Ace)
paok.f.c.000 collected $0.12 from pot
*** SUMMARY ***
Total pot $0.12 | Rake $0 
Board [Qc 2d 9c 6c Jh]
Seat 1: Thorkle1333 (small blind) showed [Kd 7h] and lost with high card King
Seat 2: paok.f.c.000 (big blind) showed [Td Ac] and won ($0.12) with high card Ace
Seat 3: @Mylatka@88 folded before Flop (didn't bet)
Seat 4: Lorpugo folded before Flop (didn't bet)
Seat 5: NinnaBella folded before Flop (didn't bet)
Seat 6: BonifAAce123 (button) folded before Flop (didn't bet)



PokerStars Hand #241346709339:  Hold'em No Limit ($0.01/$0.02 USD) - 2023/01/23 14:15:32 ET
Table 'Sita II' 6-max Seat #1 is the button
Seat 1: Thorkle1333 ($2.79 in chips) 
Seat 2: paok.f.c.000 ($1.63 in chips) 
Seat 3: @Mylatka@88 ($1.91 in chips) 
Seat 4: Lorpugo ($1.68 in chips) 
Seat 5: NinnaBella ($4.54 in chips) 
Seat 6: BonifAAce123 ($2.53 in chips) 
paok.f.c.000: posts small blind $0.01
@Mylatka@88: posts big blind $0.02
*** HOLE CARDS ***
Dealt to Lorpugo [6c Jd]
Lorpugo: folds 
NinnaBella: folds 
BonifAAce123: calls $0.02
Thorkle1333: folds 
paok.f.c.000: folds 
@Mylatka@88: checks 
*** FLOP *** [6h 7s 4c]
@Mylatka@88: checks 
BonifAAce123: checks 
*** TURN *** [6h 7s 4c] [6d]
@Mylatka@88: checks 
BonifAAce123: checks 
*** RIVER *** [6h 7s 4c 6d] [Th]
@Mylatka@88: checks 
BonifAAce123: checks 
*** SHOW DOWN ***
@Mylatka@88: shows [4d 8c] (two pair, Sixes and Fours)
BonifAAce123: shows [Td 9s] (two pair, Tens and Sixes)
BonifAAce123 collected $0.05 from pot
*** SUMMARY ***
Total pot $0.05 | Rake $0 
Board [6h 7s 4c 6d Th]
Seat 1: Thorkle1333 (button) folded before Flop (didn't bet)
Seat 2: paok.f.c.000 (small blind) folded before Flop
Seat 3: @Mylatka@88 (big blind) showed [4d 8c] and lost with two pair, Sixes and Fours
Seat 4: Lorpugo folded before Flop (didn't bet)
Seat 5: NinnaBella folded before Flop (didn't bet)
Seat 6: BonifAAce123 showed [Td 9s] and won ($0.05) with two pair, Tens and Sixes



PokerStars Hand #241346722095:  Hold'em No Limit ($0.01/$0.02 USD) - 2023/01/23 14:16:04 ET
Table 'Sita II' 6-max Seat #2 is the button
Seat 1: Thorkle1333 ($2.79 in chips) 
Seat 2: paok.f.c.000 ($1.62 in chips) 
Seat 3: @Mylatka@88 ($1.89 in chips) 
Seat 4: Lorpugo ($1.68 in chips) 
Seat 5: NinnaBella ($4.54 in chips) 
Seat 6: BonifAAce123 ($2.56 in chips) 
@Mylatka@88: posts small blind $0.01
Lorpugo: posts big blind $0.02
*** HOLE CARDS ***
Dealt to Lorpugo [2s Kd]
NinnaBella: folds 
BonifAAce123: calls $0.02
Thorkle1333: raises $0.02 to $0.04
paok.f.c.000: calls $0.04
@Mylatka@88: calls $0.03
Lorpugo: folds 
BonifAAce123: calls $0.02
*** FLOP *** [2h 8d Ac]
@Mylatka@88: checks 
BonifAAce123: checks 
Thorkle1333: bets $0.09
paok.f.c.000: folds 
@Mylatka@88: folds 
BonifAAce123: folds 
Uncalled bet ($0.09) returned to Thorkle1333
Thorkle1333 collected $0.17 from pot
Thorkle1333: doesn't show hand 
*** SUMMARY ***
Total pot $0.18 | Rake $0.01 
Board [2h 8d Ac]
Seat 1: Thorkle1333 collected ($0.17)
Seat 2: paok.f.c.000 (button) folded on the Flop
Seat 3: @Mylatka@88 (small blind) folded on the Flop
Seat 4: Lorpugo (big blind) folded before Flop
Seat 5: NinnaBella folded before Flop (didn't bet)
Seat 6: BonifAAce123 folded on the Flop



PokerStars Hand #241346742763:  Hold'em No Limit ($0.01/$0.02 USD) - 2023/01/23 14:16:55 ET
Table 'Sita II' 6-max Seat #3 is the button
Seat 1: Thorkle1333 ($2.92 in chips) 
Seat 2: paok.f.c.000 ($1.58 in chips) 
Seat 3: @Mylatka@88 ($1.85 in chips) 
Seat 4: Lorpugo ($1.66 in chips) 
Seat 5: NinnaBella ($4.54 in chips) 
Seat 6: BonifAAce123 ($2.52 in chips) 
Lorpugo: posts small blind $0.01
NinnaBella: posts big blind $0.02
*** HOLE CARDS ***
Dealt to Lorpugo [Jc Ts]
BonifAAce123: raises $0.04 to $0.06
Thorkle1333: folds 
paok.f.c.000: folds 
@Mylatka@88: calls $0.06
Lorpugo: folds 
NinnaBella: folds 
*** FLOP *** [3s 7s 9c]
BonifAAce123: bets $0.06
@Mylatka@88: calls $0.06
*** TURN *** [3s 7s 9c] [Qc]
BonifAAce123: bets $0.08
@Mylatka@88: calls $0.08
*** RIVER *** [3s 7s 9c Qc] [4h]
BonifAAce123: checks 
@Mylatka@88: checks 
*** SHOW DOWN ***
BonifAAce123: shows [Ah Qh] (a pair of Queens)
@Mylatka@88: mucks hand 
BonifAAce123 collected $0.41 from pot
*** SUMMARY ***
Total pot $0.43 | Rake $0.02 
Board [3s 7s 9c Qc 4h]
Seat 1: Thorkle1333 folded before Flop (didn't bet)
Seat 2: paok.f.c.000 folded before Flop (didn't bet)
Seat 3: @Mylatka@88 (button) mucked [Ks Js]
Seat 4: Lorpugo (small blind) folded before Flop
Seat 5: NinnaBella (big blind) folded before Flop
Seat 6: BonifAAce123 showed [Ah Qh] and won ($0.41) with a pair of Queens



PokerStars Hand #241346759622:  Hold'em No Limit ($0.01/$0.02 USD) - 2023/01/23 14:17:38 ET
Table 'Sita II' 6-max Seat #4 is the button
Seat 1: Thorkle1333 ($2.92 in chips) 
Seat 2: paok.f.c.000 ($1.58 in chips) 
Seat 3: @Mylatka@88 ($1.65 in chips) 
Seat 4: Lorpugo ($1.65 in chips) 
Seat 5: NinnaBella ($4.52 in chips) 
Seat 6: BonifAAce123 ($2.73 in chips) 
NinnaBella: posts small blind $0.01
BonifAAce123: posts big blind $0.02
*** HOLE CARDS ***
Dealt to Lorpugo [Kh Ad]
Thorkle1333: folds 
paok.f.c.000: calls $0.02
@Mylatka@88: folds 
Lorpugo: raises $0.08 to $0.10
NinnaBella: calls $0.09
BonifAAce123: folds 
paok.f.c.000: calls $0.08
*** FLOP *** [Ah 3d Js]
NinnaBella: checks 
paok.f.c.000: checks 
Lorpugo: bets $0.16
NinnaBella: folds 
paok.f.c.000: calls $0.16
*** TURN *** [Ah 3d Js] [Ks]
paok.f.c.000: checks 
Lorpugo: bets $0.36
paok.f.c.000: folds 
Uncalled bet ($0.36) returned to Lorpugo
Lorpugo collected $0.62 from pot
Lorpugo: doesn't show hand 
*** SUMMARY ***
Total pot $0.64 | Rake $0.02 
Board [Ah 3d Js Ks]
Seat 1: Thorkle1333 folded before Flop (didn't bet)
Seat 2: paok.f.c.000 folded on the Turn
Seat 3: @Mylatka@88 folded before Flop (didn't bet)
Seat 4: Lorpugo (button) collected ($0.62)
Seat 5: NinnaBella (small blind) folded on the Flop
Seat 6: BonifAAce123 (big blind) folded before Flop



PokerStars Hand #241346782065:  Hold'em No Limit ($0.01/$0.02 USD) - 2023/01/23 14:18:33 ET
Table 'Sita II' 6-max Seat #5 is the button
Seat 1: Thorkle1333 ($2.92 in chips) 
Seat 2: paok.f.c.000 ($1.32 in chips) 
Seat 3: @Mylatka@88 ($1.65 in chips) 
Seat 4: Lorpugo ($2.01 in chips) 
Seat 5: NinnaBella ($4.42 in chips) 
Seat 6: BonifAAce123 ($2.71 in chips) 
BonifAAce123: posts small blind $0.01
Thorkle1333: posts big blind $0.02
*** HOLE CARDS ***
Dealt to Lorpugo [2h Kd]
paok.f.c.000: folds 
@Mylatka@88: folds 
Lorpugo: folds 
NinnaBella: raises $0.03 to $0.05
BonifAAce123: folds 
Thorkle1333: calls $0.03
*** FLOP *** [Ah Jh Jc]
Thorkle1333: checks 
NinnaBella: bets $0.04
Thorkle1333: folds 
Uncalled bet ($0.04) returned to NinnaBella
NinnaBella collected $0.11 from pot
NinnaBella: doesn't show hand 
*** SUMMARY ***
Total pot $0.11 | Rake $0 
Board [Ah Jh Jc]
Seat 1: Thorkle1333 (big blind) folded on the Flop
Seat 2: paok.f.c.000 folded before Flop (didn't bet)
Seat 3: @Mylatka@88 folded before Flop (didn't bet)
Seat 4: Lorpugo folded before Flop (didn't bet)
Seat 5: NinnaBella (button) collected ($0.11)
Seat 6: BonifAAce123 (small blind) folded before Flop



PokerStars Hand #241346791443:  Hold'em No Limit ($0.01/$0.02 USD) - 2023/01/23 14:18:57 ET
Table 'Sita II' 6-max Seat #6 is the button
Seat 1: Thorkle1333 ($2.87 in chips) 
Seat 2: paok.f.c.000 ($1.32 in chips) 
Seat 3: @Mylatka@88 ($1.65 in chips) 
Seat 4: Lorpugo ($2.01 in chips) 
Seat 5: NinnaBella ($4.48 in chips) 
Seat 6: BonifAAce123 ($2.70 in chips) 
Thorkle1333: posts small blind $0.01
paok.f.c.000: posts big blind $0.02
*** HOLE CARDS ***
Dealt to Lorpugo [4s 6c]
@Mylatka@88: folds 
Lorpugo: folds 
NinnaBella: raises $0.03 to $0.05
BonifAAce123: folds 
Thorkle1333: folds 
paok.f.c.000: calls $0.03
*** FLOP *** [5c Jd Th]
paok.f.c.000: checks 
NinnaBella: checks 
*** TURN *** [5c Jd Th] [Ad]
paok.f.c.000: bets $0.04
NinnaBella: calls $0.04
*** RIVER *** [5c Jd Th Ad] [Tc]
paok.f.c.000: bets $0.09
NinnaBella: calls $0.09
*** SHOW DOWN ***
paok.f.c.000: shows [7c As] (two pair, Aces and Tens)
NinnaBella: shows [Ah Kd] (two pair, Aces and Tens - King kicker)
NinnaBella collected $0.36 from pot
*** SUMMARY ***
Total pot $0.37 | Rake $0.01 
Board [5c Jd Th Ad Tc]
Seat 1: Thorkle1333 (small blind) folded before Flop
Seat 2: paok.f.c.000 (big blind) showed [7c As] and lost with two pair, Aces and Tens
Seat 3: @Mylatka@88 folded before Flop (didn't bet)
Seat 4: Lorpugo folded before Flop (didn't bet)
Seat 5: NinnaBella showed [Ah Kd] and won ($0.36) with two pair, Aces and Tens
Seat 6: BonifAAce123 (button) folded before Flop (didn't bet)



PokerStars Hand #241346809575:  Hold'em No Limit ($0.01/$0.02 USD) - 2023/01/23 14:19:42 ET
Table 'Sita II' 6-max Seat #1 is the button
Seat 1: Thorkle1333 ($2.86 in chips) 
Seat 2: paok.f.c.000 ($1.14 in chips) 
Seat 4: Lorpugo ($2.01 in chips) 
Seat 5: NinnaBella ($4.66 in chips) 
Seat 6: BonifAAce123 ($2.70 in chips) 
paok.f.c.000: posts small blind $0.01
Lorpugo: posts big blind $0.02
*** HOLE CARDS ***
Dealt to Lorpugo [3h Kd]
NinnaBella: folds 
@Mylatka@88 leaves the table
BonifAAce123: raises $0.04 to $0.06
Thorkle1333: folds 
paok.f.c.000: folds 
tobabr joins the table at seat #3 
Lorpugo: folds 
Uncalled bet ($0.04) returned to BonifAAce123
BonifAAce123 collected $0.05 from pot
*** SUMMARY ***
Total pot $0.05 | Rake $0 
Seat 1: Thorkle1333 (button) folded before Flop (didn't bet)
Seat 2: paok.f.c.000 (small blind) folded before Flop
Seat 4: Lorpugo (big blind) folded before Flop
Seat 5: NinnaBella folded before Flop (didn't bet)
Seat 6: BonifAAce123 collected ($0.05)



PokerStars Hand #241346815792:  Hold'em No Limit ($0.01/$0.02 USD) - 2023/01/23 14:19:57 ET
Table 'Sita II' 6-max Seat #2 is the button
Seat 1: Thorkle1333 ($2.86 in chips) 
Seat 2: paok.f.c.000 ($1.13 in chips) 
Seat 4: Lorpugo ($1.99 in chips) 
Seat 5: NinnaBella ($4.66 in chips) 
Seat 6: BonifAAce123 ($2.73 in chips) 
Lorpugo: posts small blind $0.01
NinnaBella: posts big blind $0.02
*** HOLE CARDS ***
Dealt to Lorpugo [9s 7d]
BonifAAce123: folds 
Thorkle1333: raises $0.02 to $0.04
paok.f.c.000: calls $0.04
Lorpugo: folds 
NinnaBella: folds 
*** FLOP *** [5h 4s Ts]
Thorkle1333: bets $0.06
paok.f.c.000: calls $0.06
*** TURN *** [5h 4s Ts] [7c]
Thorkle1333: checks 
paok.f.c.000: checks 
*** RIVER *** [5h 4s Ts 7c] [9c]
Thorkle1333: bets $0.37
paok.f.c.000: folds 
Uncalled bet ($0.37) returned to Thorkle1333
Thorkle1333 collected $0.22 from pot
Thorkle1333: doesn't show hand 
*** SUMMARY ***
Total pot $0.23 | Rake $0.01 
Board [5h 4s Ts 7c 9c]
Seat 1: Thorkle1333 collected ($0.22)
Seat 2: paok.f.c.000 (button) folded on the River
Seat 4: Lorpugo (small blind) folded before Flop
Seat 5: NinnaBella (big blind) folded before Flop
Seat 6: BonifAAce123 folded before Flop (didn't bet)



PokerStars Hand #241346834550:  Hold'em No Limit ($0.01/$0.02 USD) - 2023/01/23 14:20:45 ET
Table 'Sita II' 6-max Seat #4 is the button
Seat 1: Thorkle1333 ($2.98 in chips) 
Seat 2: paok.f.c.000 ($1.03 in chips) 
Seat 4: Lorpugo ($1.98 in chips) 
Seat 5: NinnaBella ($4.64 in chips) 
Seat 6: BonifAAce123 ($2.73 in chips) 
NinnaBella: posts small blind $0.01
BonifAAce123: posts big blind $0.02
*** HOLE CARDS ***
Dealt to Lorpugo [2h 9d]
Thorkle1333: folds 
paok.f.c.000: calls $0.02
Lorpugo: folds 
NinnaBella: folds 
BonifAAce123: raises $0.06 to $0.08
paok.f.c.000: calls $0.06
*** FLOP *** [6s 2d 7s]
BonifAAce123: checks 
paok.f.c.000: bets $0.06
BonifAAce123: calls $0.06
*** TURN *** [6s 2d 7s] [Kc]
BonifAAce123: checks 
paok.f.c.000: bets $0.28
BonifAAce123: raises $2.31 to $2.59 and is all-in
paok.f.c.000: calls $0.61 and is all-in
Uncalled bet ($1.70) returned to BonifAAce123
*** RIVER *** [6s 2d 7s Kc] [7c]
*** SHOW DOWN ***
BonifAAce123: shows [6h 6d] (a full house, Sixes full of Sevens)
paok.f.c.000: shows [Ks Ts] (two pair, Kings and Sevens)
BonifAAce123 collected $2 from pot
*** SUMMARY ***
Total pot $2.07 | Rake $0.07 
Board [6s 2d 7s Kc 7c]
Seat 1: Thorkle1333 folded before Flop (didn't bet)
Seat 2: paok.f.c.000 showed [Ks Ts] and lost with two pair, Kings and Sevens
Seat 4: Lorpugo (button) folded before Flop (didn't bet)
Seat 5: NinnaBella (small blind) folded before Flop
Seat 6: BonifAAce123 (big blind) showed [6h 6d] and won ($2) with a full house, Sixes full of Sevens



PokerStars Hand #241346852586:  Hold'em No Limit ($0.01/$0.02 USD) - 2023/01/23 14:21:30 ET
Table 'Sita II' 6-max Seat #5 is the button
Seat 1: Thorkle1333 ($2.98 in chips) 
Seat 4: Lorpugo ($1.98 in chips) 
Seat 5: NinnaBella ($4.63 in chips) 
Seat 6: BonifAAce123 ($3.70 in chips) 
BonifAAce123: posts small blind $0.01
Thorkle1333: posts big blind $0.02
*** HOLE CARDS ***
Dealt to Lorpugo [Th Qs]
Lorpugo: raises $0.03 to $0.05
NinnaBella: folds 
BonifAAce123: folds 
Thorkle1333: folds 
Uncalled bet ($0.03) returned to Lorpugo
Lorpugo collected $0.05 from pot
Lorpugo: doesn't show hand 
*** SUMMARY ***
Total pot $0.05 | Rake $0 
Seat 1: Thorkle1333 (big blind) folded before Flop
Seat 4: Lorpugo collected ($0.05)
Seat 5: NinnaBella (button) folded before Flop (didn't bet)
Seat 6: BonifAAce123 (small blind) folded before Flop



PokerStars Hand #241346858016:  Hold'em No Limit ($0.01/$0.02 USD) - 2023/01/23 14:21:43 ET
Table 'Sita II' 6-max Seat #6 is the button
Seat 1: Thorkle1333 ($2.96 in chips) 
Seat 2: paok.f.c.000 ($1.35 in chips) 
Seat 4: Lorpugo ($2.01 in chips) 
Seat 5: NinnaBella ($4.63 in chips) 
Seat 6: BonifAAce123 ($3.69 in chips) 
Thorkle1333: posts small blind $0.01
paok.f.c.000: posts big blind $0.02
*** HOLE CARDS ***
Dealt to Lorpugo [Jc 9c]
Lorpugo: raises $0.03 to $0.05
NinnaBella: folds 
BonifAAce123: folds 
Thorkle1333: folds 
paok.f.c.000: folds 
Uncalled bet ($0.03) returned to Lorpugo
Lorpugo collected $0.05 from pot
Lorpugo: doesn't show hand 
*** SUMMARY ***
Total pot $0.05 | Rake $0 
Seat 1: Thorkle1333 (small blind) folded before Flop
Seat 2: paok.f.c.000 (big blind) folded before Flop
Seat 4: Lorpugo collected ($0.05)
Seat 5: NinnaBella folded before Flop (didn't bet)
Seat 6: BonifAAce123 (button) folded before Flop (didn't bet)



PokerStars Hand #241346867707:  Hold'em No Limit ($0.01/$0.02 USD) - 2023/01/23 14:22:07 ET
Table 'Sita II' 6-max Seat #1 is the button
Seat 1: Thorkle1333 ($2.95 in chips) 
Seat 2: paok.f.c.000 ($1.33 in chips) 
Seat 3: tobabr ($2 in chips) 
Seat 4: Lorpugo ($2.04 in chips) 
Seat 5: NinnaBella ($4.63 in chips) 
Seat 6: BonifAAce123 ($3.69 in chips) 
paok.f.c.000: posts small blind $0.01
tobabr: posts big blind $0.02
*** HOLE CARDS ***
Dealt to Lorpugo [Qd 8h]
Lorpugo: folds 
NinnaBella: folds 
BonifAAce123: folds 
Thorkle1333: raises $0.02 to $0.04
paok.f.c.000: calls $0.03
tobabr: calls $0.02
*** FLOP *** [Kc Jc Kd]
paok.f.c.000: checks 
tobabr: checks 
Thorkle1333: checks 
*** TURN *** [Kc Jc Kd] [3c]
paok.f.c.000: checks 
tobabr: checks 
Thorkle1333: checks 
*** RIVER *** [Kc Jc Kd 3c] [9d]
paok.f.c.000: bets $0.12
tobabr: folds 
Thorkle1333: folds 
Uncalled bet ($0.12) returned to paok.f.c.000
paok.f.c.000 collected $0.12 from pot
*** SUMMARY ***
Total pot $0.12 | Rake $0 
Board [Kc Jc Kd 3c 9d]
Seat 1: Thorkle1333 (button) folded on the River
Seat 2: paok.f.c.000 (small blind) collected ($0.12)
Seat 3: tobabr (big blind) folded on the River
Seat 4: Lorpugo folded before Flop (didn't bet)
Seat 5: NinnaBella folded before Flop (didn't bet)
Seat 6: BonifAAce123 folded before Flop (didn't bet)



PokerStars Hand #241346888200:  Hold'em No Limit ($0.01/$0.02 USD) - 2023/01/23 14:22:58 ET
Table 'Sita II' 6-max Seat #2 is the button
Seat 1: Thorkle1333 ($2.91 in chips) 
Seat 2: paok.f.c.000 ($1.41 in chips) 
Seat 3: tobabr ($1.96 in chips) 
Seat 4: Lorpugo ($2.04 in chips) 
Seat 5: NinnaBella ($4.63 in chips) 
Seat 6: BonifAAce123 ($3.69 in chips) 
tobabr: posts small blind $0.01
Lorpugo: posts big blind $0.02
*** HOLE CARDS ***
Dealt to Lorpugo [2c 7s]
NinnaBella: folds 
BonifAAce123: folds 
Thorkle1333: folds 
BonifAAce123 leaves the table
paok.f.c.000: raises $0.05 to $0.07
tobabr: folds 
Bet0P@assOs joins the table at seat #6 
Lorpugo: folds 
Uncalled bet ($0.05) returned to paok.f.c.000
paok.f.c.000 collected $0.05 from pot
*** SUMMARY ***
Total pot $0.05 | Rake $0 
Seat 1: Thorkle1333 folded before Flop (didn't bet)
Seat 2: paok.f.c.000 (button) collected ($0.05)
Seat 3: tobabr (small blind) folded before Flop
Seat 4: Lorpugo (big blind) folded before Flop
Seat 5: NinnaBella folded before Flop (didn't bet)
Seat 6: BonifAAce123 folded before Flop (didn't bet)



PokerStars Hand #241346893248:  Hold'em No Limit ($0.01/$0.02 USD) - 2023/01/23 14:23:11 ET
Table 'Sita II' 6-max Seat #3 is the button
Seat 1: Thorkle1333 ($2.91 in chips) 
Seat 2: paok.f.c.000 ($1.44 in chips) 
Seat 3: tobabr ($1.95 in chips) 
Seat 4: Lorpugo ($2.02 in chips) 
Seat 5: NinnaBella ($4.63 in chips) 
Lorpugo: posts small blind $0.01
NinnaBella: posts big blind $0.02
*** HOLE CARDS ***
Dealt to Lorpugo [3c Jh]
Thorkle1333: calls $0.02
paok.f.c.000: folds 
tobabr: folds 
Lorpugo: folds 
NinnaBella: checks 
*** FLOP *** [Tc Js 4c]
NinnaBella: checks 
Thorkle1333: bets $0.02
NinnaBella: folds 
Uncalled bet ($0.02) returned to Thorkle1333
Thorkle1333 collected $0.05 from pot
*** SUMMARY ***
Total pot $0.05 | Rake $0 
Board [Tc Js 4c]
Seat 1: Thorkle1333 collected ($0.05)
Seat 2: paok.f.c.000 folded before Flop (didn't bet)
Seat 3: tobabr (button) folded before Flop (didn't bet)
Seat 4: Lorpugo (small blind) folded before Flop
Seat 5: NinnaBella (big blind) folded on the Flop



PokerStars Hand #241346903824:  Hold'em No Limit ($0.01/$0.02 USD) - 2023/01/23 14:23:37 ET
Table 'Sita II' 6-max Seat #4 is the button
Seat 1: Thorkle1333 ($2.94 in chips) 
Seat 2: paok.f.c.000 ($1.44 in chips) 
Seat 3: tobabr ($1.95 in chips) 
Seat 4: Lorpugo ($2.01 in chips) 
Seat 5: NinnaBella ($4.61 in chips) 
Seat 6: Bet0P@assOs ($0.80 in chips) 
NinnaBella: posts small blind $0.01
Bet0P@assOs: posts big blind $0.02
*** HOLE CARDS ***
Dealt to Lorpugo [5s 4h]
Thorkle1333: folds 
paok.f.c.000: folds 
tobabr: folds 
Lorpugo: raises $0.03 to $0.05
NinnaBella: folds 
Bet0P@assOs: calls $0.03
*** FLOP *** [2c 4c 4s]
Bet0P@assOs: checks 
Lorpugo: bets $0.06
Bet0P@assOs: folds 
Uncalled bet ($0.06) returned to Lorpugo
Lorpugo collected $0.11 from pot
Lorpugo: doesn't show hand 
*** SUMMARY ***
Total pot $0.11 | Rake $0 
Board [2c 4c 4s]
Seat 1: Thorkle1333 folded before Flop (didn't bet)
Seat 2: paok.f.c.000 folded before Flop (didn't bet)
Seat 3: tobabr folded before Flop (didn't bet)
Seat 4: Lorpugo (button) collected ($0.11)
Seat 5: NinnaBella (small blind) folded before Flop
Seat 6: Bet0P@assOs (big blind) folded on the Flop



PokerStars Hand #241346916238:  Hold'em No Limit ($0.01/$0.02 USD) - 2023/01/23 14:24:08 ET
Table 'Sita II' 6-max Seat #5 is the button
Seat 1: Thorkle1333 ($2.94 in chips) 
Seat 2: paok.f.c.000 ($1.44 in chips) 
Seat 3: tobabr ($1.95 in chips) 
Seat 4: Lorpugo ($2.07 in chips) 
Seat 5: NinnaBella ($4.60 in chips) 
Seat 6: Bet0P@assOs ($0.75 in chips) 
Bet0P@assOs: posts small blind $0.01
Thorkle1333: posts big blind $0.02
*** HOLE CARDS ***
Dealt to Lorpugo [9s Ks]
paok.f.c.000: folds 
tobabr: raises $0.04 to $0.06
Lorpugo: folds 
NinnaBella: folds 
Bet0P@assOs: folds 
Thorkle1333: folds 
Uncalled bet ($0.04) returned to tobabr
tobabr collected $0.05 from pot
*** SUMMARY ***
Total pot $0.05 | Rake $0 
Seat 1: Thorkle1333 (big blind) folded before Flop
Seat 2: paok.f.c.000 folded before Flop (didn't bet)
Seat 3: tobabr collected ($0.05)
Seat 4: Lorpugo folded before Flop (didn't bet)
Seat 5: NinnaBella (button) folded before Flop (didn't bet)
Seat 6: Bet0P@assOs (small blind) folded before Flop



PokerStars Hand #241346927404:  Hold'em No Limit ($0.01/$0.02 USD) - 2023/01/23 14:24:35 ET
Table 'Sita II' 6-max Seat #6 is the button
Seat 1: Thorkle1333 ($2.92 in chips) 
Seat 2: paok.f.c.000 ($1.44 in chips) 
Seat 3: tobabr ($1.98 in chips) 
Seat 4: Lorpugo ($2.07 in chips) 
Seat 5: NinnaBella ($4.60 in chips) 
Seat 6: Bet0P@assOs ($0.74 in chips) 
Thorkle1333: posts small blind $0.01
paok.f.c.000: posts big blind $0.02
*** HOLE CARDS ***
Dealt to Lorpugo [3s 8s]
tobabr: folds 
Lorpugo: folds 
NinnaBella: folds 
Bet0P@assOs: calls $0.02
Thorkle1333: folds 
paok.f.c.000: checks 
*** FLOP *** [Ts 7s Jc]
paok.f.c.000: checks 
Bet0P@assOs: bets $0.02
paok.f.c.000: calls $0.02
*** TURN *** [Ts 7s Jc] [Td]
paok.f.c.000: checks 
Bet0P@assOs: checks 
*** RIVER *** [Ts 7s Jc Td] [5d]
paok.f.c.000: checks 
Bet0P@assOs: bets $0.02
paok.f.c.000: calls $0.02
*** SHOW DOWN ***
Bet0P@assOs: shows [Jh 6d] (two pair, Jacks and Tens)
paok.f.c.000: mucks hand 
Bet0P@assOs collected $0.13 from pot
*** SUMMARY ***
Total pot $0.13 | Rake $0 
Board [Ts 7s Jc Td 5d]
Seat 1: Thorkle1333 (small blind) folded before Flop
Seat 2: paok.f.c.000 (big blind) mucked [Ah 9d]
Seat 3: tobabr folded before Flop (didn't bet)
Seat 4: Lorpugo folded before Flop (didn't bet)
Seat 5: NinnaBella folded before Flop (didn't bet)
Seat 6: Bet0P@assOs (button) showed [Jh 6d] and won ($0.13) with two pair, Jacks and Tens



PokerStars Hand #241346946034:  Hold'em No Limit ($0.01/$0.02 USD) - 2023/01/23 14:25:20 ET
Table 'Sita II' 6-max Seat #1 is the button
Seat 1: Thorkle1333 ($2.91 in chips) 
Seat 2: paok.f.c.000 ($1.38 in chips) 
Seat 3: tobabr ($1.98 in chips) 
Seat 4: Lorpugo ($2.07 in chips) 
Seat 5: NinnaBella ($4.60 in chips) 
Seat 6: Bet0P@assOs ($0.81 in chips) 
paok.f.c.000: posts small blind $0.01
tobabr: posts big blind $0.02
*** HOLE CARDS ***
Dealt to Lorpugo [5s 3c]
Lorpugo: folds 
NinnaBella: folds 
Bet0P@assOs: calls $0.02
Thorkle1333: folds 
paok.f.c.000: raises $0.06 to $0.08
tobabr: folds 
Bet0P@assOs: calls $0.06
*** FLOP *** [6s 7c 6c]
paok.f.c.000: bets $0.17
Bet0P@assOs: folds 
Uncalled bet ($0.17) returned to paok.f.c.000
paok.f.c.000 collected $0.17 from pot
*** SUMMARY ***
Total pot $0.18 | Rake $0.01 
Board [6s 7c 6c]
Seat 1: Thorkle1333 (button) folded before Flop (didn't bet)
Seat 2: paok.f.c.000 (small blind) collected ($0.17)
Seat 3: tobabr (big blind) folded before Flop
Seat 4: Lorpugo folded before Flop (didn't bet)
Seat 5: NinnaBella folded before Flop (didn't bet)
Seat 6: Bet0P@assOs folded on the Flop



PokerStars Hand #241346961382:  Hold'em No Limit ($0.01/$0.02 USD) - 2023/01/23 14:25:59 ET
Table 'Sita II' 6-max Seat #2 is the button
Seat 1: Thorkle1333 ($2.91 in chips) 
Seat 2: paok.f.c.000 ($1.47 in chips) 
Seat 3: tobabr ($1.96 in chips) 
Seat 4: Lorpugo ($2.07 in chips) 
Seat 5: NinnaBella ($4.60 in chips) 
Seat 6: Bet0P@assOs ($0.73 in chips) 
tobabr: posts small blind $0.01
Lorpugo: posts big blind $0.02
*** HOLE CARDS ***
Dealt to Lorpugo [Ad 8h]
NinnaBella: folds 
Bet0P@assOs: calls $0.02
Thorkle1333: raises $0.02 to $0.04
paok.f.c.000: folds 
tobabr: folds 
Lorpugo: calls $0.02
Bet0P@assOs: calls $0.02
*** FLOP *** [Ks 7s Qh]
Lorpugo: checks 
Bet0P@assOs: checks 
Thorkle1333: bets $0.04
Lorpugo: folds 
Bet0P@assOs: folds 
Uncalled bet ($0.04) returned to Thorkle1333
Thorkle1333 collected $0.13 from pot
Thorkle1333: doesn't show hand 
*** SUMMARY ***
Total pot $0.13 | Rake $0 
Board [Ks 7s Qh]
Seat 1: Thorkle1333 collected ($0.13)
Seat 2: paok.f.c.000 (button) folded before Flop (didn't bet)
Seat 3: tobabr (small blind) folded before Flop
Seat 4: Lorpugo (big blind) folded on the Flop
Seat 5: NinnaBella folded before Flop (didn't bet)
Seat 6: Bet0P@assOs folded on the Flop



PokerStars Hand #241346973809:  Hold'em No Limit ($0.01/$0.02 USD) - 2023/01/23 14:26:30 ET
Table 'Sita II' 6-max Seat #3 is the button
Seat 1: Thorkle1333 ($3 in chips) 
Seat 2: paok.f.c.000 ($1.47 in chips) 
Seat 3: tobabr ($1.95 in chips) 
Seat 4: Lorpugo ($2.03 in chips) 
Seat 5: NinnaBella ($4.60 in chips) 
Seat 6: Bet0P@assOs ($0.69 in chips) 
Lorpugo: posts small blind $0.01
NinnaBella: posts big blind $0.02
*** HOLE CARDS ***
Dealt to Lorpugo [Qc 2d]
Bet0P@assOs: folds 
Thorkle1333: calls $0.02
paok.f.c.000: calls $0.02
tobabr: folds 
Lorpugo: folds 
NinnaBella: checks 
*** FLOP *** [2h 3s 5d]
NinnaBella: checks 
Thorkle1333: checks 
paok.f.c.000: checks 
*** TURN *** [2h 3s 5d] [9s]
NinnaBella: checks 
Thorkle1333: bets $0.04
paok.f.c.000: calls $0.04
NinnaBella: folds 
*** RIVER *** [2h 3s 5d 9s] [5h]
Thorkle1333: bets $0.08
paok.f.c.000: calls $0.08
*** SHOW DOWN ***
Thorkle1333: shows [Th 9h] (two pair, Nines and Fives)
paok.f.c.000: mucks hand 
Thorkle1333 collected $0.30 from pot
*** SUMMARY ***
Total pot $0.31 | Rake $0.01 
Board [2h 3s 5d 9s 5h]
Seat 1: Thorkle1333 showed [Th 9h] and won ($0.30) with two pair, Nines and Fives
Seat 2: paok.f.c.000 mucked [3c Ad]
Seat 3: tobabr (button) folded before Flop (didn't bet)
Seat 4: Lorpugo (small blind) folded before Flop
Seat 5: NinnaBella (big blind) folded on the Turn
Seat 6: Bet0P@assOs folded before Flop (didn't bet)



PokerStars Hand #241347005520:  Hold'em No Limit ($0.01/$0.02 USD) - 2023/01/23 14:27:49 ET
Table 'Sita II' 6-max Seat #4 is the button
Seat 1: Thorkle1333 ($3.16 in chips) 
Seat 2: paok.f.c.000 ($1.33 in chips) 
Seat 3: tobabr ($1.95 in chips) 
Seat 4: Lorpugo ($2.02 in chips) 
Seat 5: NinnaBella ($4.58 in chips) 
Seat 6: Bet0P@assOs ($0.69 in chips) 
NinnaBella: posts small blind $0.01
Bet0P@assOs: posts big blind $0.02
*** HOLE CARDS ***
Dealt to Lorpugo [Td Kc]
Thorkle1333: folds 
paok.f.c.000: calls $0.02
tobabr: folds 
Lorpugo: raises $0.03 to $0.05
NinnaBella: raises $0.17 to $0.22
Bet0P@assOs: folds 
paok.f.c.000: folds 
Lorpugo: folds 
Uncalled bet ($0.17) returned to NinnaBella
NinnaBella collected $0.14 from pot
NinnaBella: doesn't show hand 
*** SUMMARY ***
Total pot $0.14 | Rake $0 
Seat 1: Thorkle1333 folded before Flop (didn't bet)
Seat 2: paok.f.c.000 folded before Flop
Seat 3: tobabr folded before Flop (didn't bet)
Seat 4: Lorpugo (button) folded before Flop
Seat 5: NinnaBella (small blind) collected ($0.14)
Seat 6: Bet0P@assOs (big blind) folded before Flop



PokerStars Hand #241347016476:  Hold'em No Limit ($0.01/$0.02 USD) - 2023/01/23 14:28:17 ET
Table 'Sita II' 6-max Seat #5 is the button
Seat 1: Thorkle1333 ($3.16 in chips) 
Seat 2: paok.f.c.000 ($1.31 in chips) 
Seat 3: tobabr ($1.95 in chips) 
Seat 4: Lorpugo ($1.97 in chips) 
Seat 5: NinnaBella ($4.67 in chips) 
Seat 6: Bet0P@assOs ($0.67 in chips) 
Bet0P@assOs: posts small blind $0.01
Thorkle1333: posts big blind $0.02
*** HOLE CARDS ***
Dealt to Lorpugo [3h 4s]
paok.f.c.000: folds 
tobabr: folds 
Lorpugo: folds 
NinnaBella: folds 
Bet0P@assOs: calls $0.01
Thorkle1333: checks 
*** FLOP *** [Kd 9s Jd]
Bet0P@assOs: checks 
Thorkle1333: bets $0.04
Bet0P@assOs: folds 
Uncalled bet ($0.04) returned to Thorkle1333
Thorkle1333 collected $0.04 from pot
*** SUMMARY ***
Total pot $0.04 | Rake $0 
Board [Kd 9s Jd]
Seat 1: Thorkle1333 (big blind) collected ($0.04)
Seat 2: paok.f.c.000 folded before Flop (didn't bet)
Seat 3: tobabr folded before Flop (didn't bet)
Seat 4: Lorpugo folded before Flop (didn't bet)
Seat 5: NinnaBella (button) folded before Flop (didn't bet)
Seat 6: Bet0P@assOs (small blind) folded on the Flop



PokerStars Hand #241347031416:  Hold'em No Limit ($0.01/$0.02 USD) - 2023/01/23 14:28:54 ET
Table 'Sita II' 6-max Seat #6 is the button
Seat 1: Thorkle1333 ($3.18 in chips) 
Seat 2: paok.f.c.000 ($1.31 in chips) 
Seat 3: tobabr ($1.95 in chips) 
Seat 4: Lorpugo ($1.97 in chips) 
Seat 5: NinnaBella ($4.67 in chips) 
Seat 6: Bet0P@assOs ($0.65 in chips) 
Thorkle1333: posts small blind $0.01
paok.f.c.000: posts big blind $0.02
*** HOLE CARDS ***
Dealt to Lorpugo [8d 9d]
tobabr: folds 
Lorpugo: raises $0.03 to $0.05
NinnaBella: folds 
Bet0P@assOs: folds 
Thorkle1333: calls $0.04
paok.f.c.000: calls $0.03
*** FLOP *** [Qd Jh 7d]
Thorkle1333: checks 
paok.f.c.000: checks 
Lorpugo: checks 
*** TURN *** [Qd Jh 7d] [3s]
Thorkle1333: checks 
paok.f.c.000: bets $0.14
Lorpugo: calls $0.14
Thorkle1333: folds 
*** RIVER *** [Qd Jh 7d 3s] [Js]
paok.f.c.000: bets $0.41
Lorpugo: folds 
Uncalled bet ($0.41) returned to paok.f.c.000
paok.f.c.000 collected $0.41 from pot
*** SUMMARY ***
Total pot $0.43 | Rake $0.02 
Board [Qd Jh 7d 3s Js]
Seat 1: Thorkle1333 (small blind) folded on the Turn
Seat 2: paok.f.c.000 (big blind) collected ($0.41)
Seat 3: tobabr folded before Flop (didn't bet)
Seat 4: Lorpugo folded on the River
Seat 5: NinnaBella folded before Flop (didn't bet)
Seat 6: Bet0P@assOs (button) folded before Flop (didn't bet)



PokerStars Hand #241347050022:  Hold'em No Limit ($0.01/$0.02 USD) - 2023/01/23 14:29:41 ET
Table 'Sita II' 6-max Seat #1 is the button
Seat 1: Thorkle1333 ($3.13 in chips) 
Seat 2: paok.f.c.000 ($1.53 in chips) 
Seat 3: tobabr ($1.95 in chips) 
Seat 4: Lorpugo ($1.78 in chips) 
Seat 5: NinnaBella ($4.67 in chips) 
Seat 6: Bet0P@assOs ($0.65 in chips) 
paok.f.c.000: posts small blind $0.01
tobabr: posts big blind $0.02
*** HOLE CARDS ***
Dealt to Lorpugo [3c Qs]
Lorpugo: folds 
NinnaBella: folds 
Bet0P@assOs: calls $0.02
Thorkle1333: calls $0.02
paok.f.c.000: folds 
tobabr: checks 
*** FLOP *** [Ks 9h 7s]
tobabr: checks 
Bet0P@assOs: checks 
Thorkle1333: checks 
*** TURN *** [Ks 9h 7s] [3h]
tobabr: bets $0.06
Bet0P@assOs: folds 
Thorkle1333: raises $0.06 to $0.12
tobabr: calls $0.06
*** RIVER *** [Ks 9h 7s 3h] [Kh]
tobabr: checks 
Thorkle1333: checks 
*** SHOW DOWN ***
tobabr: shows [Tc 7c] (two pair, Kings and Sevens)
Thorkle1333: shows [7h 7d] (a full house, Sevens full of Kings)
Thorkle1333 collected $0.30 from pot
*** SUMMARY ***
Total pot $0.31 | Rake $0.01 
Board [Ks 9h 7s 3h Kh]
Seat 1: Thorkle1333 (button) showed [7h 7d] and won ($0.30) with a full house, Sevens full of Kings
Seat 2: paok.f.c.000 (small blind) folded before Flop
Seat 3: tobabr (big blind) showed [Tc 7c] and lost with two pair, Kings and Sevens
Seat 4: Lorpugo folded before Flop (didn't bet)
Seat 5: NinnaBella folded before Flop (didn't bet)
Seat 6: Bet0P@assOs folded on the Turn



PokerStars Hand #241347074961:  Hold'em No Limit ($0.01/$0.02 USD) - 2023/01/23 14:30:42 ET
Table 'Sita II' 6-max Seat #2 is the button
Seat 1: Thorkle1333 ($3.29 in chips) 
Seat 2: paok.f.c.000 ($1.52 in chips) 
Seat 3: tobabr ($1.81 in chips) 
Seat 4: Lorpugo ($1.78 in chips) 
Seat 5: NinnaBella ($4.67 in chips) 
Seat 6: Bet0P@assOs ($0.63 in chips) 
tobabr: posts small blind $0.01
Lorpugo: posts big blind $0.02
*** HOLE CARDS ***
Dealt to Lorpugo [3d 5c]
NinnaBella: folds 
Bet0P@assOs: calls $0.02
Thorkle1333: calls $0.02
paok.f.c.000: folds 
tobabr: calls $0.01
Lorpugo: checks 
*** FLOP *** [Qc 7s Th]
tobabr: bets $0.04
Lorpugo: folds 
Bet0P@assOs: calls $0.04
Thorkle1333: calls $0.04
*** TURN *** [Qc 7s Th] [Ts]
tobabr: checks 
Bet0P@assOs: bets $0.10
Thorkle1333: folds 
tobabr: calls $0.10
*** RIVER *** [Qc 7s Th Ts] [8c]
tobabr: checks 
Bet0P@assOs: bets $0.22
tobabr: folds 
Uncalled bet ($0.22) returned to Bet0P@assOs
Bet0P@assOs collected $0.39 from pot
Bet0P@assOs: doesn't show hand 
*** SUMMARY ***
Total pot $0.40 | Rake $0.01 
Board [Qc 7s Th Ts 8c]
Seat 1: Thorkle1333 folded on the Turn
Seat 2: paok.f.c.000 (button) folded before Flop (didn't bet)
Seat 3: tobabr (small blind) folded on the River
Seat 4: Lorpugo (big blind) folded on the Flop
Seat 5: NinnaBella folded before Flop (didn't bet)
Seat 6: Bet0P@assOs collected ($0.39)



PokerStars Hand #241347113459:  Hold'em No Limit ($0.01/$0.02 USD) - 2023/01/23 14:32:18 ET
Table 'Sita II' 6-max Seat #3 is the button
Seat 1: Thorkle1333 ($3.23 in chips) 
Seat 2: paok.f.c.000 ($1.52 in chips) 
Seat 3: tobabr ($1.65 in chips) 
Seat 4: Lorpugo ($1.76 in chips) 
Seat 5: NinnaBella ($4.67 in chips) 
Seat 6: Bet0P@assOs ($0.86 in chips) 
Lorpugo: posts small blind $0.01
NinnaBella: posts big blind $0.02
*** HOLE CARDS ***
Dealt to Lorpugo [Jd Jh]
Bet0P@assOs: folds 
Thorkle1333: folds 
paok.f.c.000: folds 
tobabr: raises $0.04 to $0.06
Lorpugo: raises $0.14 to $0.20
NinnaBella: folds 
tobabr: folds 
Uncalled bet ($0.14) returned to Lorpugo
Lorpugo collected $0.14 from pot
Lorpugo: doesn't show hand 
*** SUMMARY ***
Total pot $0.14 | Rake $0 
Seat 1: Thorkle1333 folded before Flop (didn't bet)
Seat 2: paok.f.c.000 folded before Flop (didn't bet)
Seat 3: tobabr (button) folded before Flop
Seat 4: Lorpugo (small blind) collected ($0.14)
Seat 5: NinnaBella (big blind) folded before Flop
Seat 6: Bet0P@assOs folded before Flop (didn't bet)



PokerStars Hand #241347123406:  Hold'em No Limit ($0.01/$0.02 USD) - 2023/01/23 14:32:42 ET
Table 'Sita II' 6-max Seat #4 is the button
Seat 1: Thorkle1333 ($3.23 in chips) 
Seat 2: paok.f.c.000 ($1.52 in chips) 
Seat 3: tobabr ($1.59 in chips) 
Seat 4: Lorpugo ($1.84 in chips) 
Seat 5: NinnaBella ($4.65 in chips) 
Seat 6: Bet0P@assOs ($0.86 in chips) 
NinnaBella: posts small blind $0.01
Bet0P@assOs: posts big blind $0.02
*** HOLE CARDS ***
Dealt to Lorpugo [9h Ad]
Thorkle1333: folds 
paok.f.c.000: folds 
tobabr: folds 
Lorpugo: raises $0.03 to $0.05
NinnaBella: folds 
Bet0P@assOs: calls $0.03
*** FLOP *** [4d Tc 3c]
Bet0P@assOs: bets $0.02
Lorpugo: calls $0.02
*** TURN *** [4d Tc 3c] [Js]
Bet0P@assOs: bets $0.02
Lorpugo: calls $0.02
*** RIVER *** [4d Tc 3c Js] [3s]
Bet0P@assOs: bets $0.02
Lorpugo: raises $0.10 to $0.12
Bet0P@assOs: calls $0.10
*** SHOW DOWN ***
Lorpugo: shows [9h Ad] (a pair of Threes)
Bet0P@assOs: shows [Td 7c] (two pair, Tens and Threes)
Bet0P@assOs collected $0.41 from pot
*** SUMMARY ***
Total pot $0.43 | Rake $0.02 
Board [4d Tc 3c Js 3s]
Seat 1: Thorkle1333 folded before Flop (didn't bet)
Seat 2: paok.f.c.000 folded before Flop (didn't bet)
Seat 3: tobabr folded before Flop (didn't bet)
Seat 4: Lorpugo (button) showed [9h Ad] and lost with a pair of Threes
Seat 5: NinnaBella (small blind) folded before Flop
Seat 6: Bet0P@assOs (big blind) showed [Td 7c] and won ($0.41) with two pair, Tens and Threes



PokerStars Hand #241347151344:  Hold'em No Limit ($0.01/$0.02 USD) - 2023/01/23 14:33:51 ET
Table 'Sita II' 6-max Seat #5 is the button
Seat 1: Thorkle1333 ($3.23 in chips) 
Seat 2: paok.f.c.000 ($1.52 in chips) 
Seat 3: tobabr ($2 in chips) 
Seat 4: Lorpugo ($1.63 in chips) 
Seat 5: NinnaBella ($4.64 in chips) 
Seat 6: Bet0P@assOs ($1.06 in chips) 
Bet0P@assOs: posts small blind $0.01
Thorkle1333: posts big blind $0.02
*** HOLE CARDS ***
Dealt to Lorpugo [Ad 3c]
paok.f.c.000: calls $0.02
tobabr: folds 
Lorpugo: raises $0.03 to $0.05
NinnaBella: folds 
Bet0P@assOs: folds 
Thorkle1333: folds 
paok.f.c.000: calls $0.03
*** FLOP *** [5h Tc Jh]
paok.f.c.000: checks 
Lorpugo: checks 
*** TURN *** [5h Tc Jh] [7h]
paok.f.c.000: checks 
Lorpugo: checks 
*** RIVER *** [5h Tc Jh 7h] [7c]
paok.f.c.000: bets $0.04
Lorpugo: calls $0.04
*** SHOW DOWN ***
paok.f.c.000: shows [Kc Td] (two pair, Tens and Sevens)
Lorpugo: mucks hand 
paok.f.c.000 collected $0.20 from pot
*** SUMMARY ***
Total pot $0.21 | Rake $0.01 
Board [5h Tc Jh 7h 7c]
Seat 1: Thorkle1333 (big blind) folded before Flop
Seat 2: paok.f.c.000 showed [Kc Td] and won ($0.20) with two pair, Tens and Sevens
Seat 3: tobabr folded before Flop (didn't bet)
Seat 4: Lorpugo mucked [Ad 3c]
Seat 5: NinnaBella (button) folded before Flop (didn't bet)
Seat 6: Bet0P@assOs (small blind) folded before Flop



PokerStars Hand #241347171573:  Hold'em No Limit ($0.01/$0.02 USD) - 2023/01/23 14:34:41 ET
Table 'Sita II' 6-max Seat #6 is the button
Seat 1: Thorkle1333 ($3.21 in chips) 
Seat 2: paok.f.c.000 ($1.63 in chips) 
Seat 3: tobabr ($2 in chips) 
Seat 4: Lorpugo ($1.54 in chips) 
Seat 5: NinnaBella ($4.64 in chips) 
Seat 6: Bet0P@assOs ($1.05 in chips) 
Thorkle1333: posts small blind $0.01
paok.f.c.000: posts big blind $0.02
*** HOLE CARDS ***
Dealt to Lorpugo [4c Tc]
tobabr: folds 
Lorpugo: folds 
NinnaBella: folds 
Bet0P@assOs: folds 
Thorkle1333: folds 
Uncalled bet ($0.01) returned to paok.f.c.000
paok.f.c.000 collected $0.02 from pot
*** SUMMARY ***
Total pot $0.02 | Rake $0 
Seat 1: Thorkle1333 (small blind) folded before Flop
Seat 2: paok.f.c.000 (big blind) collected ($0.02)
Seat 3: tobabr folded before Flop (didn't bet)
Seat 4: Lorpugo folded before Flop (didn't bet)
Seat 5: NinnaBella folded before Flop (didn't bet)
Seat 6: Bet0P@assOs (button) folded before Flop (didn't bet)



