PokerStars Hand #241366782186: Tournament #3537136751, $0.23+$0.02 USD Hold'em No Limit - Level I (10/20) - 2023/01/24 13:25:35 ET
Table '3537136751 1' 3-max Seat #1 is the button
Seat 1: HighLife1008 (500 in chips) 
Seat 2: galfinche (500 in chips) 
Seat 3: Lorpugo (500 in chips) 
galfinche: posts small blind 10
Lorpugo: posts big blind 20
*** HOLE CARDS ***
Dealt to Lorpugo [Ts 5c]
HighLife1008: raises 480 to 500 and is all-in
galfinche: folds 
Lorpugo: folds 
Uncalled bet (480) returned to HighLife1008
HighLife1008 collected 50 from pot
*** SUMMARY ***
Total pot 50 | Rake 0 
Seat 1: HighLife1008 (button) collected (50)
Seat 2: galfinche (small blind) folded before Flop
Seat 3: Lorpugo (big blind) folded before Flop



PokerStars Hand #241366784945: Tournament #3537136751, $0.23+$0.02 USD Hold'em No Limit - Level I (10/20) - 2023/01/24 13:25:42 ET
Table '3537136751 1' 3-max Seat #2 is the button
Seat 1: HighLife1008 (530 in chips) 
Seat 2: galfinche (490 in chips) 
Seat 3: Lorpugo (480 in chips) 
Lorpugo: posts small blind 10
HighLife1008: posts big blind 20
*** HOLE CARDS ***
Dealt to Lorpugo [2d 9d]
galfinche: calls 20
Lorpugo: folds 
HighLife1008: raises 510 to 530 and is all-in
galfinche: folds 
Uncalled bet (510) returned to HighLife1008
HighLife1008 collected 50 from pot
*** SUMMARY ***
Total pot 50 | Rake 0 
Seat 1: HighLife1008 (big blind) collected (50)
Seat 2: galfinche (button) folded before Flop
Seat 3: Lorpugo (small blind) folded before Flop



PokerStars Hand #241366789065: Tournament #3537136751, $0.23+$0.02 USD Hold'em No Limit - Level I (10/20) - 2023/01/24 13:25:53 ET
Table '3537136751 1' 3-max Seat #3 is the button
Seat 1: HighLife1008 (560 in chips) 
Seat 2: galfinche (470 in chips) 
Seat 3: Lorpugo (470 in chips) 
HighLife1008: posts small blind 10
galfinche: posts big blind 20
*** HOLE CARDS ***
Dealt to Lorpugo [8s 7h]
Lorpugo: raises 20 to 40
HighLife1008: raises 520 to 560 and is all-in
galfinche: folds 
Lorpugo: folds 
Uncalled bet (520) returned to HighLife1008
HighLife1008 collected 100 from pot
*** SUMMARY ***
Total pot 100 | Rake 0 
Seat 1: HighLife1008 (small blind) collected (100)
Seat 2: galfinche (big blind) folded before Flop
Seat 3: Lorpugo (button) folded before Flop



PokerStars Hand #241366793868: Tournament #3537136751, $0.23+$0.02 USD Hold'em No Limit - Level I (10/20) - 2023/01/24 13:26:05 ET
Table '3537136751 1' 3-max Seat #1 is the button
Seat 1: HighLife1008 (620 in chips) 
Seat 2: galfinche (450 in chips) 
Seat 3: Lorpugo (430 in chips) 
galfinche: posts small blind 10
Lorpugo: posts big blind 20
*** HOLE CARDS ***
Dealt to Lorpugo [8c 7h]
HighLife1008: folds 
galfinche: calls 10
Lorpugo: checks 
*** FLOP *** [7d Jd 5h]
galfinche: checks 
Lorpugo: bets 26
galfinche: folds 
Uncalled bet (26) returned to Lorpugo
Lorpugo collected 40 from pot
Lorpugo: doesn't show hand 
*** SUMMARY ***
Total pot 40 | Rake 0 
Board [7d Jd 5h]
Seat 1: HighLife1008 (button) folded before Flop (didn't bet)
Seat 2: galfinche (small blind) folded on the Flop
Seat 3: Lorpugo (big blind) collected (40)



PokerStars Hand #241366800625: Tournament #3537136751, $0.23+$0.02 USD Hold'em No Limit - Level I (10/20) - 2023/01/24 13:26:23 ET
Table '3537136751 1' 3-max Seat #2 is the button
Seat 1: HighLife1008 (620 in chips) 
Seat 2: galfinche (430 in chips) 
Seat 3: Lorpugo (450 in chips) 
Lorpugo: posts small blind 10
HighLife1008: posts big blind 20
*** HOLE CARDS ***
Dealt to Lorpugo [9s Kd]
galfinche: calls 20
Lorpugo: calls 10
HighLife1008: raises 600 to 620 and is all-in
galfinche: calls 410 and is all-in
Lorpugo: folds 
Uncalled bet (190) returned to HighLife1008
*** FLOP *** [Qs 7d Js]
*** TURN *** [Qs 7d Js] [8c]
*** RIVER *** [Qs 7d Js 8c] [Th]
*** SHOW DOWN ***
HighLife1008: shows [7h 7s] (three of a kind, Sevens)
galfinche: shows [Kc Jc] (a pair of Jacks)
HighLife1008 collected 880 from pot
galfinche finished the tournament in 3rd place
*** SUMMARY ***
Total pot 880 | Rake 0 
Board [Qs 7d Js 8c Th]
Seat 1: HighLife1008 (big blind) showed [7h 7s] and won (880) with three of a kind, Sevens
Seat 2: galfinche (button) showed [Kc Jc] and lost with a pair of Jacks
Seat 3: Lorpugo (small blind) folded before Flop



PokerStars Hand #241366808518: Tournament #3537136751, $0.23+$0.02 USD Hold'em No Limit - Level I (10/20) - 2023/01/24 13:26:44 ET
Table '3537136751 1' 3-max Seat #1 is the button
Seat 1: HighLife1008 (1070 in chips) 
Seat 3: Lorpugo (430 in chips) 
HighLife1008: posts small blind 10
Lorpugo: posts big blind 20
*** HOLE CARDS ***
Dealt to Lorpugo [6h 7d]
HighLife1008: folds 
Uncalled bet (10) returned to Lorpugo
Lorpugo collected 20 from pot
Lorpugo: doesn't show hand 
*** SUMMARY ***
Total pot 20 | Rake 0 
Seat 1: HighLife1008 (button) (small blind) folded before Flop
Seat 3: Lorpugo (big blind) collected (20)



PokerStars Hand #241366811858: Tournament #3537136751, $0.23+$0.02 USD Hold'em No Limit - Level I (10/20) - 2023/01/24 13:26:53 ET
Table '3537136751 1' 3-max Seat #3 is the button
Seat 1: HighLife1008 (1060 in chips) 
Seat 3: Lorpugo (440 in chips) 
Lorpugo: posts small blind 10
HighLife1008: posts big blind 20
*** HOLE CARDS ***
Dealt to Lorpugo [Ah Qs]
Lorpugo: raises 20 to 40
HighLife1008: raises 1020 to 1060 and is all-in
Lorpugo: calls 400 and is all-in
Uncalled bet (620) returned to HighLife1008
*** FLOP *** [Tc 4d Qh]
*** TURN *** [Tc 4d Qh] [Qc]
*** RIVER *** [Tc 4d Qh Qc] [Kh]
*** SHOW DOWN ***
HighLife1008: shows [Ad 2h] (a pair of Queens)
Lorpugo: shows [Ah Qs] (three of a kind, Queens)
Lorpugo collected 880 from pot
*** SUMMARY ***
Total pot 880 | Rake 0 
Board [Tc 4d Qh Qc Kh]
Seat 1: HighLife1008 (big blind) showed [Ad 2h] and lost with a pair of Queens
Seat 3: Lorpugo (button) (small blind) showed [Ah Qs] and won (880) with three of a kind, Queens



PokerStars Hand #241366820366: Tournament #3537136751, $0.23+$0.02 USD Hold'em No Limit - Level I (10/20) - 2023/01/24 13:27:15 ET
Table '3537136751 1' 3-max Seat #1 is the button
Seat 1: HighLife1008 (620 in chips) 
Seat 3: Lorpugo (880 in chips) 
HighLife1008: posts small blind 10
Lorpugo: posts big blind 20
*** HOLE CARDS ***
Dealt to Lorpugo [9d Ad]
HighLife1008: raises 40 to 60
Lorpugo: raises 820 to 880 and is all-in
HighLife1008: calls 560 and is all-in
Uncalled bet (260) returned to Lorpugo
*** FLOP *** [7s 6s Qc]
*** TURN *** [7s 6s Qc] [7h]
*** RIVER *** [7s 6s Qc 7h] [Ah]
*** SHOW DOWN ***
Lorpugo: shows [9d Ad] (two pair, Aces and Sevens)
HighLife1008: shows [4c Ac] (two pair, Aces and Sevens)
Lorpugo collected 620 from pot
HighLife1008 collected 620 from pot
*** SUMMARY ***
Total pot 1240 | Rake 0 
Board [7s 6s Qc 7h Ah]
Seat 1: HighLife1008 (button) (small blind) showed [4c Ac] and won (620) with two pair, Aces and Sevens
Seat 3: Lorpugo (big blind) showed [9d Ad] and won (620) with two pair, Aces and Sevens



PokerStars Hand #241366827028: Tournament #3537136751, $0.23+$0.02 USD Hold'em No Limit - Level I (10/20) - 2023/01/24 13:27:33 ET
Table '3537136751 1' 3-max Seat #3 is the button
Seat 1: HighLife1008 (620 in chips) 
Seat 3: Lorpugo (880 in chips) 
Lorpugo: posts small blind 10
HighLife1008: posts big blind 20
*** HOLE CARDS ***
Dealt to Lorpugo [As Jd]
Lorpugo: raises 20 to 40
HighLife1008: calls 20
*** FLOP *** [4d 8s 6c]
HighLife1008: bets 20
Lorpugo: calls 20
*** TURN *** [4d 8s 6c] [5d]
HighLife1008: bets 20
Lorpugo: folds 
Uncalled bet (20) returned to HighLife1008
HighLife1008 collected 120 from pot
*** SUMMARY ***
Total pot 120 | Rake 0 
Board [4d 8s 6c 5d]
Seat 1: HighLife1008 (big blind) collected (120)
Seat 3: Lorpugo (button) (small blind) folded on the Turn



PokerStars Hand #241366836997: Tournament #3537136751, $0.23+$0.02 USD Hold'em No Limit - Level II (15/30) - 2023/01/24 13:27:59 ET
Table '3537136751 1' 3-max Seat #1 is the button
Seat 1: HighLife1008 (680 in chips) 
Seat 3: Lorpugo (820 in chips) 
HighLife1008: posts small blind 15
Lorpugo: posts big blind 30
*** HOLE CARDS ***
Dealt to Lorpugo [9d Qh]
HighLife1008: folds 
Uncalled bet (15) returned to Lorpugo
Lorpugo collected 30 from pot
Lorpugo: doesn't show hand 
*** SUMMARY ***
Total pot 30 | Rake 0 
Seat 1: HighLife1008 (button) (small blind) folded before Flop
Seat 3: Lorpugo (big blind) collected (30)



PokerStars Hand #241366838788: Tournament #3537136751, $0.23+$0.02 USD Hold'em No Limit - Level II (15/30) - 2023/01/24 13:28:04 ET
Table '3537136751 1' 3-max Seat #3 is the button
Seat 1: HighLife1008 (665 in chips) 
Seat 3: Lorpugo (835 in chips) 
Lorpugo: posts small blind 15
HighLife1008: posts big blind 30
*** HOLE CARDS ***
Dealt to Lorpugo [3s 4s]
Lorpugo: raises 30 to 60
HighLife1008: folds 
Uncalled bet (30) returned to Lorpugo
Lorpugo collected 60 from pot
Lorpugo: doesn't show hand 
*** SUMMARY ***
Total pot 60 | Rake 0 
Seat 1: HighLife1008 (big blind) folded before Flop
Seat 3: Lorpugo (button) (small blind) collected (60)



PokerStars Hand #241366840907: Tournament #3537136751, $0.23+$0.02 USD Hold'em No Limit - Level II (15/30) - 2023/01/24 13:28:09 ET
Table '3537136751 1' 3-max Seat #1 is the button
Seat 1: HighLife1008 (635 in chips) 
Seat 3: Lorpugo (865 in chips) 
HighLife1008: posts small blind 15
Lorpugo: posts big blind 30
*** HOLE CARDS ***
Dealt to Lorpugo [5s 6d]
HighLife1008: raises 30 to 60
Lorpugo: calls 30
*** FLOP *** [Qs Ad 8d]
Lorpugo: checks 
HighLife1008: bets 30
Lorpugo: folds 
Uncalled bet (30) returned to HighLife1008
HighLife1008 collected 120 from pot
*** SUMMARY ***
Total pot 120 | Rake 0 
Board [Qs Ad 8d]
Seat 1: HighLife1008 (button) (small blind) collected (120)
Seat 3: Lorpugo (big blind) folded on the Flop



PokerStars Hand #241366848409: Tournament #3537136751, $0.23+$0.02 USD Hold'em No Limit - Level II (15/30) - 2023/01/24 13:28:29 ET
Table '3537136751 1' 3-max Seat #3 is the button
Seat 1: HighLife1008 (695 in chips) 
Seat 3: Lorpugo (805 in chips) 
Lorpugo: posts small blind 15
HighLife1008: posts big blind 30
*** HOLE CARDS ***
Dealt to Lorpugo [Qs 6s]
Lorpugo: raises 30 to 60
HighLife1008: calls 30
*** FLOP *** [Ks Jd 8s]
HighLife1008: checks 
Lorpugo: checks 
*** TURN *** [Ks Jd 8s] [Jc]
HighLife1008: bets 60
Lorpugo: calls 60
*** RIVER *** [Ks Jd 8s Jc] [4c]
HighLife1008: bets 575 and is all-in
Lorpugo: folds 
Uncalled bet (575) returned to HighLife1008
HighLife1008 collected 240 from pot
*** SUMMARY ***
Total pot 240 | Rake 0 
Board [Ks Jd 8s Jc 4c]
Seat 1: HighLife1008 (big blind) collected (240)
Seat 3: Lorpugo (button) (small blind) folded on the River



PokerStars Hand #241366857266: Tournament #3537136751, $0.23+$0.02 USD Hold'em No Limit - Level II (15/30) - 2023/01/24 13:28:52 ET
Table '3537136751 1' 3-max Seat #1 is the button
Seat 1: HighLife1008 (815 in chips) 
Seat 3: Lorpugo (685 in chips) 
HighLife1008: posts small blind 15
Lorpugo: posts big blind 30
*** HOLE CARDS ***
Dealt to Lorpugo [Td Jd]
HighLife1008: folds 
Uncalled bet (15) returned to Lorpugo
Lorpugo collected 30 from pot
Lorpugo: doesn't show hand 
*** SUMMARY ***
Total pot 30 | Rake 0 
Seat 1: HighLife1008 (button) (small blind) folded before Flop
Seat 3: Lorpugo (big blind) collected (30)



PokerStars Hand #241366860472: Tournament #3537136751, $0.23+$0.02 USD Hold'em No Limit - Level II (15/30) - 2023/01/24 13:29:01 ET
Table '3537136751 1' 3-max Seat #3 is the button
Seat 1: HighLife1008 (800 in chips) 
Seat 3: Lorpugo (700 in chips) 
Lorpugo: posts small blind 15
HighLife1008: posts big blind 30
*** HOLE CARDS ***
Dealt to Lorpugo [3c Ac]
Lorpugo: raises 30 to 60
HighLife1008: raises 740 to 800 and is all-in
Lorpugo: folds 
Uncalled bet (740) returned to HighLife1008
HighLife1008 collected 120 from pot
*** SUMMARY ***
Total pot 120 | Rake 0 
Seat 1: HighLife1008 (big blind) collected (120)
Seat 3: Lorpugo (button) (small blind) folded before Flop



PokerStars Hand #241366865901: Tournament #3537136751, $0.23+$0.02 USD Hold'em No Limit - Level II (15/30) - 2023/01/24 13:29:15 ET
Table '3537136751 1' 3-max Seat #1 is the button
Seat 1: HighLife1008 (860 in chips) 
Seat 3: Lorpugo (640 in chips) 
HighLife1008: posts small blind 15
Lorpugo: posts big blind 30
*** HOLE CARDS ***
Dealt to Lorpugo [3d Qd]
HighLife1008: calls 15
Lorpugo: checks 
*** FLOP *** [Qh Qs Js]
Lorpugo: checks 
HighLife1008: checks 
*** TURN *** [Qh Qs Js] [Td]
Lorpugo: bets 30
HighLife1008: calls 30
*** RIVER *** [Qh Qs Js Td] [As]
Lorpugo: checks 
HighLife1008: checks 
*** SHOW DOWN ***
Lorpugo: shows [3d Qd] (three of a kind, Queens)
HighLife1008: mucks hand 
Lorpugo collected 120 from pot
*** SUMMARY ***
Total pot 120 | Rake 0 
Board [Qh Qs Js Td As]
Seat 1: HighLife1008 (button) (small blind) mucked [6d 9d]
Seat 3: Lorpugo (big blind) showed [3d Qd] and won (120) with three of a kind, Queens



PokerStars Hand #241366881962: Tournament #3537136751, $0.23+$0.02 USD Hold'em No Limit - Level III (20/40) - 2023/01/24 13:29:58 ET
Table '3537136751 1' 3-max Seat #3 is the button
Seat 1: HighLife1008 (800 in chips) 
Seat 3: Lorpugo (700 in chips) 
Lorpugo: posts small blind 20
HighLife1008: posts big blind 40
*** HOLE CARDS ***
Dealt to Lorpugo [3h 2h]
Lorpugo: calls 20
HighLife1008: raises 760 to 800 and is all-in
Lorpugo: folds 
Uncalled bet (760) returned to HighLife1008
HighLife1008 collected 80 from pot
*** SUMMARY ***
Total pot 80 | Rake 0 
Seat 1: HighLife1008 (big blind) collected (80)
Seat 3: Lorpugo (button) (small blind) folded before Flop



PokerStars Hand #241366884896: Tournament #3537136751, $0.23+$0.02 USD Hold'em No Limit - Level III (20/40) - 2023/01/24 13:30:05 ET
Table '3537136751 1' 3-max Seat #1 is the button
Seat 1: HighLife1008 (840 in chips) 
Seat 3: Lorpugo (660 in chips) 
HighLife1008: posts small blind 20
Lorpugo: posts big blind 40
*** HOLE CARDS ***
Dealt to Lorpugo [As Kc]
HighLife1008: folds 
Uncalled bet (20) returned to Lorpugo
Lorpugo collected 40 from pot
Lorpugo: doesn't show hand 
*** SUMMARY ***
Total pot 40 | Rake 0 
Seat 1: HighLife1008 (button) (small blind) folded before Flop
Seat 3: Lorpugo (big blind) collected (40)



PokerStars Hand #241366886986: Tournament #3537136751, $0.23+$0.02 USD Hold'em No Limit - Level III (20/40) - 2023/01/24 13:30:10 ET
Table '3537136751 1' 3-max Seat #3 is the button
Seat 1: HighLife1008 (820 in chips) 
Seat 3: Lorpugo (680 in chips) 
Lorpugo: posts small blind 20
HighLife1008: posts big blind 40
*** HOLE CARDS ***
Dealt to Lorpugo [6h Kd]
Lorpugo: raises 40 to 80
HighLife1008: raises 40 to 120
Lorpugo: calls 40
*** FLOP *** [2s 4h 8d]
HighLife1008: bets 700 and is all-in
Lorpugo: folds 
Uncalled bet (700) returned to HighLife1008
HighLife1008 collected 240 from pot
*** SUMMARY ***
Total pot 240 | Rake 0 
Board [2s 4h 8d]
Seat 1: HighLife1008 (big blind) collected (240)
Seat 3: Lorpugo (button) (small blind) folded on the Flop



PokerStars Hand #241366893606: Tournament #3537136751, $0.23+$0.02 USD Hold'em No Limit - Level III (20/40) - 2023/01/24 13:30:27 ET
Table '3537136751 1' 3-max Seat #1 is the button
Seat 1: HighLife1008 (940 in chips) 
Seat 3: Lorpugo (560 in chips) 
HighLife1008: posts small blind 20
Lorpugo: posts big blind 40
*** HOLE CARDS ***
Dealt to Lorpugo [Td 3s]
HighLife1008: raises 40 to 80
Lorpugo: folds 
Uncalled bet (40) returned to HighLife1008
HighLife1008 collected 80 from pot
*** SUMMARY ***
Total pot 80 | Rake 0 
Seat 1: HighLife1008 (button) (small blind) collected (80)
Seat 3: Lorpugo (big blind) folded before Flop



PokerStars Hand #241366896223: Tournament #3537136751, $0.23+$0.02 USD Hold'em No Limit - Level III (20/40) - 2023/01/24 13:30:34 ET
Table '3537136751 1' 3-max Seat #3 is the button
Seat 1: HighLife1008 (980 in chips) 
Seat 3: Lorpugo (520 in chips) 
Lorpugo: posts small blind 20
HighLife1008: posts big blind 40
*** HOLE CARDS ***
Dealt to Lorpugo [3s 8s]
Lorpugo: folds 
Uncalled bet (20) returned to HighLife1008
HighLife1008 collected 40 from pot
*** SUMMARY ***
Total pot 40 | Rake 0 
Seat 1: HighLife1008 (big blind) collected (40)
Seat 3: Lorpugo (button) (small blind) folded before Flop



PokerStars Hand #241366898321: Tournament #3537136751, $0.23+$0.02 USD Hold'em No Limit - Level III (20/40) - 2023/01/24 13:30:39 ET
Table '3537136751 1' 3-max Seat #1 is the button
Seat 1: HighLife1008 (1000 in chips) 
Seat 3: Lorpugo (500 in chips) 
HighLife1008: posts small blind 20
Lorpugo: posts big blind 40
*** HOLE CARDS ***
Dealt to Lorpugo [2c Jd]
HighLife1008: folds 
Uncalled bet (20) returned to Lorpugo
Lorpugo collected 40 from pot
Lorpugo: doesn't show hand 
*** SUMMARY ***
Total pot 40 | Rake 0 
Seat 1: HighLife1008 (button) (small blind) folded before Flop
Seat 3: Lorpugo (big blind) collected (40)



PokerStars Hand #241366899925: Tournament #3537136751, $0.23+$0.02 USD Hold'em No Limit - Level III (20/40) - 2023/01/24 13:30:44 ET
Table '3537136751 1' 3-max Seat #3 is the button
Seat 1: HighLife1008 (980 in chips) 
Seat 3: Lorpugo (520 in chips) 
Lorpugo: posts small blind 20
HighLife1008: posts big blind 40
*** HOLE CARDS ***
Dealt to Lorpugo [4s 7d]
Lorpugo: folds 
Uncalled bet (20) returned to HighLife1008
HighLife1008 collected 40 from pot
*** SUMMARY ***
Total pot 40 | Rake 0 
Seat 1: HighLife1008 (big blind) collected (40)
Seat 3: Lorpugo (button) (small blind) folded before Flop



PokerStars Hand #241366901841: Tournament #3537136751, $0.23+$0.02 USD Hold'em No Limit - Level III (20/40) - 2023/01/24 13:30:49 ET
Table '3537136751 1' 3-max Seat #1 is the button
Seat 1: HighLife1008 (1000 in chips) 
Seat 3: Lorpugo (500 in chips) 
HighLife1008: posts small blind 20
Lorpugo: posts big blind 40
*** HOLE CARDS ***
Dealt to Lorpugo [6d 9s]
HighLife1008: folds 
Uncalled bet (20) returned to Lorpugo
Lorpugo collected 40 from pot
Lorpugo: doesn't show hand 
*** SUMMARY ***
Total pot 40 | Rake 0 
Seat 1: HighLife1008 (button) (small blind) folded before Flop
Seat 3: Lorpugo (big blind) collected (40)



PokerStars Hand #241366903594: Tournament #3537136751, $0.23+$0.02 USD Hold'em No Limit - Level III (20/40) - 2023/01/24 13:30:53 ET
Table '3537136751 1' 3-max Seat #3 is the button
Seat 1: HighLife1008 (980 in chips) 
Seat 3: Lorpugo (520 in chips) 
Lorpugo: posts small blind 20
HighLife1008: posts big blind 40
*** HOLE CARDS ***
Dealt to Lorpugo [8h 7d]
Lorpugo: raises 40 to 80
HighLife1008: raises 900 to 980 and is all-in
Lorpugo: folds 
Uncalled bet (900) returned to HighLife1008
HighLife1008 collected 160 from pot
*** SUMMARY ***
Total pot 160 | Rake 0 
Seat 1: HighLife1008 (big blind) collected (160)
Seat 3: Lorpugo (button) (small blind) folded before Flop



PokerStars Hand #241366906833: Tournament #3537136751, $0.23+$0.02 USD Hold'em No Limit - Level III (20/40) - 2023/01/24 13:31:02 ET
Table '3537136751 1' 3-max Seat #1 is the button
Seat 1: HighLife1008 (1060 in chips) 
Seat 3: Lorpugo (440 in chips) 
HighLife1008: posts small blind 20
Lorpugo: posts big blind 40
*** HOLE CARDS ***
Dealt to Lorpugo [Ad Qc]
HighLife1008: calls 20
Lorpugo: raises 400 to 440 and is all-in
HighLife1008: calls 400
*** FLOP *** [8s 8d 9s]
*** TURN *** [8s 8d 9s] [Ah]
*** RIVER *** [8s 8d 9s Ah] [Kh]
*** SHOW DOWN ***
Lorpugo: shows [Ad Qc] (two pair, Aces and Eights)
HighLife1008: shows [8c Tc] (three of a kind, Eights)
HighLife1008 collected 880 from pot
Lorpugo finished the tournament in 2nd place
HighLife1008 wins the tournament and receives $0.50 - congratulations!
*** SUMMARY ***
Total pot 880 | Rake 0 
Board [8s 8d 9s Ah Kh]
Seat 1: HighLife1008 (button) (small blind) showed [8c Tc] and won (880) with three of a kind, Eights
Seat 3: Lorpugo (big blind) showed [Ad Qc] and lost with two pair, Aces and Eights



