PokerStars Hand #241368135358: Tournament #3537167346, $0.23+$0.02 USD Hold'em No Limit - Level I (10/20) - 2023/01/24 14:24:52 ET
Table '3537167346 1' 3-max Seat #1 is the button
Seat 1: brovaaan9725 (500 in chips) 
Seat 2: Lorpugo (500 in chips) 
Seat 3: Jet Age (500 in chips) 
Lorpugo: posts small blind 10
Jet Age: posts big blind 20
*** HOLE CARDS ***
Dealt to Lorpugo [3s 7s]
brovaaan9725: folds 
Lorpugo: calls 10
Jet Age: raises 40 to 60
Lorpugo: calls 40
*** FLOP *** [5s Qd 5c]
Lorpugo: checks 
Jet Age: bets 80
Lorpugo: folds 
Uncalled bet (80) returned to Jet Age
Jet Age collected 120 from pot
*** SUMMARY ***
Total pot 120 | Rake 0 
Board [5s Qd 5c]
Seat 1: brovaaan9725 (button) folded before Flop (didn't bet)
Seat 2: Lorpugo (small blind) folded on the Flop
Seat 3: Jet Age (big blind) collected (120)



PokerStars Hand #241368143379: Tournament #3537167346, $0.23+$0.02 USD Hold'em No Limit - Level I (10/20) - 2023/01/24 14:25:12 ET
Table '3537167346 1' 3-max Seat #2 is the button
Seat 1: brovaaan9725 (500 in chips) 
Seat 2: Lorpugo (440 in chips) 
Seat 3: Jet Age (560 in chips) 
Jet Age: posts small blind 10
brovaaan9725: posts big blind 20
*** HOLE CARDS ***
Dealt to Lorpugo [3c 9s]
Lorpugo: folds 
Jet Age: raises 40 to 60
brovaaan9725: calls 40
*** FLOP *** [5c Ac 8c]
Jet Age: checks 
brovaaan9725: checks 
*** TURN *** [5c Ac 8c] [7s]
Jet Age: checks 
brovaaan9725: bets 40
Jet Age: calls 40
*** RIVER *** [5c Ac 8c 7s] [4h]
Jet Age: checks 
brovaaan9725: checks 
*** SHOW DOWN ***
Jet Age: shows [Tc 9h] (high card Ace)
brovaaan9725: shows [Kd Qd] (high card Ace - King kicker)
brovaaan9725 collected 200 from pot
*** SUMMARY ***
Total pot 200 | Rake 0 
Board [5c Ac 8c 7s 4h]
Seat 1: brovaaan9725 (big blind) showed [Kd Qd] and won (200) with high card Ace
Seat 2: Lorpugo (button) folded before Flop (didn't bet)
Seat 3: Jet Age (small blind) showed [Tc 9h] and lost with high card Ace



PokerStars Hand #241368165318: Tournament #3537167346, $0.23+$0.02 USD Hold'em No Limit - Level I (10/20) - 2023/01/24 14:26:07 ET
Table '3537167346 1' 3-max Seat #3 is the button
Seat 1: brovaaan9725 (600 in chips) 
Seat 2: Lorpugo (440 in chips) 
Seat 3: Jet Age (460 in chips) 
brovaaan9725: posts small blind 10
Lorpugo: posts big blind 20
*** HOLE CARDS ***
Dealt to Lorpugo [Qc Qs]
Jet Age: folds 
brovaaan9725: calls 10
Lorpugo: checks 
*** FLOP *** [4s 5h 6c]
brovaaan9725: checks 
Lorpugo: bets 80
brovaaan9725: folds 
Uncalled bet (80) returned to Lorpugo
Lorpugo collected 40 from pot
Lorpugo: doesn't show hand 
*** SUMMARY ***
Total pot 40 | Rake 0 
Board [4s 5h 6c]
Seat 1: brovaaan9725 (small blind) folded on the Flop
Seat 2: Lorpugo (big blind) collected (40)
Seat 3: Jet Age (button) folded before Flop (didn't bet)



PokerStars Hand #241368182323: Tournament #3537167346, $0.23+$0.02 USD Hold'em No Limit - Level I (10/20) - 2023/01/24 14:26:51 ET
Table '3537167346 1' 3-max Seat #1 is the button
Seat 1: brovaaan9725 (580 in chips) 
Seat 2: Lorpugo (460 in chips) 
Seat 3: Jet Age (460 in chips) 
Lorpugo: posts small blind 10
Jet Age: posts big blind 20
*** HOLE CARDS ***
Dealt to Lorpugo [5c Qh]
brovaaan9725: raises 20 to 40
Lorpugo: folds 
Jet Age: folds 
Uncalled bet (20) returned to brovaaan9725
brovaaan9725 collected 50 from pot
brovaaan9725: doesn't show hand 
*** SUMMARY ***
Total pot 50 | Rake 0 
Seat 1: brovaaan9725 (button) collected (50)
Seat 2: Lorpugo (small blind) folded before Flop
Seat 3: Jet Age (big blind) folded before Flop



PokerStars Hand #241368188263: Tournament #3537167346, $0.23+$0.02 USD Hold'em No Limit - Level II (15/30) - 2023/01/24 14:27:06 ET
Table '3537167346 1' 3-max Seat #2 is the button
Seat 1: brovaaan9725 (610 in chips) 
Seat 2: Lorpugo (450 in chips) 
Seat 3: Jet Age (440 in chips) 
Jet Age: posts small blind 15
brovaaan9725: posts big blind 30
*** HOLE CARDS ***
Dealt to Lorpugo [4d 6d]
Lorpugo: raises 30 to 60
Jet Age: folds 
brovaaan9725: folds 
Uncalled bet (30) returned to Lorpugo
Lorpugo collected 75 from pot
Lorpugo: doesn't show hand 
*** SUMMARY ***
Total pot 75 | Rake 0 
Seat 1: brovaaan9725 (big blind) folded before Flop
Seat 2: Lorpugo (button) collected (75)
Seat 3: Jet Age (small blind) folded before Flop



PokerStars Hand #241368194999: Tournament #3537167346, $0.23+$0.02 USD Hold'em No Limit - Level II (15/30) - 2023/01/24 14:27:24 ET
Table '3537167346 1' 3-max Seat #3 is the button
Seat 1: brovaaan9725 (580 in chips) 
Seat 2: Lorpugo (495 in chips) 
Seat 3: Jet Age (425 in chips) 
brovaaan9725: posts small blind 15
Lorpugo: posts big blind 30
*** HOLE CARDS ***
Dealt to Lorpugo [5d Ts]
Jet Age: folds 
brovaaan9725: raises 45 to 75
Lorpugo: folds 
Uncalled bet (45) returned to brovaaan9725
brovaaan9725 collected 60 from pot
brovaaan9725: doesn't show hand 
*** SUMMARY ***
Total pot 60 | Rake 0 
Seat 1: brovaaan9725 (small blind) collected (60)
Seat 2: Lorpugo (big blind) folded before Flop
Seat 3: Jet Age (button) folded before Flop (didn't bet)



PokerStars Hand #241368201274: Tournament #3537167346, $0.23+$0.02 USD Hold'em No Limit - Level II (15/30) - 2023/01/24 14:27:40 ET
Table '3537167346 1' 3-max Seat #1 is the button
Seat 1: brovaaan9725 (610 in chips) 
Seat 2: Lorpugo (465 in chips) 
Seat 3: Jet Age (425 in chips) 
Lorpugo: posts small blind 15
Jet Age: posts big blind 30
*** HOLE CARDS ***
Dealt to Lorpugo [6h 7s]
brovaaan9725: folds 
Lorpugo: raises 30 to 60
Jet Age: folds 
Uncalled bet (30) returned to Lorpugo
Lorpugo collected 60 from pot
Lorpugo: doesn't show hand 
*** SUMMARY ***
Total pot 60 | Rake 0 
Seat 1: brovaaan9725 (button) folded before Flop (didn't bet)
Seat 2: Lorpugo (small blind) collected (60)
Seat 3: Jet Age (big blind) folded before Flop



PokerStars Hand #241368204449: Tournament #3537167346, $0.23+$0.02 USD Hold'em No Limit - Level II (15/30) - 2023/01/24 14:27:48 ET
Table '3537167346 1' 3-max Seat #2 is the button
Seat 1: brovaaan9725 (610 in chips) 
Seat 2: Lorpugo (495 in chips) 
Seat 3: Jet Age (395 in chips) 
Jet Age: posts small blind 15
brovaaan9725: posts big blind 30
*** HOLE CARDS ***
Dealt to Lorpugo [7c Jc]
Lorpugo: raises 30 to 60
Jet Age: folds 
brovaaan9725: calls 30
*** FLOP *** [7s Ts 7h]
brovaaan9725: checks 
Lorpugo: bets 45
brovaaan9725: calls 45
*** TURN *** [7s Ts 7h] [7d]
brovaaan9725: checks 
Lorpugo: checks 
*** RIVER *** [7s Ts 7h 7d] [8s]
brovaaan9725: bets 113
Lorpugo: raises 277 to 390 and is all-in
brovaaan9725: folds 
Uncalled bet (277) returned to Lorpugo
Lorpugo collected 451 from pot
Lorpugo: doesn't show hand 
*** SUMMARY ***
Total pot 451 | Rake 0 
Board [7s Ts 7h 7d 8s]
Seat 1: brovaaan9725 (big blind) folded on the River
Seat 2: Lorpugo (button) collected (451)
Seat 3: Jet Age (small blind) folded before Flop



PokerStars Hand #241368225412: Tournament #3537167346, $0.23+$0.02 USD Hold'em No Limit - Level II (15/30) - 2023/01/24 14:28:41 ET
Table '3537167346 1' 3-max Seat #3 is the button
Seat 1: brovaaan9725 (392 in chips) 
Seat 2: Lorpugo (728 in chips) 
Seat 3: Jet Age (380 in chips) 
brovaaan9725: posts small blind 15
Lorpugo: posts big blind 30
*** HOLE CARDS ***
Dealt to Lorpugo [Kc Ac]
Jet Age: raises 30 to 60
brovaaan9725: folds 
Lorpugo: raises 668 to 728 and is all-in
Jet Age: calls 320 and is all-in
Uncalled bet (348) returned to Lorpugo
*** FLOP *** [6h 8d 6c]
*** TURN *** [6h 8d 6c] [7c]
*** RIVER *** [6h 8d 6c 7c] [3d]
*** SHOW DOWN ***
Lorpugo: shows [Kc Ac] (a pair of Sixes)
Jet Age: shows [Qh Qc] (two pair, Queens and Sixes)
Jet Age collected 775 from pot
*** SUMMARY ***
Total pot 775 | Rake 0 
Board [6h 8d 6c 7c 3d]
Seat 1: brovaaan9725 (small blind) folded before Flop
Seat 2: Lorpugo (big blind) showed [Kc Ac] and lost with a pair of Sixes
Seat 3: Jet Age (button) showed [Qh Qc] and won (775) with two pair, Queens and Sixes



PokerStars Hand #241368232946: Tournament #3537167346, $0.23+$0.02 USD Hold'em No Limit - Level III (20/40) - 2023/01/24 14:29:01 ET
Table '3537167346 1' 3-max Seat #1 is the button
Seat 1: brovaaan9725 (377 in chips) 
Seat 2: Lorpugo (348 in chips) 
Seat 3: Jet Age (775 in chips) 
Lorpugo: posts small blind 20
Jet Age: posts big blind 40
*** HOLE CARDS ***
Dealt to Lorpugo [7c 6s]
brovaaan9725: raises 337 to 377 and is all-in
Lorpugo: folds 
Jet Age: folds 
Uncalled bet (337) returned to brovaaan9725
brovaaan9725 collected 100 from pot
brovaaan9725: doesn't show hand 
*** SUMMARY ***
Total pot 100 | Rake 0 
Seat 1: brovaaan9725 (button) collected (100)
Seat 2: Lorpugo (small blind) folded before Flop
Seat 3: Jet Age (big blind) folded before Flop



PokerStars Hand #241368236292: Tournament #3537167346, $0.23+$0.02 USD Hold'em No Limit - Level III (20/40) - 2023/01/24 14:29:09 ET
Table '3537167346 1' 3-max Seat #2 is the button
Seat 1: brovaaan9725 (437 in chips) 
Seat 2: Lorpugo (328 in chips) 
Seat 3: Jet Age (735 in chips) 
Jet Age: posts small blind 20
brovaaan9725: posts big blind 40
*** HOLE CARDS ***
Dealt to Lorpugo [6c 8c]
Lorpugo: raises 288 to 328 and is all-in
Jet Age: folds 
brovaaan9725: folds 
Uncalled bet (288) returned to Lorpugo
Lorpugo collected 100 from pot
Lorpugo: doesn't show hand 
*** SUMMARY ***
Total pot 100 | Rake 0 
Seat 1: brovaaan9725 (big blind) folded before Flop
Seat 2: Lorpugo (button) collected (100)
Seat 3: Jet Age (small blind) folded before Flop



PokerStars Hand #241368239535: Tournament #3537167346, $0.23+$0.02 USD Hold'em No Limit - Level III (20/40) - 2023/01/24 14:29:18 ET
Table '3537167346 1' 3-max Seat #3 is the button
Seat 1: brovaaan9725 (397 in chips) 
Seat 2: Lorpugo (388 in chips) 
Seat 3: Jet Age (715 in chips) 
brovaaan9725: posts small blind 20
Lorpugo: posts big blind 40
*** HOLE CARDS ***
Dealt to Lorpugo [6d Kc]
Jet Age: raises 40 to 80
brovaaan9725: folds 
Lorpugo: calls 40
*** FLOP *** [9d 3h 5d]
Lorpugo: checks 
Jet Age: checks 
*** TURN *** [9d 3h 5d] [7d]
Lorpugo: bets 90
Jet Age: calls 90
*** RIVER *** [9d 3h 5d 7d] [5c]
Lorpugo: checks 
Jet Age: checks 
*** SHOW DOWN ***
Lorpugo: shows [6d Kc] (a pair of Fives)
Jet Age: mucks hand 
Lorpugo collected 360 from pot
*** SUMMARY ***
Total pot 360 | Rake 0 
Board [9d 3h 5d 7d 5c]
Seat 1: brovaaan9725 (small blind) folded before Flop
Seat 2: Lorpugo (big blind) showed [6d Kc] and won (360) with a pair of Fives
Seat 3: Jet Age (button) mucked [Jh 8h]



PokerStars Hand #241368252439: Tournament #3537167346, $0.23+$0.02 USD Hold'em No Limit - Level III (20/40) - 2023/01/24 14:29:51 ET
Table '3537167346 1' 3-max Seat #1 is the button
Seat 1: brovaaan9725 (377 in chips) 
Seat 2: Lorpugo (578 in chips) 
Seat 3: Jet Age (545 in chips) 
Lorpugo: posts small blind 20
Jet Age: posts big blind 40
*** HOLE CARDS ***
Dealt to Lorpugo [9s 3h]
brovaaan9725: folds 
Lorpugo: folds 
Uncalled bet (20) returned to Jet Age
Jet Age collected 40 from pot
*** SUMMARY ***
Total pot 40 | Rake 0 
Seat 1: brovaaan9725 (button) folded before Flop (didn't bet)
Seat 2: Lorpugo (small blind) folded before Flop
Seat 3: Jet Age (big blind) collected (40)



PokerStars Hand #241368255015: Tournament #3537167346, $0.23+$0.02 USD Hold'em No Limit - Level III (20/40) - 2023/01/24 14:29:57 ET
Table '3537167346 1' 3-max Seat #2 is the button
Seat 1: brovaaan9725 (377 in chips) 
Seat 2: Lorpugo (558 in chips) 
Seat 3: Jet Age (565 in chips) 
Jet Age: posts small blind 20
brovaaan9725: posts big blind 40
*** HOLE CARDS ***
Dealt to Lorpugo [3s 7s]
Lorpugo: folds 
Jet Age: folds 
Uncalled bet (20) returned to brovaaan9725
brovaaan9725 collected 40 from pot
brovaaan9725: doesn't show hand 
*** SUMMARY ***
Total pot 40 | Rake 0 
Seat 1: brovaaan9725 (big blind) collected (40)
Seat 2: Lorpugo (button) folded before Flop (didn't bet)
Seat 3: Jet Age (small blind) folded before Flop



PokerStars Hand #241368257609: Tournament #3537167346, $0.23+$0.02 USD Hold'em No Limit - Level III (20/40) - 2023/01/24 14:30:04 ET
Table '3537167346 1' 3-max Seat #3 is the button
Seat 1: brovaaan9725 (397 in chips) 
Seat 2: Lorpugo (558 in chips) 
Seat 3: Jet Age (545 in chips) 
brovaaan9725: posts small blind 20
Lorpugo: posts big blind 40
*** HOLE CARDS ***
Dealt to Lorpugo [Kd As]
Jet Age: folds 
brovaaan9725: raises 357 to 397 and is all-in
Lorpugo: calls 357
*** FLOP *** [Td 8s 3c]
*** TURN *** [Td 8s 3c] [3h]
*** RIVER *** [Td 8s 3c 3h] [Tc]
*** SHOW DOWN ***
brovaaan9725: shows [Ac Ts] (a full house, Tens full of Threes)
Lorpugo: shows [Kd As] (two pair, Tens and Threes)
brovaaan9725 collected 794 from pot
*** SUMMARY ***
Total pot 794 | Rake 0 
Board [Td 8s 3c 3h Tc]
Seat 1: brovaaan9725 (small blind) showed [Ac Ts] and won (794) with a full house, Tens full of Threes
Seat 2: Lorpugo (big blind) showed [Kd As] and lost with two pair, Tens and Threes
Seat 3: Jet Age (button) folded before Flop (didn't bet)



PokerStars Hand #241368266010: Tournament #3537167346, $0.23+$0.02 USD Hold'em No Limit - Level III (20/40) - 2023/01/24 14:30:24 ET
Table '3537167346 1' 3-max Seat #1 is the button
Seat 1: brovaaan9725 (794 in chips) 
Seat 2: Lorpugo (161 in chips) 
Seat 3: Jet Age (545 in chips) 
Lorpugo: posts small blind 20
Jet Age: posts big blind 40
*** HOLE CARDS ***
Dealt to Lorpugo [9c 3h]
brovaaan9725: raises 754 to 794 and is all-in
Lorpugo: folds 
Jet Age: folds 
Uncalled bet (754) returned to brovaaan9725
brovaaan9725 collected 100 from pot
brovaaan9725: doesn't show hand 
*** SUMMARY ***
Total pot 100 | Rake 0 
Seat 1: brovaaan9725 (button) collected (100)
Seat 2: Lorpugo (small blind) folded before Flop
Seat 3: Jet Age (big blind) folded before Flop



PokerStars Hand #241368270019: Tournament #3537167346, $0.23+$0.02 USD Hold'em No Limit - Level III (20/40) - 2023/01/24 14:30:34 ET
Table '3537167346 1' 3-max Seat #2 is the button
Seat 1: brovaaan9725 (854 in chips) 
Seat 2: Lorpugo (141 in chips) 
Seat 3: Jet Age (505 in chips) 
Jet Age: posts small blind 20
brovaaan9725: posts big blind 40
*** HOLE CARDS ***
Dealt to Lorpugo [6d Ts]
Lorpugo: folds 
Jet Age: raises 80 to 120
brovaaan9725: folds 
Uncalled bet (80) returned to Jet Age
Jet Age collected 80 from pot
*** SUMMARY ***
Total pot 80 | Rake 0 
Seat 1: brovaaan9725 (big blind) folded before Flop
Seat 2: Lorpugo (button) folded before Flop (didn't bet)
Seat 3: Jet Age (small blind) collected (80)



PokerStars Hand #241368274634: Tournament #3537167346, $0.23+$0.02 USD Hold'em No Limit - Level III (20/40) - 2023/01/24 14:30:46 ET
Table '3537167346 1' 3-max Seat #3 is the button
Seat 1: brovaaan9725 (814 in chips) 
Seat 2: Lorpugo (141 in chips) 
Seat 3: Jet Age (545 in chips) 
brovaaan9725: posts small blind 20
Lorpugo: posts big blind 40
*** HOLE CARDS ***
Dealt to Lorpugo [Ah As]
Jet Age: folds 
brovaaan9725: raises 774 to 814 and is all-in
Lorpugo: calls 101 and is all-in
Uncalled bet (673) returned to brovaaan9725
*** FLOP *** [3d 2d 6d]
*** TURN *** [3d 2d 6d] [8c]
*** RIVER *** [3d 2d 6d 8c] [5c]
*** SHOW DOWN ***
brovaaan9725: shows [4s Kc] (a straight, Deuce to Six)
Lorpugo: shows [Ah As] (a pair of Aces)
brovaaan9725 collected 282 from pot
Lorpugo finished the tournament in 3rd place
*** SUMMARY ***
Total pot 282 | Rake 0 
Board [3d 2d 6d 8c 5c]
Seat 1: brovaaan9725 (small blind) showed [4s Kc] and won (282) with a straight, Deuce to Six
Seat 2: Lorpugo (big blind) showed [Ah As] and lost with a pair of Aces
Seat 3: Jet Age (button) folded before Flop (didn't bet)



