PokerStars Hand #241388725592: Tournament #3537647521, $0.92+$0.08 USD Hold'em No Limit - Level I (10/20) - 2023/01/25 13:41:07 ET
Table '3537647521 1' 3-max Seat #1 is the button
Seat 1: ragI-0ka (500 in chips) 
Seat 2: Lorpugo (500 in chips) 
Seat 3: JackD1710 (500 in chips) 
Lorpugo: posts small blind 10
JackD1710: posts big blind 20
*** HOLE CARDS ***
Dealt to Lorpugo [6d Ts]
ragI-0ka: folds 
Lorpugo: raises 20 to 40
JackD1710: raises 460 to 500 and is all-in
Lorpugo: folds 
Uncalled bet (460) returned to JackD1710
JackD1710 collected 80 from pot
JackD1710: doesn't show hand 
*** SUMMARY ***
Total pot 80 | Rake 0 
Seat 1: ragI-0ka (button) folded before Flop (didn't bet)
Seat 2: Lorpugo (small blind) folded before Flop
Seat 3: JackD1710 (big blind) collected (80)



PokerStars Hand #241388731950: Tournament #3537647521, $0.92+$0.08 USD Hold'em No Limit - Level I (10/20) - 2023/01/25 13:41:24 ET
Table '3537647521 1' 3-max Seat #2 is the button
Seat 1: ragI-0ka (500 in chips) 
Seat 2: Lorpugo (460 in chips) 
Seat 3: JackD1710 (540 in chips) 
JackD1710: posts small blind 10
ragI-0ka: posts big blind 20
*** HOLE CARDS ***
Dealt to Lorpugo [Js Kd]
Lorpugo: raises 30 to 50
JackD1710: calls 40
ragI-0ka: folds 
*** FLOP *** [Qh Jd Ac]
JackD1710: bets 490 and is all-in
Lorpugo: folds 
Uncalled bet (490) returned to JackD1710
JackD1710 collected 120 from pot
JackD1710: doesn't show hand 
*** SUMMARY ***
Total pot 120 | Rake 0 
Board [Qh Jd Ac]
Seat 1: ragI-0ka (big blind) folded before Flop
Seat 2: Lorpugo (button) folded on the Flop
Seat 3: JackD1710 (small blind) collected (120)



PokerStars Hand #241388737545: Tournament #3537647521, $0.92+$0.08 USD Hold'em No Limit - Level I (10/20) - 2023/01/25 13:41:38 ET
Table '3537647521 1' 3-max Seat #3 is the button
Seat 1: ragI-0ka (480 in chips) 
Seat 2: Lorpugo (410 in chips) 
Seat 3: JackD1710 (610 in chips) 
ragI-0ka: posts small blind 10
Lorpugo: posts big blind 20
*** HOLE CARDS ***
Dealt to Lorpugo [4s Jh]
JackD1710: folds 
ragI-0ka: folds 
Uncalled bet (10) returned to Lorpugo
Lorpugo collected 20 from pot
Lorpugo: doesn't show hand 
*** SUMMARY ***
Total pot 20 | Rake 0 
Seat 1: ragI-0ka (small blind) folded before Flop
Seat 2: Lorpugo (big blind) collected (20)
Seat 3: JackD1710 (button) folded before Flop (didn't bet)



PokerStars Hand #241388739481: Tournament #3537647521, $0.92+$0.08 USD Hold'em No Limit - Level I (10/20) - 2023/01/25 13:41:43 ET
Table '3537647521 1' 3-max Seat #1 is the button
Seat 1: ragI-0ka (470 in chips) 
Seat 2: Lorpugo (420 in chips) 
Seat 3: JackD1710 (610 in chips) 
Lorpugo: posts small blind 10
JackD1710: posts big blind 20
*** HOLE CARDS ***
Dealt to Lorpugo [Ah Qh]
ragI-0ka: folds 
Lorpugo: raises 20 to 40
JackD1710: calls 20
*** FLOP *** [Js 5h Kc]
Lorpugo: checks 
JackD1710: checks 
*** TURN *** [Js 5h Kc] [6h]
Lorpugo: bets 60
JackD1710: calls 60
*** RIVER *** [Js 5h Kc 6h] [7c]
Lorpugo: checks 
JackD1710: checks 
*** SHOW DOWN ***
Lorpugo: shows [Ah Qh] (high card Ace)
JackD1710: shows [4s 6s] (a pair of Sixes)
JackD1710 collected 200 from pot
*** SUMMARY ***
Total pot 200 | Rake 0 
Board [Js 5h Kc 6h 7c]
Seat 1: ragI-0ka (button) folded before Flop (didn't bet)
Seat 2: Lorpugo (small blind) showed [Ah Qh] and lost with high card Ace
Seat 3: JackD1710 (big blind) showed [4s 6s] and won (200) with a pair of Sixes



PokerStars Hand #241388751118: Tournament #3537647521, $0.92+$0.08 USD Hold'em No Limit - Level I (10/20) - 2023/01/25 13:42:13 ET
Table '3537647521 1' 3-max Seat #2 is the button
Seat 1: ragI-0ka (470 in chips) 
Seat 2: Lorpugo (320 in chips) 
Seat 3: JackD1710 (710 in chips) 
JackD1710: posts small blind 10
ragI-0ka: posts big blind 20
*** HOLE CARDS ***
Dealt to Lorpugo [7d 9s]
Lorpugo: folds 
JackD1710: folds 
Uncalled bet (10) returned to ragI-0ka
ragI-0ka collected 20 from pot
*** SUMMARY ***
Total pot 20 | Rake 0 
Seat 1: ragI-0ka (big blind) collected (20)
Seat 2: Lorpugo (button) folded before Flop (didn't bet)
Seat 3: JackD1710 (small blind) folded before Flop



PokerStars Hand #241388753230: Tournament #3537647521, $0.92+$0.08 USD Hold'em No Limit - Level I (10/20) - 2023/01/25 13:42:18 ET
Table '3537647521 1' 3-max Seat #3 is the button
Seat 1: ragI-0ka (480 in chips) 
Seat 2: Lorpugo (320 in chips) 
Seat 3: JackD1710 (700 in chips) 
ragI-0ka: posts small blind 10
Lorpugo: posts big blind 20
*** HOLE CARDS ***
Dealt to Lorpugo [Kh Js]
JackD1710: folds 
ragI-0ka: raises 40 to 60
Lorpugo: calls 40
*** FLOP *** [8s As 7s]
ragI-0ka: bets 20
Lorpugo: calls 20
*** TURN *** [8s As 7s] [Jh]
ragI-0ka: bets 80
Lorpugo: calls 80
*** RIVER *** [8s As 7s Jh] [7d]
ragI-0ka: bets 160
Lorpugo: calls 160 and is all-in
*** SHOW DOWN ***
ragI-0ka: shows [4h Ad] (two pair, Aces and Sevens)
Lorpugo: shows [Kh Js] (two pair, Jacks and Sevens)
ragI-0ka collected 640 from pot
Lorpugo finished the tournament in 3rd place
*** SUMMARY ***
Total pot 640 | Rake 0 
Board [8s As 7s Jh 7d]
Seat 1: ragI-0ka (small blind) showed [4h Ad] and won (640) with two pair, Aces and Sevens
Seat 2: Lorpugo (big blind) showed [Kh Js] and lost with two pair, Jacks and Sevens
Seat 3: JackD1710 (button) folded before Flop (didn't bet)



