PokerStars Hand #241321036212:  Hold'em No Limit ($0.01/$0.02 USD) - 2023/01/22 12:17:58 ET
Table 'Garumna II' 6-max Seat #6 is the button
Seat 2: SidneyCrosby8 ($2 in chips) 
Seat 3: Lorpugo ($1.60 in chips) 
Seat 4: joselius7 ($2 in chips) 
Seat 5: königshak448 ($4.19 in chips) 
Seat 6: Whitewølf ($2.08 in chips) 
SidneyCrosby8: posts small blind $0.01
Lorpugo: posts big blind $0.02
*** HOLE CARDS ***
Dealt to Lorpugo [9c 6s]
joselius7: folds 
königshak448: calls $0.02
Whitewølf: folds 
SidneyCrosby8: calls $0.01
Lorpugo: checks 
*** FLOP *** [3s 3h Ks]
SidneyCrosby8: checks 
Lorpugo: checks 
königshak448: checks 
*** TURN *** [3s 3h Ks] [3d]
SidneyCrosby8: checks 
Lorpugo: checks 
königshak448: checks 
*** RIVER *** [3s 3h Ks 3d] [Kh]
SidneyCrosby8: checks 
Lorpugo: checks 
königshak448: bets $0.08
SidneyCrosby8: folds 
Lorpugo: calls $0.08
*** SHOW DOWN ***
königshak448: shows [8s Qd] (a full house, Threes full of Kings)
Lorpugo: shows [9c 6s] (a full house, Threes full of Kings)
Lorpugo collected $0.11 from pot
königshak448 collected $0.10 from pot
*** SUMMARY ***
Total pot $0.22 | Rake $0.01 
Board [3s 3h Ks 3d Kh]
Seat 2: SidneyCrosby8 (small blind) folded on the River
Seat 3: Lorpugo (big blind) showed [9c 6s] and won ($0.11) with a full house, Threes full of Kings
Seat 4: joselius7 folded before Flop (didn't bet)
Seat 5: königshak448 showed [8s Qd] and won ($0.10) with a full house, Threes full of Kings
Seat 6: Whitewølf (button) folded before Flop (didn't bet)



PokerStars Hand #241321050084:  Hold'em No Limit ($0.01/$0.02 USD) - 2023/01/22 12:18:34 ET
Table 'Garumna II' 6-max Seat #2 is the button
Seat 2: SidneyCrosby8 ($2 in chips) 
Seat 3: Lorpugo ($1.61 in chips) 
Seat 4: joselius7 ($2 in chips) 
Seat 5: königshak448 ($4.19 in chips) 
Seat 6: Whitewølf ($2.08 in chips) 
Lorpugo: posts small blind $0.01
joselius7: posts big blind $0.02
*** HOLE CARDS ***
Dealt to Lorpugo [Td 7c]
königshak448: folds 
Whitewølf: calls $0.02
SidneyCrosby8: folds 
Lorpugo: calls $0.01
joselius7: checks 
*** FLOP *** [6h 4s Kc]
Lorpugo: checks 
joselius7: checks 
Whitewølf: bets $0.06
Lorpugo: folds 
joselius7: folds 
Uncalled bet ($0.06) returned to Whitewølf
Whitewølf collected $0.06 from pot
Whitewølf: doesn't show hand 
*** SUMMARY ***
Total pot $0.06 | Rake $0 
Board [6h 4s Kc]
Seat 2: SidneyCrosby8 (button) folded before Flop (didn't bet)
Seat 3: Lorpugo (small blind) folded on the Flop
Seat 4: joselius7 (big blind) folded on the Flop
Seat 5: königshak448 folded before Flop (didn't bet)
Seat 6: Whitewølf collected ($0.06)



PokerStars Hand #241321070664:  Hold'em No Limit ($0.01/$0.02 USD) - 2023/01/22 12:19:26 ET
Table 'Garumna II' 6-max Seat #3 is the button
Seat 2: SidneyCrosby8 ($2 in chips) 
Seat 3: Lorpugo ($1.59 in chips) 
Seat 4: joselius7 ($2 in chips) 
Seat 5: königshak448 ($4.19 in chips) 
Seat 6: Whitewølf ($2.12 in chips) 
joselius7: posts small blind $0.01
königshak448: posts big blind $0.02
*** HOLE CARDS ***
Dealt to Lorpugo [Td 9s]
Whitewølf: folds 
SidneyCrosby8: raises $0.04 to $0.06
Lorpugo: calls $0.06
joselius7: folds 
königshak448: folds 
*** FLOP *** [Jd 4d 9d]
SidneyCrosby8: checks 
Lorpugo: bets $0.14
SidneyCrosby8: folds 
Uncalled bet ($0.14) returned to Lorpugo
Lorpugo collected $0.14 from pot
Lorpugo: doesn't show hand 
*** SUMMARY ***
Total pot $0.15 | Rake $0.01 
Board [Jd 4d 9d]
Seat 2: SidneyCrosby8 folded on the Flop
Seat 3: Lorpugo (button) collected ($0.14)
Seat 4: joselius7 (small blind) folded before Flop
Seat 5: königshak448 (big blind) folded before Flop
Seat 6: Whitewølf folded before Flop (didn't bet)



PokerStars Hand #241321080916:  Hold'em No Limit ($0.01/$0.02 USD) - 2023/01/22 12:19:52 ET
Table 'Garumna II' 6-max Seat #4 is the button
Seat 2: SidneyCrosby8 ($2 in chips) 
Seat 3: Lorpugo ($1.67 in chips) 
Seat 4: joselius7 ($2 in chips) 
Seat 5: königshak448 ($4.17 in chips) 
Seat 6: Whitewølf ($2.12 in chips) 
königshak448: posts small blind $0.01
Whitewølf: posts big blind $0.02
*** HOLE CARDS ***
Dealt to Lorpugo [Ks 4s]
SidneyCrosby8: raises $0.04 to $0.06
Lorpugo: folds 
joselius7: folds 
königshak448: folds 
Whitewølf: folds 
Uncalled bet ($0.04) returned to SidneyCrosby8
SidneyCrosby8 collected $0.05 from pot
SidneyCrosby8: doesn't show hand 
*** SUMMARY ***
Total pot $0.05 | Rake $0 
Seat 2: SidneyCrosby8 collected ($0.05)
Seat 3: Lorpugo folded before Flop (didn't bet)
Seat 4: joselius7 (button) folded before Flop (didn't bet)
Seat 5: königshak448 (small blind) folded before Flop
Seat 6: Whitewølf (big blind) folded before Flop



PokerStars Hand #241321086347:  Hold'em No Limit ($0.01/$0.02 USD) - 2023/01/22 12:20:06 ET
Table 'Garumna II' 6-max Seat #5 is the button
Seat 2: SidneyCrosby8 ($2.03 in chips) 
Seat 3: Lorpugo ($1.67 in chips) 
Seat 4: joselius7 ($2 in chips) 
Seat 5: königshak448 ($4.16 in chips) 
Seat 6: Whitewølf ($2.10 in chips) 
Whitewølf: posts small blind $0.01
SidneyCrosby8: posts big blind $0.02
*** HOLE CARDS ***
Dealt to Lorpugo [6h Ac]
Lorpugo: folds 
joselius7: folds 
königshak448: folds 
Whitewølf: folds 
Uncalled bet ($0.01) returned to SidneyCrosby8
SidneyCrosby8 collected $0.02 from pot
SidneyCrosby8: doesn't show hand 
*** SUMMARY ***
Total pot $0.02 | Rake $0 
Seat 2: SidneyCrosby8 (big blind) collected ($0.02)
Seat 3: Lorpugo folded before Flop (didn't bet)
Seat 4: joselius7 folded before Flop (didn't bet)
Seat 5: königshak448 (button) folded before Flop (didn't bet)
Seat 6: Whitewølf (small blind) folded before Flop



PokerStars Hand #241321093302:  Hold'em No Limit ($0.01/$0.02 USD) - 2023/01/22 12:20:23 ET
Table 'Garumna II' 6-max Seat #6 is the button
Seat 2: SidneyCrosby8 ($2.04 in chips) 
Seat 3: Lorpugo ($1.67 in chips) 
Seat 4: joselius7 ($2 in chips) 
Seat 5: königshak448 ($4.16 in chips) 
Seat 6: Whitewølf ($2.09 in chips) 
SidneyCrosby8: posts small blind $0.01
Lorpugo: posts big blind $0.02
*** HOLE CARDS ***
Dealt to Lorpugo [7s Ac]
joselius7: folds 
königshak448: calls $0.02
Whitewølf: raises $0.04 to $0.06
SidneyCrosby8: folds 
Lorpugo: calls $0.04
königshak448: calls $0.04
*** FLOP *** [4h Kc 6c]
Lorpugo: checks 
königshak448: checks 
Whitewølf: bets $0.09
Lorpugo: folds 
königshak448: folds 
Uncalled bet ($0.09) returned to Whitewølf
Whitewølf collected $0.18 from pot
Whitewølf: doesn't show hand 
*** SUMMARY ***
Total pot $0.19 | Rake $0.01 
Board [4h Kc 6c]
Seat 2: SidneyCrosby8 (small blind) folded before Flop
Seat 3: Lorpugo (big blind) folded on the Flop
Seat 4: joselius7 folded before Flop (didn't bet)
Seat 5: königshak448 folded on the Flop
Seat 6: Whitewølf (button) collected ($0.18)



PokerStars Hand #241321111534:  Hold'em No Limit ($0.01/$0.02 USD) - 2023/01/22 12:21:10 ET
Table 'Garumna II' 6-max Seat #2 is the button
Seat 2: SidneyCrosby8 ($2.03 in chips) 
Seat 3: Lorpugo ($1.61 in chips) 
Seat 4: joselius7 ($2 in chips) 
Seat 5: königshak448 ($4.10 in chips) 
Seat 6: Whitewølf ($2.21 in chips) 
Lorpugo: posts small blind $0.01
joselius7: posts big blind $0.02
*** HOLE CARDS ***
Dealt to Lorpugo [8c 2h]
königshak448: folds 
Whitewølf: folds 
SidneyCrosby8: raises $0.04 to $0.06
Lorpugo: folds 
joselius7: calls $0.04
*** FLOP *** [6h 5c 5d]
joselius7: checks 
SidneyCrosby8: bets $0.07
joselius7: folds 
Uncalled bet ($0.07) returned to SidneyCrosby8
SidneyCrosby8 collected $0.13 from pot
SidneyCrosby8: doesn't show hand 
*** SUMMARY ***
Total pot $0.13 | Rake $0 
Board [6h 5c 5d]
Seat 2: SidneyCrosby8 (button) collected ($0.13)
Seat 3: Lorpugo (small blind) folded before Flop
Seat 4: joselius7 (big blind) folded on the Flop
Seat 5: königshak448 folded before Flop (didn't bet)
Seat 6: Whitewølf folded before Flop (didn't bet)



PokerStars Hand #241321123147:  Hold'em No Limit ($0.01/$0.02 USD) - 2023/01/22 12:21:39 ET
Table 'Garumna II' 6-max Seat #3 is the button
Seat 2: SidneyCrosby8 ($2.10 in chips) 
Seat 3: Lorpugo ($1.60 in chips) 
Seat 4: joselius7 ($2 in chips) 
Seat 5: königshak448 ($4.10 in chips) 
Seat 6: Whitewølf ($2.21 in chips) 
joselius7: posts small blind $0.01
königshak448: posts big blind $0.02
*** HOLE CARDS ***
Dealt to Lorpugo [9h 6c]
Whitewølf: folds 
SidneyCrosby8: raises $0.04 to $0.06
Lorpugo: folds 
joselius7: folds 
königshak448: folds 
Uncalled bet ($0.04) returned to SidneyCrosby8
SidneyCrosby8 collected $0.05 from pot
SidneyCrosby8: doesn't show hand 
*** SUMMARY ***
Total pot $0.05 | Rake $0 
Seat 2: SidneyCrosby8 collected ($0.05)
Seat 3: Lorpugo (button) folded before Flop (didn't bet)
Seat 4: joselius7 (small blind) folded before Flop
Seat 5: königshak448 (big blind) folded before Flop
Seat 6: Whitewølf folded before Flop (didn't bet)



PokerStars Hand #241321133063:  Hold'em No Limit ($0.01/$0.02 USD) - 2023/01/22 12:22:05 ET
Table 'Garumna II' 6-max Seat #4 is the button
Seat 2: SidneyCrosby8 ($2.13 in chips) 
Seat 3: Lorpugo ($1.60 in chips) 
Seat 4: joselius7 ($2 in chips) 
Seat 5: königshak448 ($4.08 in chips) 
Seat 6: Whitewølf ($2.21 in chips) 
königshak448: posts small blind $0.01
Whitewølf: posts big blind $0.02
*** HOLE CARDS ***
Dealt to Lorpugo [5h Kd]
SidneyCrosby8: raises $0.04 to $0.06
Lorpugo: folds 
joselius7: folds 
königshak448: raises $0.04 to $0.10
Whitewølf: folds 
SidneyCrosby8: calls $0.04
*** FLOP *** [As 3c 3h]
königshak448: bets $0.06
SidneyCrosby8: calls $0.06
*** TURN *** [As 3c 3h] [Th]
königshak448: bets $0.08
SidneyCrosby8: calls $0.08
*** RIVER *** [As 3c 3h Th] [4s]
königshak448: bets $0.14
SidneyCrosby8: calls $0.14
*** SHOW DOWN ***
königshak448: shows [Td Ah] (two pair, Aces and Tens)
SidneyCrosby8: mucks hand 
königshak448 collected $0.74 from pot
*** SUMMARY ***
Total pot $0.78 | Rake $0.04 
Board [As 3c 3h Th 4s]
Seat 2: SidneyCrosby8 mucked [6c 6s]
Seat 3: Lorpugo folded before Flop (didn't bet)
Seat 4: joselius7 (button) folded before Flop (didn't bet)
Seat 5: königshak448 (small blind) showed [Td Ah] and won ($0.74) with two pair, Aces and Tens
Seat 6: Whitewølf (big blind) folded before Flop



PokerStars Hand #241321147473:  Hold'em No Limit ($0.01/$0.02 USD) - 2023/01/22 12:22:41 ET
Table 'Garumna II' 6-max Seat #5 is the button
Seat 1: nimzoindia ($2 in chips) 
Seat 2: SidneyCrosby8 ($2 in chips) 
Seat 3: Lorpugo ($1.60 in chips) 
Seat 4: joselius7 ($2 in chips) 
Seat 5: königshak448 ($4.44 in chips) 
Seat 6: Whitewølf ($2.19 in chips) 
Whitewølf: posts small blind $0.01
nimzoindia: posts big blind $0.02
*** HOLE CARDS ***
Dealt to Lorpugo [8s 2h]
SidneyCrosby8: raises $0.04 to $0.06
Lorpugo: folds 
joselius7 has timed out
joselius7: folds 
königshak448: folds 
Whitewølf: folds 
nimzoindia: folds 
Uncalled bet ($0.04) returned to SidneyCrosby8
SidneyCrosby8 collected $0.05 from pot
SidneyCrosby8: doesn't show hand 
*** SUMMARY ***
Total pot $0.05 | Rake $0 
Seat 1: nimzoindia (big blind) folded before Flop
Seat 2: SidneyCrosby8 collected ($0.05)
Seat 3: Lorpugo folded before Flop (didn't bet)
Seat 4: joselius7 folded before Flop (didn't bet)
Seat 5: königshak448 (button) folded before Flop (didn't bet)
Seat 6: Whitewølf (small blind) folded before Flop



PokerStars Hand #241321164932:  Hold'em No Limit ($0.01/$0.02 USD) - 2023/01/22 12:23:25 ET
Table 'Garumna II' 6-max Seat #6 is the button
Seat 1: nimzoindia ($2 in chips) 
Seat 2: SidneyCrosby8 ($2.03 in chips) 
Seat 3: Lorpugo ($1.60 in chips) 
Seat 5: königshak448 ($4.44 in chips) 
Seat 6: Whitewølf ($2.18 in chips) 
nimzoindia: posts small blind $0.01
SidneyCrosby8: posts big blind $0.02
*** HOLE CARDS ***
Dealt to Lorpugo [6c Jc]
Lorpugo: folds 
königshak448: folds 
königshak448 leaves the table
Whitewølf: raises $0.04 to $0.06
nimzoindia: folds 
SidneyCrosby8: folds 
Uncalled bet ($0.04) returned to Whitewølf
2965God joins the table at seat #5 
Whitewølf collected $0.05 from pot
Whitewølf: doesn't show hand 
*** SUMMARY ***
Total pot $0.05 | Rake $0 
Seat 1: nimzoindia (small blind) folded before Flop
Seat 2: SidneyCrosby8 (big blind) folded before Flop
Seat 3: Lorpugo folded before Flop (didn't bet)
Seat 5: königshak448 folded before Flop (didn't bet)
Seat 6: Whitewølf (button) collected ($0.05)



PokerStars Hand #241321173809:  Hold'em No Limit ($0.01/$0.02 USD) - 2023/01/22 12:23:47 ET
Table 'Garumna II' 6-max Seat #1 is the button
Seat 1: nimzoindia ($2 in chips) 
Seat 2: SidneyCrosby8 ($2.01 in chips) 
Seat 3: Lorpugo ($1.60 in chips) 
Seat 6: Whitewølf ($2.21 in chips) 
SidneyCrosby8: posts small blind $0.01
Lorpugo: posts big blind $0.02
*** HOLE CARDS ***
Dealt to Lorpugo [2h 6s]
Whitewølf: calls $0.02
nimzoindia: folds 
SidneyCrosby8: folds 
Lorpugo: checks 
*** FLOP *** [7c Ac 8s]
Lorpugo: checks 
Whitewølf: checks 
*** TURN *** [7c Ac 8s] [3c]
Lorpugo: checks 
Whitewølf: bets $0.03
Lorpugo: folds 
Uncalled bet ($0.03) returned to Whitewølf
Whitewølf collected $0.05 from pot
Whitewølf: doesn't show hand 
*** SUMMARY ***
Total pot $0.05 | Rake $0 
Board [7c Ac 8s 3c]
Seat 1: nimzoindia (button) folded before Flop (didn't bet)
Seat 2: SidneyCrosby8 (small blind) folded before Flop
Seat 3: Lorpugo (big blind) folded on the Turn
Seat 6: Whitewølf collected ($0.05)



PokerStars Hand #241321185857:  Hold'em No Limit ($0.01/$0.02 USD) - 2023/01/22 12:24:18 ET
Table 'Garumna II' 6-max Seat #2 is the button
Seat 1: nimzoindia ($2 in chips) 
Seat 2: SidneyCrosby8 ($2 in chips) 
Seat 3: Lorpugo ($1.58 in chips) 
Seat 4: joselius7 ($2 in chips) 
Seat 6: Whitewølf ($2.24 in chips) 
Lorpugo: posts small blind $0.01
joselius7: posts big blind $0.02
*** HOLE CARDS ***
Dealt to Lorpugo [Qh Tc]
Whitewølf: raises $0.04 to $0.06
nimzoindia: folds 
SidneyCrosby8: folds 
Lorpugo: folds 
joselius7: calls $0.04
*** FLOP *** [7d 2h Kc]
joselius7: checks 
Whitewølf: checks 
*** TURN *** [7d 2h Kc] [4d]
joselius7: checks 
Whitewølf: checks 
*** RIVER *** [7d 2h Kc 4d] [6s]
joselius7: checks 
Whitewølf: bets $0.07
joselius7: folds 
Uncalled bet ($0.07) returned to Whitewølf
Whitewølf collected $0.13 from pot
Whitewølf: doesn't show hand 
*** SUMMARY ***
Total pot $0.13 | Rake $0 
Board [7d 2h Kc 4d 6s]
Seat 1: nimzoindia folded before Flop (didn't bet)
Seat 2: SidneyCrosby8 (button) folded before Flop (didn't bet)
Seat 3: Lorpugo (small blind) folded before Flop
Seat 4: joselius7 (big blind) folded on the River
Seat 6: Whitewølf collected ($0.13)



PokerStars Hand #241321212378:  Hold'em No Limit ($0.01/$0.02 USD) - 2023/01/22 12:25:25 ET
Table 'Garumna II' 6-max Seat #3 is the button
Seat 1: nimzoindia ($2 in chips) 
Seat 2: SidneyCrosby8 ($2 in chips) 
Seat 3: Lorpugo ($1.57 in chips) 
Seat 4: joselius7 ($2 in chips) 
Seat 5: 2965God ($2 in chips) 
Seat 6: Whitewølf ($2.31 in chips) 
joselius7: posts small blind $0.01
2965God: posts big blind $0.02
*** HOLE CARDS ***
Dealt to Lorpugo [Ad Th]
Whitewølf: folds 
nimzoindia: calls $0.02
SidneyCrosby8: raises $0.10 to $0.12
Lorpugo: folds 
joselius7: folds 
2965God: folds 
nimzoindia: calls $0.10
*** FLOP *** [2d 8d 3s]
nimzoindia: checks 
SidneyCrosby8: bets $0.06
nimzoindia: folds 
Uncalled bet ($0.06) returned to SidneyCrosby8
SidneyCrosby8 collected $0.26 from pot
SidneyCrosby8: doesn't show hand 
*** SUMMARY ***
Total pot $0.27 | Rake $0.01 
Board [2d 8d 3s]
Seat 1: nimzoindia folded on the Flop
Seat 2: SidneyCrosby8 collected ($0.26)
Seat 3: Lorpugo (button) folded before Flop (didn't bet)
Seat 4: joselius7 (small blind) folded before Flop
Seat 5: 2965God (big blind) folded before Flop
Seat 6: Whitewølf folded before Flop (didn't bet)



PokerStars Hand #241321229852:  Hold'em No Limit ($0.01/$0.02 USD) - 2023/01/22 12:26:08 ET
Table 'Garumna II' 6-max Seat #4 is the button
Seat 1: nimzoindia ($2 in chips) 
Seat 2: SidneyCrosby8 ($2.14 in chips) 
Seat 3: Lorpugo ($1.57 in chips) 
Seat 4: joselius7 ($2 in chips) 
Seat 5: 2965God ($2 in chips) 
Seat 6: Whitewølf ($2.31 in chips) 
2965God: posts small blind $0.01
Whitewølf: posts big blind $0.02
*** HOLE CARDS ***
Dealt to Lorpugo [7c Ks]
nimzoindia: folds 
SidneyCrosby8: folds 
Lorpugo: folds 
joselius7: raises $0.03 to $0.05
2965God: folds 
Whitewølf: calls $0.03
*** FLOP *** [5c 5d 3c]
Whitewølf: checks 
joselius7: checks 
*** TURN *** [5c 5d 3c] [Qc]
Whitewølf: checks 
joselius7: checks 
*** RIVER *** [5c 5d 3c Qc] [Jd]
Whitewølf: checks 
joselius7: checks 
*** SHOW DOWN ***
Whitewølf: shows [9c Ts] (a pair of Fives)
joselius7: shows [Kd Ah] (a pair of Fives - Ace kicker)
joselius7 collected $0.11 from pot
*** SUMMARY ***
Total pot $0.11 | Rake $0 
Board [5c 5d 3c Qc Jd]
Seat 1: nimzoindia folded before Flop (didn't bet)
Seat 2: SidneyCrosby8 folded before Flop (didn't bet)
Seat 3: Lorpugo folded before Flop (didn't bet)
Seat 4: joselius7 (button) showed [Kd Ah] and won ($0.11) with a pair of Fives
Seat 5: 2965God (small blind) folded before Flop
Seat 6: Whitewølf (big blind) showed [9c Ts] and lost with a pair of Fives



PokerStars Hand #241321256298:  Hold'em No Limit ($0.01/$0.02 USD) - 2023/01/22 12:27:13 ET
Table 'Garumna II' 6-max Seat #5 is the button
Seat 1: nimzoindia ($2 in chips) 
Seat 2: SidneyCrosby8 ($2.14 in chips) 
Seat 3: Lorpugo ($1.57 in chips) 
Seat 4: joselius7 ($2.06 in chips) 
Seat 5: 2965God ($2 in chips) 
Seat 6: Whitewølf ($2.26 in chips) 
Whitewølf: posts small blind $0.01
nimzoindia: posts big blind $0.02
*** HOLE CARDS ***
Dealt to Lorpugo [7d 3d]
SidneyCrosby8: folds 
Lorpugo: folds 
joselius7: folds 
2965God: folds 
Whitewølf: folds 
Uncalled bet ($0.01) returned to nimzoindia
nimzoindia collected $0.02 from pot
nimzoindia: doesn't show hand 
*** SUMMARY ***
Total pot $0.02 | Rake $0 
Seat 1: nimzoindia (big blind) collected ($0.02)
Seat 2: SidneyCrosby8 folded before Flop (didn't bet)
Seat 3: Lorpugo folded before Flop (didn't bet)
Seat 4: joselius7 folded before Flop (didn't bet)
Seat 5: 2965God (button) folded before Flop (didn't bet)
Seat 6: Whitewølf (small blind) folded before Flop



PokerStars Hand #241321262549:  Hold'em No Limit ($0.01/$0.02 USD) - 2023/01/22 12:27:28 ET
Table 'Garumna II' 6-max Seat #6 is the button
Seat 1: nimzoindia ($2.01 in chips) 
Seat 2: SidneyCrosby8 ($2.14 in chips) 
Seat 3: Lorpugo ($1.57 in chips) 
Seat 4: joselius7 ($2.06 in chips) 
Seat 5: 2965God ($2 in chips) 
Seat 6: Whitewølf ($2.25 in chips) 
nimzoindia: posts small blind $0.01
SidneyCrosby8: posts big blind $0.02
*** HOLE CARDS ***
Dealt to Lorpugo [6h Qd]
Lorpugo: folds 
joselius7: folds 
2965God: folds 
Whitewølf: folds 
nimzoindia: calls $0.01
SidneyCrosby8: checks 
*** FLOP *** [Qh 7c Kh]
nimzoindia: bets $0.03
SidneyCrosby8: folds 
Uncalled bet ($0.03) returned to nimzoindia
nimzoindia collected $0.04 from pot
nimzoindia: doesn't show hand 
*** SUMMARY ***
Total pot $0.04 | Rake $0 
Board [Qh 7c Kh]
Seat 1: nimzoindia (small blind) collected ($0.04)
Seat 2: SidneyCrosby8 (big blind) folded on the Flop
Seat 3: Lorpugo folded before Flop (didn't bet)
Seat 4: joselius7 folded before Flop (didn't bet)
Seat 5: 2965God folded before Flop (didn't bet)
Seat 6: Whitewølf (button) folded before Flop (didn't bet)



PokerStars Hand #241321278463:  Hold'em No Limit ($0.01/$0.02 USD) - 2023/01/22 12:28:06 ET
Table 'Garumna II' 6-max Seat #1 is the button
Seat 1: nimzoindia ($2.03 in chips) 
Seat 2: SidneyCrosby8 ($2.12 in chips) 
Seat 3: Lorpugo ($1.57 in chips) 
Seat 4: joselius7 ($2.06 in chips) 
Seat 5: 2965God ($2 in chips) 
Seat 6: Whitewølf ($2.25 in chips) 
SidneyCrosby8: posts small blind $0.01
Lorpugo: posts big blind $0.02
*** HOLE CARDS ***
Dealt to Lorpugo [Kd Ac]
joselius7: raises $0.04 to $0.06
2965God: folds 
Whitewølf: folds 
nimzoindia: folds 
SidneyCrosby8: folds 
Lorpugo: raises $0.13 to $0.19
joselius7: folds 
Uncalled bet ($0.13) returned to Lorpugo
Lorpugo collected $0.13 from pot
Lorpugo: doesn't show hand 
*** SUMMARY ***
Total pot $0.13 | Rake $0 
Seat 1: nimzoindia (button) folded before Flop (didn't bet)
Seat 2: SidneyCrosby8 (small blind) folded before Flop
Seat 3: Lorpugo (big blind) collected ($0.13)
Seat 4: joselius7 folded before Flop
Seat 5: 2965God folded before Flop (didn't bet)
Seat 6: Whitewølf folded before Flop (didn't bet)



PokerStars Hand #241321290895:  Hold'em No Limit ($0.01/$0.02 USD) - 2023/01/22 12:28:37 ET
Table 'Garumna II' 6-max Seat #2 is the button
Seat 1: nimzoindia ($2.03 in chips) 
Seat 2: SidneyCrosby8 ($2.11 in chips) 
Seat 3: Lorpugo ($1.64 in chips) 
Seat 4: joselius7 ($2 in chips) 
Seat 5: 2965God ($2 in chips) 
Seat 6: Whitewølf ($2.25 in chips) 
Lorpugo: posts small blind $0.01
joselius7: posts big blind $0.02
*** HOLE CARDS ***
Dealt to Lorpugo [8d 7h]
2965God: folds 
Whitewølf: folds 
nimzoindia: folds 
SidneyCrosby8: folds 
Lorpugo: raises $0.03 to $0.05
joselius7: calls $0.03
*** FLOP *** [Ks Jd 3c]
Lorpugo: bets $0.02
joselius7: calls $0.02
*** TURN *** [Ks Jd 3c] [Ad]
Lorpugo: bets $0.10
joselius7: folds 
Uncalled bet ($0.10) returned to Lorpugo
Lorpugo collected $0.14 from pot
Lorpugo: doesn't show hand 
*** SUMMARY ***
Total pot $0.14 | Rake $0 
Board [Ks Jd 3c Ad]
Seat 1: nimzoindia folded before Flop (didn't bet)
Seat 2: SidneyCrosby8 (button) folded before Flop (didn't bet)
Seat 3: Lorpugo (small blind) collected ($0.14)
Seat 4: joselius7 (big blind) folded on the Turn
Seat 5: 2965God folded before Flop (didn't bet)
Seat 6: Whitewølf folded before Flop (didn't bet)



PokerStars Hand #241321312684:  Hold'em No Limit ($0.01/$0.02 USD) - 2023/01/22 12:29:30 ET
Table 'Garumna II' 6-max Seat #3 is the button
Seat 1: nimzoindia ($2.03 in chips) 
Seat 2: SidneyCrosby8 ($2.11 in chips) 
Seat 3: Lorpugo ($1.71 in chips) 
Seat 4: joselius7 ($2 in chips) 
Seat 5: 2965God ($2 in chips) 
Seat 6: Whitewølf ($2.25 in chips) 
joselius7: posts small blind $0.01
2965God: posts big blind $0.02
*** HOLE CARDS ***
Dealt to Lorpugo [9s 8c]
Whitewølf: folds 
nimzoindia: folds 
SidneyCrosby8: raises $0.06 to $0.08
Lorpugo: calls $0.08
joselius7: folds 
2965God: folds 
*** FLOP *** [2d Ts 5c]
SidneyCrosby8: checks 
Lorpugo: checks 
*** TURN *** [2d Ts 5c] [6d]
SidneyCrosby8: checks 
Lorpugo: bets $0.24
SidneyCrosby8: folds 
Uncalled bet ($0.24) returned to Lorpugo
Lorpugo collected $0.18 from pot
Lorpugo: doesn't show hand 
*** SUMMARY ***
Total pot $0.19 | Rake $0.01 
Board [2d Ts 5c 6d]
Seat 1: nimzoindia folded before Flop (didn't bet)
Seat 2: SidneyCrosby8 folded on the Turn
Seat 3: Lorpugo (button) collected ($0.18)
Seat 4: joselius7 (small blind) folded before Flop
Seat 5: 2965God (big blind) folded before Flop
Seat 6: Whitewølf folded before Flop (didn't bet)



PokerStars Hand #241321329305:  Hold'em No Limit ($0.01/$0.02 USD) - 2023/01/22 12:30:09 ET
Table 'Garumna II' 6-max Seat #4 is the button
Seat 1: nimzoindia ($2.03 in chips) 
Seat 2: SidneyCrosby8 ($2.03 in chips) 
Seat 3: Lorpugo ($1.81 in chips) 
Seat 4: joselius7 ($2 in chips) 
Seat 5: 2965God ($2 in chips) 
Seat 6: Whitewølf ($2.25 in chips) 
2965God: posts small blind $0.01
Whitewølf: posts big blind $0.02
*** HOLE CARDS ***
Dealt to Lorpugo [5c 7h]
nimzoindia: raises $0.02 to $0.04
SidneyCrosby8: raises $0.11 to $0.15
Lorpugo: folds 
joselius7: folds 
2965God: folds 
Whitewølf: folds 
nimzoindia: folds 
Uncalled bet ($0.11) returned to SidneyCrosby8
SidneyCrosby8 collected $0.11 from pot
SidneyCrosby8: doesn't show hand 
*** SUMMARY ***
Total pot $0.11 | Rake $0 
Seat 1: nimzoindia folded before Flop
Seat 2: SidneyCrosby8 collected ($0.11)
Seat 3: Lorpugo folded before Flop (didn't bet)
Seat 4: joselius7 (button) folded before Flop (didn't bet)
Seat 5: 2965God (small blind) folded before Flop
Seat 6: Whitewølf (big blind) folded before Flop



PokerStars Hand #241321338967:  Hold'em No Limit ($0.01/$0.02 USD) - 2023/01/22 12:30:32 ET
Table 'Garumna II' 6-max Seat #5 is the button
Seat 1: nimzoindia ($2 in chips) 
Seat 2: SidneyCrosby8 ($2.10 in chips) 
Seat 3: Lorpugo ($1.81 in chips) 
Seat 4: joselius7 ($2 in chips) 
Seat 5: 2965God ($2 in chips) 
Seat 6: Whitewølf ($2.23 in chips) 
Whitewølf: posts small blind $0.01
nimzoindia: posts big blind $0.02
*** HOLE CARDS ***
Dealt to Lorpugo [9s 5h]
SidneyCrosby8: folds 
Lorpugo: folds 
joselius7: folds 
2965God: folds 
Whitewølf: calls $0.01
nimzoindia: checks 
*** FLOP *** [Js As 4c]
Whitewølf: checks 
nimzoindia: checks 
*** TURN *** [Js As 4c] [5c]
Whitewølf: checks 
nimzoindia: checks 
*** RIVER *** [Js As 4c 5c] [Ks]
Whitewølf: checks 
nimzoindia: checks 
*** SHOW DOWN ***
Whitewølf: shows [9h Qc] (high card Ace)
nimzoindia: shows [Ts Jc] (a pair of Jacks)
nimzoindia collected $0.04 from pot
*** SUMMARY ***
Total pot $0.04 | Rake $0 
Board [Js As 4c 5c Ks]
Seat 1: nimzoindia (big blind) showed [Ts Jc] and won ($0.04) with a pair of Jacks
Seat 2: SidneyCrosby8 folded before Flop (didn't bet)
Seat 3: Lorpugo folded before Flop (didn't bet)
Seat 4: joselius7 folded before Flop (didn't bet)
Seat 5: 2965God (button) folded before Flop (didn't bet)
Seat 6: Whitewølf (small blind) showed [9h Qc] and lost with high card Ace



PokerStars Hand #241321364490:  Hold'em No Limit ($0.01/$0.02 USD) - 2023/01/22 12:31:32 ET
Table 'Garumna II' 6-max Seat #6 is the button
Seat 1: nimzoindia ($2.02 in chips) 
Seat 2: SidneyCrosby8 ($2.10 in chips) 
Seat 3: Lorpugo ($1.81 in chips) 
Seat 4: joselius7 ($2 in chips) 
Seat 5: 2965God ($2 in chips) 
Seat 6: Whitewølf ($2.21 in chips) 
nimzoindia: posts small blind $0.01
SidneyCrosby8: posts big blind $0.02
*** HOLE CARDS ***
Dealt to Lorpugo [8c Qs]
Lorpugo: folds 
joselius7: folds 
2965God: folds 
Whitewølf: folds 
nimzoindia: calls $0.01
SidneyCrosby8: raises $0.10 to $0.12
nimzoindia: folds 
Uncalled bet ($0.10) returned to SidneyCrosby8
SidneyCrosby8 collected $0.04 from pot
SidneyCrosby8: doesn't show hand 
*** SUMMARY ***
Total pot $0.04 | Rake $0 
Seat 1: nimzoindia (small blind) folded before Flop
Seat 2: SidneyCrosby8 (big blind) collected ($0.04)
Seat 3: Lorpugo folded before Flop (didn't bet)
Seat 4: joselius7 folded before Flop (didn't bet)
Seat 5: 2965God folded before Flop (didn't bet)
Seat 6: Whitewølf (button) folded before Flop (didn't bet)



PokerStars Hand #241321378481:  Hold'em No Limit ($0.01/$0.02 USD) - 2023/01/22 12:32:05 ET
Table 'Garumna II' 6-max Seat #1 is the button
Seat 1: nimzoindia ($2 in chips) 
Seat 2: SidneyCrosby8 ($2.12 in chips) 
Seat 3: Lorpugo ($1.81 in chips) 
Seat 4: joselius7 ($2 in chips) 
Seat 5: 2965God ($2 in chips) 
Seat 6: Whitewølf ($2.21 in chips) 
SidneyCrosby8: posts small blind $0.01
Lorpugo: posts big blind $0.02
*** HOLE CARDS ***
Dealt to Lorpugo [Tc 9s]
joselius7: folds 
2965God: folds 
Whitewølf: raises $0.04 to $0.06
nimzoindia: folds 
SidneyCrosby8: folds 
Lorpugo: calls $0.04
*** FLOP *** [Qc Ac 8c]
Lorpugo: checks 
Whitewølf: checks 
*** TURN *** [Qc Ac 8c] [5h]
Lorpugo: checks 
Whitewølf: checks 
*** RIVER *** [Qc Ac 8c 5h] [3h]
Lorpugo: checks 
Whitewølf: bets $0.07
Lorpugo: folds 
Uncalled bet ($0.07) returned to Whitewølf
Whitewølf collected $0.13 from pot
Whitewølf: doesn't show hand 
*** SUMMARY ***
Total pot $0.13 | Rake $0 
Board [Qc Ac 8c 5h 3h]
Seat 1: nimzoindia (button) folded before Flop (didn't bet)
Seat 2: SidneyCrosby8 (small blind) folded before Flop
Seat 3: Lorpugo (big blind) folded on the River
Seat 4: joselius7 folded before Flop (didn't bet)
Seat 5: 2965God folded before Flop (didn't bet)
Seat 6: Whitewølf collected ($0.13)



PokerStars Hand #241321409347:  Hold'em No Limit ($0.01/$0.02 USD) - 2023/01/22 12:33:17 ET
Table 'Garumna II' 6-max Seat #2 is the button
Seat 1: nimzoindia ($2 in chips) 
Seat 2: SidneyCrosby8 ($2.11 in chips) 
Seat 3: Lorpugo ($1.75 in chips) 
Seat 4: joselius7 ($2 in chips) 
Seat 5: 2965God ($2 in chips) 
Seat 6: Whitewølf ($2.28 in chips) 
Lorpugo: posts small blind $0.01
joselius7: posts big blind $0.02
*** HOLE CARDS ***
Dealt to Lorpugo [7h 7s]
2965God: folds 
Whitewølf: calls $0.02
nimzoindia has timed out
nimzoindia: folds 
SidneyCrosby8: raises $0.08 to $0.10
Lorpugo: calls $0.09
joselius7: calls $0.08
Whitewølf: raises $0.12 to $0.22
SidneyCrosby8: calls $0.12
Lorpugo: folds 
joselius7: folds 
*** FLOP *** [6h Jc 6c]
Whitewølf: checks 
SidneyCrosby8: checks 
*** TURN *** [6h Jc 6c] [9c]
Whitewølf: bets $0.31
SidneyCrosby8: folds 
Uncalled bet ($0.31) returned to Whitewølf
Whitewølf collected $0.62 from pot
Whitewølf: doesn't show hand 
*** SUMMARY ***
Total pot $0.64 | Rake $0.02 
Board [6h Jc 6c 9c]
Seat 1: nimzoindia folded before Flop (didn't bet)
Seat 2: SidneyCrosby8 (button) folded on the Turn
Seat 3: Lorpugo (small blind) folded before Flop
Seat 4: joselius7 (big blind) folded before Flop
Seat 5: 2965God folded before Flop (didn't bet)
Seat 6: Whitewølf collected ($0.62)



PokerStars Hand #241321443945:  Hold'em No Limit ($0.01/$0.02 USD) - 2023/01/22 12:34:37 ET
Table 'Garumna II' 6-max Seat #3 is the button
Seat 1: nimzoindia ($2 in chips) 
Seat 2: SidneyCrosby8 ($2 in chips) 
Seat 3: Lorpugo ($1.65 in chips) 
Seat 4: joselius7 ($2 in chips) 
Seat 5: 2965God ($2 in chips) 
Seat 6: Whitewølf ($2.68 in chips) 
joselius7: posts small blind $0.01
2965God: posts big blind $0.02
*** HOLE CARDS ***
Dealt to Lorpugo [Ah 6h]
Whitewølf: folds 
nimzoindia: folds 
SidneyCrosby8: folds 
Lorpugo: raises $0.03 to $0.05
joselius7: folds 
2965God: folds 
Uncalled bet ($0.03) returned to Lorpugo
Lorpugo collected $0.05 from pot
Lorpugo: doesn't show hand 
*** SUMMARY ***
Total pot $0.05 | Rake $0 
Seat 1: nimzoindia folded before Flop (didn't bet)
Seat 2: SidneyCrosby8 folded before Flop (didn't bet)
Seat 3: Lorpugo (button) collected ($0.05)
Seat 4: joselius7 (small blind) folded before Flop
Seat 5: 2965God (big blind) folded before Flop
Seat 6: Whitewølf folded before Flop (didn't bet)



PokerStars Hand #241321453107:  Hold'em No Limit ($0.01/$0.02 USD) - 2023/01/22 12:34:58 ET
Table 'Garumna II' 6-max Seat #4 is the button
Seat 1: nimzoindia ($2 in chips) 
Seat 2: SidneyCrosby8 ($2 in chips) 
Seat 3: Lorpugo ($1.68 in chips) 
Seat 4: joselius7 ($2 in chips) 
Seat 5: 2965God ($2 in chips) 
Seat 6: Whitewølf ($2.68 in chips) 
2965God: posts small blind $0.01
Whitewølf: posts big blind $0.02
*** HOLE CARDS ***
Dealt to Lorpugo [Js 5c]
nimzoindia: folds 
SidneyCrosby8: raises $0.04 to $0.06
Lorpugo: folds 
joselius7: folds 
2965God: folds 
Whitewølf: folds 
Uncalled bet ($0.04) returned to SidneyCrosby8
SidneyCrosby8 collected $0.05 from pot
SidneyCrosby8: doesn't show hand 
*** SUMMARY ***
Total pot $0.05 | Rake $0 
Seat 1: nimzoindia folded before Flop (didn't bet)
Seat 2: SidneyCrosby8 collected ($0.05)
Seat 3: Lorpugo folded before Flop (didn't bet)
Seat 4: joselius7 (button) folded before Flop (didn't bet)
Seat 5: 2965God (small blind) folded before Flop
Seat 6: Whitewølf (big blind) folded before Flop



PokerStars Hand #241321461394:  Hold'em No Limit ($0.01/$0.02 USD) - 2023/01/22 12:35:18 ET
Table 'Garumna II' 6-max Seat #5 is the button
Seat 1: nimzoindia ($2 in chips) 
Seat 2: SidneyCrosby8 ($2.03 in chips) 
Seat 3: Lorpugo ($1.68 in chips) 
Seat 4: joselius7 ($2 in chips) 
Seat 5: 2965God ($2 in chips) 
Seat 6: Whitewølf ($2.66 in chips) 
Whitewølf: posts small blind $0.01
nimzoindia: posts big blind $0.02
*** HOLE CARDS ***
Dealt to Lorpugo [3s 2h]
SidneyCrosby8: raises $0.04 to $0.06
Lorpugo: folds 
joselius7: folds 
2965God: folds 
Whitewølf: folds 
nimzoindia: folds 
Uncalled bet ($0.04) returned to SidneyCrosby8
SidneyCrosby8 collected $0.05 from pot
SidneyCrosby8: doesn't show hand 
*** SUMMARY ***
Total pot $0.05 | Rake $0 
Seat 1: nimzoindia (big blind) folded before Flop
Seat 2: SidneyCrosby8 collected ($0.05)
Seat 3: Lorpugo folded before Flop (didn't bet)
Seat 4: joselius7 folded before Flop (didn't bet)
Seat 5: 2965God (button) folded before Flop (didn't bet)
Seat 6: Whitewølf (small blind) folded before Flop



PokerStars Hand #241321465706:  Hold'em No Limit ($0.01/$0.02 USD) - 2023/01/22 12:35:28 ET
Table 'Garumna II' 6-max Seat #6 is the button
Seat 1: nimzoindia ($2 in chips) 
Seat 2: SidneyCrosby8 ($2.06 in chips) 
Seat 3: Lorpugo ($1.68 in chips) 
Seat 4: joselius7 ($2 in chips) 
Seat 5: 2965God ($2 in chips) 
Seat 6: Whitewølf ($2.65 in chips) 
nimzoindia: posts small blind $0.01
SidneyCrosby8: posts big blind $0.02
*** HOLE CARDS ***
Dealt to Lorpugo [2d 8c]
Lorpugo: folds 
joselius7: raises $0.04 to $0.06
2965God: folds 
Whitewølf: folds 
nimzoindia: folds 
SidneyCrosby8: folds 
Uncalled bet ($0.04) returned to joselius7
joselius7 collected $0.05 from pot
joselius7: doesn't show hand 
*** SUMMARY ***
Total pot $0.05 | Rake $0 
Seat 1: nimzoindia (small blind) folded before Flop
Seat 2: SidneyCrosby8 (big blind) folded before Flop
Seat 3: Lorpugo folded before Flop (didn't bet)
Seat 4: joselius7 collected ($0.05)
Seat 5: 2965God folded before Flop (didn't bet)
Seat 6: Whitewølf (button) folded before Flop (didn't bet)



PokerStars Hand #241321475314:  Hold'em No Limit ($0.01/$0.02 USD) - 2023/01/22 12:35:50 ET
Table 'Garumna II' 6-max Seat #1 is the button
Seat 1: nimzoindia ($2 in chips) 
Seat 2: SidneyCrosby8 ($2.04 in chips) 
Seat 3: Lorpugo ($1.68 in chips) 
Seat 4: joselius7 ($2.03 in chips) 
Seat 5: 2965God ($2 in chips) 
Seat 6: Whitewølf ($2.65 in chips) 
SidneyCrosby8: posts small blind $0.01
Lorpugo: posts big blind $0.02
*** HOLE CARDS ***
Dealt to Lorpugo [4c 5d]
joselius7: folds 
2965God: folds 
Whitewølf: calls $0.02
nimzoindia: folds 
SidneyCrosby8: raises $0.10 to $0.12
Lorpugo: folds 
joselius7 leaves the table
blchgr joins the table at seat #4 
Whitewølf: raises $0.14 to $0.26
SidneyCrosby8: calls $0.14
*** FLOP *** [8d 6d Jc]
SidneyCrosby8: checks 
Whitewølf: bets $0.52
SidneyCrosby8: folds 
Uncalled bet ($0.52) returned to Whitewølf
Whitewølf collected $0.52 from pot
Whitewølf: doesn't show hand 
*** SUMMARY ***
Total pot $0.54 | Rake $0.02 
Board [8d 6d Jc]
Seat 1: nimzoindia (button) folded before Flop (didn't bet)
Seat 2: SidneyCrosby8 (small blind) folded on the Flop
Seat 3: Lorpugo (big blind) folded before Flop
Seat 4: joselius7 folded before Flop (didn't bet)
Seat 5: 2965God folded before Flop (didn't bet)
Seat 6: Whitewølf collected ($0.52)



PokerStars Hand #241321489641:  Hold'em No Limit ($0.01/$0.02 USD) - 2023/01/22 12:36:24 ET
Table 'Garumna II' 6-max Seat #2 is the button
Seat 1: nimzoindia ($2 in chips) 
Seat 2: SidneyCrosby8 ($2 in chips) 
Seat 3: Lorpugo ($1.66 in chips) 
Seat 4: blchgr ($2 in chips) 
Seat 5: 2965God ($2 in chips) 
Seat 6: Whitewølf ($2.91 in chips) 
Lorpugo: posts small blind $0.01
blchgr: posts big blind $0.02
*** HOLE CARDS ***
Dealt to Lorpugo [3h Qd]
2965God: folds 
Whitewølf: folds 
nimzoindia has timed out
nimzoindia: folds 
SidneyCrosby8: raises $0.04 to $0.06
Lorpugo: folds 
blchgr: folds 
Uncalled bet ($0.04) returned to SidneyCrosby8
SidneyCrosby8 collected $0.05 from pot
SidneyCrosby8: doesn't show hand 
*** SUMMARY ***
Total pot $0.05 | Rake $0 
Seat 1: nimzoindia folded before Flop (didn't bet)
Seat 2: SidneyCrosby8 (button) collected ($0.05)
Seat 3: Lorpugo (small blind) folded before Flop
Seat 4: blchgr (big blind) folded before Flop
Seat 5: 2965God folded before Flop (didn't bet)
Seat 6: Whitewølf folded before Flop (didn't bet)



PokerStars Hand #241321500671:  Hold'em No Limit ($0.01/$0.02 USD) - 2023/01/22 12:36:50 ET
Table 'Garumna II' 6-max Seat #3 is the button
Seat 1: nimzoindia ($2 in chips) 
Seat 2: SidneyCrosby8 ($2.03 in chips) 
Seat 3: Lorpugo ($1.65 in chips) 
Seat 4: blchgr ($2 in chips) 
Seat 5: 2965God ($2 in chips) 
Seat 6: Whitewølf ($2.91 in chips) 
blchgr: posts small blind $0.01
2965God: posts big blind $0.02
*** HOLE CARDS ***
Dealt to Lorpugo [8c Qh]
Whitewølf: calls $0.02
nimzoindia: raises $0.02 to $0.04
SidneyCrosby8: folds 
Lorpugo: folds 
blchgr: folds 
2965God: folds 
Whitewølf: calls $0.02
*** FLOP *** [Ks Js Kd]
Whitewølf: checks 
nimzoindia: checks 
*** TURN *** [Ks Js Kd] [4c]
Whitewølf: checks 
nimzoindia: checks 
*** RIVER *** [Ks Js Kd 4c] [Td]
Whitewølf: checks 
nimzoindia: checks 
*** SHOW DOWN ***
Whitewølf: shows [4s Ah] (two pair, Kings and Fours)
nimzoindia: shows [4d Ad] (two pair, Kings and Fours)
Whitewølf collected $0.06 from pot
nimzoindia collected $0.05 from pot
*** SUMMARY ***
Total pot $0.11 | Rake $0 
Board [Ks Js Kd 4c Td]
Seat 1: nimzoindia showed [4d Ad] and won ($0.05) with two pair, Kings and Fours
Seat 2: SidneyCrosby8 folded before Flop (didn't bet)
Seat 3: Lorpugo (button) folded before Flop (didn't bet)
Seat 4: blchgr (small blind) folded before Flop
Seat 5: 2965God (big blind) folded before Flop
Seat 6: Whitewølf showed [4s Ah] and won ($0.06) with two pair, Kings and Fours



PokerStars Hand #241321530373:  Hold'em No Limit ($0.01/$0.02 USD) - 2023/01/22 12:37:59 ET
Table 'Garumna II' 6-max Seat #4 is the button
Seat 1: nimzoindia ($2.01 in chips) 
Seat 2: SidneyCrosby8 ($2.03 in chips) 
Seat 3: Lorpugo ($1.65 in chips) 
Seat 4: blchgr ($2 in chips) 
Seat 5: 2965God ($2 in chips) 
Seat 6: Whitewølf ($2.93 in chips) 
2965God: posts small blind $0.01
Whitewølf: posts big blind $0.02
*** HOLE CARDS ***
Dealt to Lorpugo [5c 6s]
nimzoindia: folds 
SidneyCrosby8: folds 
Lorpugo: folds 
blchgr: folds 
2965God: raises $0.03 to $0.05
Whitewølf: folds 
Uncalled bet ($0.03) returned to 2965God
2965God collected $0.04 from pot
2965God: doesn't show hand 
*** SUMMARY ***
Total pot $0.04 | Rake $0 
Seat 1: nimzoindia folded before Flop (didn't bet)
Seat 2: SidneyCrosby8 folded before Flop (didn't bet)
Seat 3: Lorpugo folded before Flop (didn't bet)
Seat 4: blchgr (button) folded before Flop (didn't bet)
Seat 5: 2965God (small blind) collected ($0.04)
Seat 6: Whitewølf (big blind) folded before Flop



PokerStars Hand #241321537983:  Hold'em No Limit ($0.01/$0.02 USD) - 2023/01/22 12:38:17 ET
Table 'Garumna II' 6-max Seat #5 is the button
Seat 1: nimzoindia ($2.01 in chips) 
Seat 2: SidneyCrosby8 ($2.03 in chips) 
Seat 3: Lorpugo ($1.65 in chips) 
Seat 4: blchgr ($2 in chips) 
Seat 5: 2965God ($2.02 in chips) 
Seat 6: Whitewølf ($2.91 in chips) 
Whitewølf: posts small blind $0.01
nimzoindia: posts big blind $0.02
*** HOLE CARDS ***
Dealt to Lorpugo [Jc Ts]
SidneyCrosby8: folds 
Lorpugo: raises $0.03 to $0.05
blchgr: raises $0.05 to $0.10
2965God: folds 
Whitewølf: raises $0.14 to $0.24
nimzoindia: folds 
Lorpugo: folds 
blchgr: raises $0.34 to $0.58
Whitewølf: raises $2.33 to $2.91 and is all-in
blchgr: calls $1.42 and is all-in
Uncalled bet ($0.91) returned to Whitewølf
*** FLOP *** [Jd 6s 8d]
*** TURN *** [Jd 6s 8d] [2c]
*** RIVER *** [Jd 6s 8d 2c] [6h]
*** SHOW DOWN ***
Whitewølf: shows [Th Tc] (two pair, Tens and Sixes)
blchgr: shows [As Ah] (two pair, Aces and Sixes)
blchgr collected $3.89 from pot
*** SUMMARY ***
Total pot $4.07 | Rake $0.18 
Board [Jd 6s 8d 2c 6h]
Seat 1: nimzoindia (big blind) folded before Flop
Seat 2: SidneyCrosby8 folded before Flop (didn't bet)
Seat 3: Lorpugo folded before Flop
Seat 4: blchgr showed [As Ah] and won ($3.89) with two pair, Aces and Sixes
Seat 5: 2965God (button) folded before Flop (didn't bet)
Seat 6: Whitewølf (small blind) showed [Th Tc] and lost with two pair, Tens and Sixes



PokerStars Hand #241321557136:  Hold'em No Limit ($0.01/$0.02 USD) - 2023/01/22 12:39:02 ET
Table 'Garumna II' 6-max Seat #6 is the button
Seat 1: nimzoindia ($2 in chips) 
Seat 2: SidneyCrosby8 ($2.03 in chips) 
Seat 3: Lorpugo ($1.60 in chips) 
Seat 4: blchgr ($3.89 in chips) 
Seat 5: 2965God ($2.02 in chips) 
Seat 6: Whitewølf ($0.91 in chips) 
nimzoindia: posts small blind $0.01
SidneyCrosby8: posts big blind $0.02
*** HOLE CARDS ***
Dealt to Lorpugo [5h 5d]
Lorpugo: raises $0.02 to $0.04
blchgr: raises $0.10 to $0.14
2965God: folds 
Whitewølf: folds 
nimzoindia: folds 
SidneyCrosby8: folds 
Lorpugo: calls $0.10
*** FLOP *** [2s 7c 4h]
Lorpugo: checks 
blchgr: bets $0.10
Lorpugo: calls $0.10
*** TURN *** [2s 7c 4h] [9c]
Lorpugo: bets $0.16
blchgr: folds 
Uncalled bet ($0.16) returned to Lorpugo
Lorpugo collected $0.49 from pot
Lorpugo: doesn't show hand 
*** SUMMARY ***
Total pot $0.51 | Rake $0.02 
Board [2s 7c 4h 9c]
Seat 1: nimzoindia (small blind) folded before Flop
Seat 2: SidneyCrosby8 (big blind) folded before Flop
Seat 3: Lorpugo collected ($0.49)
Seat 4: blchgr folded on the Turn
Seat 5: 2965God folded before Flop (didn't bet)
Seat 6: Whitewølf (button) folded before Flop (didn't bet)



PokerStars Hand #241321578693:  Hold'em No Limit ($0.01/$0.02 USD) - 2023/01/22 12:39:52 ET
Table 'Garumna II' 6-max Seat #1 is the button
Seat 1: nimzoindia ($2 in chips) 
Seat 2: SidneyCrosby8 ($2.01 in chips) 
Seat 3: Lorpugo ($1.85 in chips) 
Seat 4: blchgr ($3.65 in chips) 
Seat 5: 2965God ($2.02 in chips) 
Seat 6: Whitewølf ($0.91 in chips) 
SidneyCrosby8: posts small blind $0.01
Lorpugo: posts big blind $0.02
*** HOLE CARDS ***
Dealt to Lorpugo [Qs 5c]
blchgr: folds 
2965God: folds 
Whitewølf: calls $0.02
nimzoindia has timed out
nimzoindia: folds 
SidneyCrosby8: folds 
Lorpugo: checks 
*** FLOP *** [5d Jh Td]
Lorpugo: checks 
Whitewølf: bets $0.89 and is all-in
Lorpugo: folds 
Uncalled bet ($0.89) returned to Whitewølf
Whitewølf collected $0.05 from pot
Whitewølf: doesn't show hand 
*** SUMMARY ***
Total pot $0.05 | Rake $0 
Board [5d Jh Td]
Seat 1: nimzoindia (button) folded before Flop (didn't bet)
Seat 2: SidneyCrosby8 (small blind) folded before Flop
Seat 3: Lorpugo (big blind) folded on the Flop
Seat 4: blchgr folded before Flop (didn't bet)
Seat 5: 2965God folded before Flop (didn't bet)
Seat 6: Whitewølf collected ($0.05)



PokerStars Hand #241321596814:  Hold'em No Limit ($0.01/$0.02 USD) - 2023/01/22 12:40:34 ET
Table 'Garumna II' 6-max Seat #2 is the button
Seat 1: nimzoindia ($2 in chips) 
Seat 2: SidneyCrosby8 ($2 in chips) 
Seat 3: Lorpugo ($1.83 in chips) 
Seat 4: blchgr ($3.65 in chips) 
Seat 5: 2965God ($2.02 in chips) 
Seat 6: Whitewølf ($0.94 in chips) 
Lorpugo: posts small blind $0.01
blchgr: posts big blind $0.02
*** HOLE CARDS ***
Dealt to Lorpugo [2d 5d]
2965God: raises $0.04 to $0.06
Whitewølf: folds 
nimzoindia: folds 
SidneyCrosby8: folds 
Lorpugo: folds 
blchgr: calls $0.04
*** FLOP *** [4d 8h 4c]
blchgr: checks 
2965God: bets $0.10
blchgr: calls $0.10
*** TURN *** [4d 8h 4c] [7d]
blchgr: checks 
2965God: bets $0.21
blchgr: calls $0.21
*** RIVER *** [4d 8h 4c 7d] [Ah]
blchgr: bets $0.42
2965God: folds 
Uncalled bet ($0.42) returned to blchgr
blchgr collected $0.71 from pot
blchgr: doesn't show hand 
*** SUMMARY ***
Total pot $0.75 | Rake $0.04 
Board [4d 8h 4c 7d Ah]
Seat 1: nimzoindia folded before Flop (didn't bet)
Seat 2: SidneyCrosby8 (button) folded before Flop (didn't bet)
Seat 3: Lorpugo (small blind) folded before Flop
Seat 4: blchgr (big blind) collected ($0.71)
Seat 5: 2965God folded on the River
Seat 6: Whitewølf folded before Flop (didn't bet)



PokerStars Hand #241321617801:  Hold'em No Limit ($0.01/$0.02 USD) - 2023/01/22 12:41:23 ET
Table 'Garumna II' 6-max Seat #3 is the button
Seat 1: nimzoindia ($2 in chips) 
Seat 2: SidneyCrosby8 ($2 in chips) 
Seat 3: Lorpugo ($1.82 in chips) 
Seat 4: blchgr ($3.99 in chips) 
Seat 5: 2965God ($2 in chips) 
Seat 6: Whitewølf ($0.94 in chips) 
blchgr: posts small blind $0.01
2965God: posts big blind $0.02
*** HOLE CARDS ***
Dealt to Lorpugo [Kd 6d]
Whitewølf: folds 
nimzoindia: folds 
SidneyCrosby8: folds 
Lorpugo: raises $0.03 to $0.05
blchgr: folds 
2965God: folds 
Uncalled bet ($0.03) returned to Lorpugo
Lorpugo collected $0.05 from pot
Lorpugo: doesn't show hand 
*** SUMMARY ***
Total pot $0.05 | Rake $0 
Seat 1: nimzoindia folded before Flop (didn't bet)
Seat 2: SidneyCrosby8 folded before Flop (didn't bet)
Seat 3: Lorpugo (button) collected ($0.05)
Seat 4: blchgr (small blind) folded before Flop
Seat 5: 2965God (big blind) folded before Flop
Seat 6: Whitewølf folded before Flop (didn't bet)



PokerStars Hand #241321628279:  Hold'em No Limit ($0.01/$0.02 USD) - 2023/01/22 12:41:47 ET
Table 'Garumna II' 6-max Seat #4 is the button
Seat 1: nimzoindia ($2 in chips) 
Seat 2: SidneyCrosby8 ($2 in chips) 
Seat 3: Lorpugo ($1.85 in chips) 
Seat 4: blchgr ($3.98 in chips) 
Seat 5: 2965God ($2 in chips) 
Seat 6: Whitewølf ($0.94 in chips) 
2965God: posts small blind $0.01
Whitewølf: posts big blind $0.02
*** HOLE CARDS ***
Dealt to Lorpugo [Jh 9h]
nimzoindia: folds 
SidneyCrosby8: folds 
Lorpugo: raises $0.03 to $0.05
blchgr: folds 
2965God: folds 
Whitewølf: raises $0.11 to $0.16
Lorpugo: calls $0.11
*** FLOP *** [Kh 5d 8d]
Whitewølf: checks 
Lorpugo: checks 
*** TURN *** [Kh 5d 8d] [5h]
Whitewølf: bets $0.24
Lorpugo: calls $0.24
*** RIVER *** [Kh 5d 8d 5h] [2d]
Whitewølf: checks 
Lorpugo: bets $1.45 and is all-in
Whitewølf: calls $0.54 and is all-in
Uncalled bet ($0.91) returned to Lorpugo
*** SHOW DOWN ***
Lorpugo: shows [Jh 9h] (a pair of Fives)
Whitewølf: shows [Qs Qh] (two pair, Queens and Fives)
Whitewølf collected $1.82 from pot
*** SUMMARY ***
Total pot $1.89 | Rake $0.07 
Board [Kh 5d 8d 5h 2d]
Seat 1: nimzoindia folded before Flop (didn't bet)
Seat 2: SidneyCrosby8 folded before Flop (didn't bet)
Seat 3: Lorpugo showed [Jh 9h] and lost with a pair of Fives
Seat 4: blchgr (button) folded before Flop (didn't bet)
Seat 5: 2965God (small blind) folded before Flop
Seat 6: Whitewølf (big blind) showed [Qs Qh] and won ($1.82) with two pair, Queens and Fives



PokerStars Hand #241321665983:  Hold'em No Limit ($0.01/$0.02 USD) - 2023/01/22 12:43:16 ET
Table 'Garumna II' 6-max Seat #5 is the button
Seat 1: nimzoindia ($2 in chips) 
Seat 2: SidneyCrosby8 ($2 in chips) 
Seat 3: Lorpugo ($0.91 in chips) 
Seat 4: blchgr ($3.98 in chips) 
Seat 5: 2965God ($2 in chips) 
Seat 6: Whitewølf ($1.82 in chips) 
Whitewølf: posts small blind $0.01
nimzoindia: posts big blind $0.02
*** HOLE CARDS ***
Dealt to Lorpugo [7d Tc]
SidneyCrosby8: raises $0.04 to $0.06
Lorpugo: folds 
blchgr: folds 
2965God: folds 
Whitewølf: calls $0.05
nimzoindia: folds 
*** FLOP *** [6c Qd Th]
Whitewølf: checks 
SidneyCrosby8: bets $0.08
Whitewølf: folds 
Uncalled bet ($0.08) returned to SidneyCrosby8
SidneyCrosby8 collected $0.14 from pot
SidneyCrosby8: doesn't show hand 
*** SUMMARY ***
Total pot $0.14 | Rake $0 
Board [6c Qd Th]
Seat 1: nimzoindia (big blind) folded before Flop
Seat 2: SidneyCrosby8 collected ($0.14)
Seat 3: Lorpugo folded before Flop (didn't bet)
Seat 4: blchgr folded before Flop (didn't bet)
Seat 5: 2965God (button) folded before Flop (didn't bet)
Seat 6: Whitewølf (small blind) folded on the Flop



PokerStars Hand #241321680774:  Hold'em No Limit ($0.01/$0.02 USD) - 2023/01/22 12:43:50 ET
Table 'Garumna II' 6-max Seat #6 is the button
Seat 1: nimzoindia ($2 in chips) 
Seat 2: SidneyCrosby8 ($2.08 in chips) 
Seat 3: Lorpugo ($0.91 in chips) 
Seat 4: blchgr ($3.98 in chips) 
Seat 5: 2965God ($2 in chips) 
Seat 6: Whitewølf ($1.76 in chips) 
nimzoindia: posts small blind $0.01
SidneyCrosby8: posts big blind $0.02
*** HOLE CARDS ***
Dealt to Lorpugo [4s 4h]
Lorpugo: raises $0.03 to $0.05
blchgr: folds 
2965God: folds 
Whitewølf: raises $0.03 to $0.08
nimzoindia: folds 
SidneyCrosby8: folds 
Lorpugo: calls $0.03
*** FLOP *** [4c Qh Jc]
Lorpugo: checks 
Whitewølf: checks 
*** TURN *** [4c Qh Jc] [Ts]
Lorpugo: bets $0.18
Whitewølf: calls $0.18
*** RIVER *** [4c Qh Jc Ts] [2d]
Lorpugo: bets $0.65 and is all-in
Whitewølf: calls $0.65
*** SHOW DOWN ***
Lorpugo: shows [4s 4h] (three of a kind, Fours)
Whitewølf: shows [As Kd] (a straight, Ten to Ace)
Whitewølf collected $1.79 from pot
*** SUMMARY ***
Total pot $1.85 | Rake $0.06 
Board [4c Qh Jc Ts 2d]
Seat 1: nimzoindia (small blind) folded before Flop
Seat 2: SidneyCrosby8 (big blind) folded before Flop
Seat 3: Lorpugo showed [4s 4h] and lost with three of a kind, Fours
Seat 4: blchgr folded before Flop (didn't bet)
Seat 5: 2965God folded before Flop (didn't bet)
Seat 6: Whitewølf (button) showed [As Kd] and won ($1.79) with a straight, Ten to Ace



PokerStars Hand #241321717338:  Hold'em No Limit ($0.01/$0.02 USD) - 2023/01/22 12:45:16 ET
Table 'Garumna II' 6-max Seat #4 is the button
Seat 1: nimzoindia ($2 in chips) 
Seat 2: SidneyCrosby8 ($2.12 in chips) 
Seat 3: Lorpugo ($1.60 in chips) 
Seat 4: blchgr ($3.98 in chips) 
Seat 5: 2965God ($2 in chips) 
Seat 6: Whitewølf ($2.64 in chips) 
2965God: posts small blind $0.01
Whitewølf: posts big blind $0.02
Lorpugo: posts small & big blinds $0.03
*** HOLE CARDS ***
Dealt to Lorpugo [3s Th]
nimzoindia: folds 
SidneyCrosby8: folds 
Lorpugo: checks 
blchgr: raises $0.04 to $0.06
2965God: calls $0.05
Whitewølf: folds 
Lorpugo: folds 
*** FLOP *** [Kc Qc 9s]
2965God: checks 
blchgr: bets $0.05
2965God: folds 
Uncalled bet ($0.05) returned to blchgr
blchgr collected $0.16 from pot
blchgr: doesn't show hand 
*** SUMMARY ***
Total pot $0.17 | Rake $0.01 
Board [Kc Qc 9s]
Seat 1: nimzoindia folded before Flop (didn't bet)
Seat 2: SidneyCrosby8 folded before Flop (didn't bet)
Seat 3: Lorpugo folded before Flop (didn't bet)
Seat 4: blchgr (button) collected ($0.16)
Seat 5: 2965God (small blind) folded on the Flop
Seat 6: Whitewølf (big blind) folded before Flop



PokerStars Hand #241321732111:  Hold'em No Limit ($0.01/$0.02 USD) - 2023/01/22 12:45:51 ET
Table 'Garumna II' 6-max Seat #5 is the button
Seat 1: nimzoindia ($2 in chips) 
Seat 2: SidneyCrosby8 ($2.12 in chips) 
Seat 3: Lorpugo ($1.57 in chips) 
Seat 4: blchgr ($4.08 in chips) 
Seat 5: 2965God ($2 in chips) 
Seat 6: Whitewølf ($2.62 in chips) 
Whitewølf: posts small blind $0.01
nimzoindia: posts big blind $0.02
*** HOLE CARDS ***
Dealt to Lorpugo [Kc Ac]
SidneyCrosby8: folds 
Lorpugo: raises $0.03 to $0.05
blchgr: folds 
2965God: folds 
Whitewølf: folds 
nimzoindia: folds 
Uncalled bet ($0.03) returned to Lorpugo
Lorpugo collected $0.05 from pot
Lorpugo: doesn't show hand 
*** SUMMARY ***
Total pot $0.05 | Rake $0 
Seat 1: nimzoindia (big blind) folded before Flop
Seat 2: SidneyCrosby8 folded before Flop (didn't bet)
Seat 3: Lorpugo collected ($0.05)
Seat 4: blchgr folded before Flop (didn't bet)
Seat 5: 2965God (button) folded before Flop (didn't bet)
Seat 6: Whitewølf (small blind) folded before Flop



PokerStars Hand #241321737713:  Hold'em No Limit ($0.01/$0.02 USD) - 2023/01/22 12:46:04 ET
Table 'Garumna II' 6-max Seat #6 is the button
Seat 1: nimzoindia ($2 in chips) 
Seat 2: SidneyCrosby8 ($2.12 in chips) 
Seat 3: Lorpugo ($1.60 in chips) 
Seat 4: blchgr ($4.08 in chips) 
Seat 5: 2965God ($2 in chips) 
Seat 6: Whitewølf ($2.61 in chips) 
nimzoindia: posts small blind $0.01
SidneyCrosby8: posts big blind $0.02
*** HOLE CARDS ***
Dealt to Lorpugo [2s Js]
Lorpugo: folds 
blchgr: folds 
2965God: folds 
Whitewølf: folds 
nimzoindia: calls $0.01
SidneyCrosby8: raises $0.08 to $0.10
nimzoindia: folds 
Uncalled bet ($0.08) returned to SidneyCrosby8
SidneyCrosby8 collected $0.04 from pot
SidneyCrosby8: doesn't show hand 
*** SUMMARY ***
Total pot $0.04 | Rake $0 
Seat 1: nimzoindia (small blind) folded before Flop
Seat 2: SidneyCrosby8 (big blind) collected ($0.04)
Seat 3: Lorpugo folded before Flop (didn't bet)
Seat 4: blchgr folded before Flop (didn't bet)
Seat 5: 2965God folded before Flop (didn't bet)
Seat 6: Whitewølf (button) folded before Flop (didn't bet)



PokerStars Hand #241321748002:  Hold'em No Limit ($0.01/$0.02 USD) - 2023/01/22 12:46:28 ET
Table 'Garumna II' 6-max Seat #1 is the button
Seat 1: nimzoindia ($2 in chips) 
Seat 2: SidneyCrosby8 ($2.14 in chips) 
Seat 3: Lorpugo ($1.60 in chips) 
Seat 4: blchgr ($4.08 in chips) 
Seat 5: 2965God ($2 in chips) 
Seat 6: Whitewølf ($2.61 in chips) 
SidneyCrosby8: posts small blind $0.01
Lorpugo: posts big blind $0.02
*** HOLE CARDS ***
Dealt to Lorpugo [5h 2c]
blchgr: folds 
2965God: raises $0.03 to $0.05
Whitewølf: folds 
nimzoindia: folds 
SidneyCrosby8: folds 
Lorpugo: folds 
Uncalled bet ($0.03) returned to 2965God
2965God collected $0.05 from pot
2965God: doesn't show hand 
*** SUMMARY ***
Total pot $0.05 | Rake $0 
Seat 1: nimzoindia (button) folded before Flop (didn't bet)
Seat 2: SidneyCrosby8 (small blind) folded before Flop
Seat 3: Lorpugo (big blind) folded before Flop
Seat 4: blchgr folded before Flop (didn't bet)
Seat 5: 2965God collected ($0.05)
Seat 6: Whitewølf folded before Flop (didn't bet)



PokerStars Hand #241321759262:  Hold'em No Limit ($0.01/$0.02 USD) - 2023/01/22 12:46:55 ET
Table 'Garumna II' 6-max Seat #2 is the button
Seat 1: nimzoindia ($2 in chips) 
Seat 2: SidneyCrosby8 ($2.13 in chips) 
Seat 3: Lorpugo ($1.58 in chips) 
Seat 4: blchgr ($4.08 in chips) 
Seat 5: 2965God ($2.03 in chips) 
Seat 6: Whitewølf ($2.61 in chips) 
Lorpugo: posts small blind $0.01
blchgr: posts big blind $0.02
*** HOLE CARDS ***
Dealt to Lorpugo [Jh Th]
2965God: folds 
Whitewølf: folds 
nimzoindia: raises $0.02 to $0.04
SidneyCrosby8: folds 
Lorpugo: calls $0.03
blchgr: folds 
*** FLOP *** [Td 6d Kd]
Lorpugo: checks 
nimzoindia: checks 
*** TURN *** [Td 6d Kd] [3h]
Lorpugo: bets $0.10
nimzoindia: folds 
Uncalled bet ($0.10) returned to Lorpugo
Lorpugo collected $0.10 from pot
Lorpugo: doesn't show hand 
*** SUMMARY ***
Total pot $0.10 | Rake $0 
Board [Td 6d Kd 3h]
Seat 1: nimzoindia folded on the Turn
Seat 2: SidneyCrosby8 (button) folded before Flop (didn't bet)
Seat 3: Lorpugo (small blind) collected ($0.10)
Seat 4: blchgr (big blind) folded before Flop
Seat 5: 2965God folded before Flop (didn't bet)
Seat 6: Whitewølf folded before Flop (didn't bet)



PokerStars Hand #241321770932:  Hold'em No Limit ($0.01/$0.02 USD) - 2023/01/22 12:47:22 ET
Table 'Garumna II' 6-max Seat #3 is the button
Seat 1: nimzoindia ($2 in chips) 
Seat 2: SidneyCrosby8 ($2.13 in chips) 
Seat 3: Lorpugo ($1.64 in chips) 
Seat 4: blchgr ($4.06 in chips) 
Seat 5: 2965God ($2.03 in chips) 
Seat 6: Whitewølf ($2.61 in chips) 
blchgr: posts small blind $0.01
2965God: posts big blind $0.02
*** HOLE CARDS ***
Dealt to Lorpugo [2s Ks]
Whitewølf: folds 
nimzoindia: folds 
SidneyCrosby8: raises $0.04 to $0.06
Lorpugo: folds 
blchgr: folds 
2965God: folds 
Uncalled bet ($0.04) returned to SidneyCrosby8
SidneyCrosby8 collected $0.05 from pot
SidneyCrosby8: doesn't show hand 
*** SUMMARY ***
Total pot $0.05 | Rake $0 
Seat 1: nimzoindia folded before Flop (didn't bet)
Seat 2: SidneyCrosby8 collected ($0.05)
Seat 3: Lorpugo (button) folded before Flop (didn't bet)
Seat 4: blchgr (small blind) folded before Flop
Seat 5: 2965God (big blind) folded before Flop
Seat 6: Whitewølf folded before Flop (didn't bet)



PokerStars Hand #241321778223:  Hold'em No Limit ($0.01/$0.02 USD) - 2023/01/22 12:47:39 ET
Table 'Garumna II' 6-max Seat #4 is the button
Seat 1: nimzoindia ($2 in chips) 
Seat 2: SidneyCrosby8 ($2.16 in chips) 
Seat 3: Lorpugo ($1.64 in chips) 
Seat 4: blchgr ($4.05 in chips) 
Seat 5: 2965God ($2.01 in chips) 
Seat 6: Whitewølf ($2.61 in chips) 
2965God: posts small blind $0.01
Whitewølf: posts big blind $0.02
*** HOLE CARDS ***
Dealt to Lorpugo [8c 9c]
nimzoindia: raises $0.02 to $0.04
SidneyCrosby8: raises $0.16 to $0.20
Lorpugo: folds 
blchgr: folds 
2965God: folds 
Whitewølf: folds 
nimzoindia: folds 
Uncalled bet ($0.16) returned to SidneyCrosby8
SidneyCrosby8 collected $0.11 from pot
SidneyCrosby8: doesn't show hand 
*** SUMMARY ***
Total pot $0.11 | Rake $0 
Seat 1: nimzoindia folded before Flop
Seat 2: SidneyCrosby8 collected ($0.11)
Seat 3: Lorpugo folded before Flop (didn't bet)
Seat 4: blchgr (button) folded before Flop (didn't bet)
Seat 5: 2965God (small blind) folded before Flop
Seat 6: Whitewølf (big blind) folded before Flop



PokerStars Hand #241321789501:  Hold'em No Limit ($0.01/$0.02 USD) - 2023/01/22 12:48:06 ET
Table 'Garumna II' 6-max Seat #5 is the button
Seat 1: nimzoindia ($2 in chips) 
Seat 2: SidneyCrosby8 ($2.23 in chips) 
Seat 3: Lorpugo ($1.64 in chips) 
Seat 4: blchgr ($4.05 in chips) 
Seat 5: 2965God ($2 in chips) 
Seat 6: Whitewølf ($2.59 in chips) 
Whitewølf: posts small blind $0.01
nimzoindia: posts big blind $0.02
*** HOLE CARDS ***
Dealt to Lorpugo [6h 2s]
SidneyCrosby8: raises $0.04 to $0.06
Lorpugo: folds 
blchgr: folds 
2965God: folds 
Whitewølf: folds 
nimzoindia: calls $0.04
*** FLOP *** [3h Jh Tc]
nimzoindia: bets $0.10
SidneyCrosby8: calls $0.10
*** TURN *** [3h Jh Tc] [Kd]
nimzoindia: checks 
SidneyCrosby8: checks 
*** RIVER *** [3h Jh Tc Kd] [8d]
nimzoindia: bets $0.24
SidneyCrosby8: calls $0.24
*** SHOW DOWN ***
nimzoindia: shows [Th 8h] (two pair, Tens and Eights)
SidneyCrosby8: mucks hand 
nimzoindia collected $0.78 from pot
*** SUMMARY ***
Total pot $0.81 | Rake $0.03 
Board [3h Jh Tc Kd 8d]
Seat 1: nimzoindia (big blind) showed [Th 8h] and won ($0.78) with two pair, Tens and Eights
Seat 2: SidneyCrosby8 mucked [Qh Td]
Seat 3: Lorpugo folded before Flop (didn't bet)
Seat 4: blchgr folded before Flop (didn't bet)
Seat 5: 2965God (button) folded before Flop (didn't bet)
Seat 6: Whitewølf (small blind) folded before Flop



PokerStars Hand #241321804846:  Hold'em No Limit ($0.01/$0.02 USD) - 2023/01/22 12:48:42 ET
Table 'Garumna II' 6-max Seat #6 is the button
Seat 1: nimzoindia ($2.38 in chips) 
Seat 2: SidneyCrosby8 ($2 in chips) 
Seat 3: Lorpugo ($1.64 in chips) 
Seat 4: blchgr ($4.05 in chips) 
Seat 5: 2965God ($2 in chips) 
Seat 6: Whitewølf ($2.58 in chips) 
nimzoindia: posts small blind $0.01
SidneyCrosby8: posts big blind $0.02
*** HOLE CARDS ***
Dealt to Lorpugo [7d Js]
Lorpugo: folds 
blchgr: raises $0.04 to $0.06
2965God: folds 
Whitewølf: calls $0.06
nimzoindia: folds 
SidneyCrosby8: calls $0.04
*** FLOP *** [8s 4h 3d]
SidneyCrosby8: checks 
blchgr: bets $0.04
Whitewølf: folds 
SidneyCrosby8: calls $0.04
*** TURN *** [8s 4h 3d] [2d]
SidneyCrosby8: checks 
blchgr: checks 
*** RIVER *** [8s 4h 3d 2d] [6c]
SidneyCrosby8: checks 
blchgr: bets $0.36
SidneyCrosby8: folds 
Uncalled bet ($0.36) returned to blchgr
blchgr collected $0.26 from pot
blchgr: doesn't show hand 
*** SUMMARY ***
Total pot $0.27 | Rake $0.01 
Board [8s 4h 3d 2d 6c]
Seat 1: nimzoindia (small blind) folded before Flop
Seat 2: SidneyCrosby8 (big blind) folded on the River
Seat 3: Lorpugo folded before Flop (didn't bet)
Seat 4: blchgr collected ($0.26)
Seat 5: 2965God folded before Flop (didn't bet)
Seat 6: Whitewølf (button) folded on the Flop



PokerStars Hand #241321827665:  Hold'em No Limit ($0.01/$0.02 USD) - 2023/01/22 12:49:37 ET
Table 'Garumna II' 6-max Seat #1 is the button
Seat 1: nimzoindia ($2.37 in chips) 
Seat 2: SidneyCrosby8 ($2 in chips) 
Seat 3: Lorpugo ($1.64 in chips) 
Seat 4: blchgr ($4.21 in chips) 
Seat 5: 2965God ($2 in chips) 
Seat 6: Whitewølf ($2.52 in chips) 
SidneyCrosby8: posts small blind $0.01
Lorpugo: posts big blind $0.02
*** HOLE CARDS ***
Dealt to Lorpugo [8d 5d]
blchgr: folds 
2965God: folds 
Whitewølf: calls $0.02
nimzoindia: folds 
SidneyCrosby8: folds 
Lorpugo: checks 
*** FLOP *** [8h 6h Qd]
Lorpugo: checks 
Whitewølf: checks 
*** TURN *** [8h 6h Qd] [4d]
Lorpugo: bets $0.08
Whitewølf: folds 
Uncalled bet ($0.08) returned to Lorpugo
Lorpugo collected $0.05 from pot
Lorpugo: doesn't show hand 
*** SUMMARY ***
Total pot $0.05 | Rake $0 
Board [8h 6h Qd 4d]
Seat 1: nimzoindia (button) folded before Flop (didn't bet)
Seat 2: SidneyCrosby8 (small blind) folded before Flop
Seat 3: Lorpugo (big blind) collected ($0.05)
Seat 4: blchgr folded before Flop (didn't bet)
Seat 5: 2965God folded before Flop (didn't bet)
Seat 6: Whitewølf folded on the Turn



PokerStars Hand #241321848237:  Hold'em No Limit ($0.01/$0.02 USD) - 2023/01/22 12:50:25 ET
Table 'Garumna II' 6-max Seat #2 is the button
Seat 1: nimzoindia ($2.37 in chips) 
Seat 2: SidneyCrosby8 ($2 in chips) 
Seat 3: Lorpugo ($1.67 in chips) 
Seat 4: blchgr ($4.21 in chips) 
Seat 5: 2965God ($2 in chips) 
Seat 6: Whitewølf ($2.50 in chips) 
Lorpugo: posts small blind $0.01
blchgr: posts big blind $0.02
*** HOLE CARDS ***
Dealt to Lorpugo [6d 9d]
2965God: folds 
Whitewølf has timed out
Whitewølf: folds 
nimzoindia has timed out
nimzoindia: folds 
SidneyCrosby8: raises $0.04 to $0.06
Lorpugo: calls $0.05
blchgr: folds 
*** FLOP *** [7d Tc Jh]
Lorpugo: checks 
SidneyCrosby8: checks 
*** TURN *** [7d Tc Jh] [3c]
Lorpugo: checks 
SidneyCrosby8: bets $0.14
Lorpugo: folds 
Uncalled bet ($0.14) returned to SidneyCrosby8
SidneyCrosby8 collected $0.14 from pot
SidneyCrosby8: doesn't show hand 
*** SUMMARY ***
Total pot $0.14 | Rake $0 
Board [7d Tc Jh 3c]
Seat 1: nimzoindia folded before Flop (didn't bet)
Seat 2: SidneyCrosby8 (button) collected ($0.14)
Seat 3: Lorpugo (small blind) folded on the Turn
Seat 4: blchgr (big blind) folded before Flop
Seat 5: 2965God folded before Flop (didn't bet)
Seat 6: Whitewølf folded before Flop (didn't bet)



PokerStars Hand #241322368375:  Hold'em No Limit ($0.01/$0.02 USD) - 2023/01/22 12:51:13 ET
Table 'Garumna II' 6-max Seat #3 is the button
Seat 1: nimzoindia ($2.37 in chips) 
Seat 2: SidneyCrosby8 ($2.08 in chips) 
Seat 3: Lorpugo ($1.61 in chips) 
Seat 4: blchgr ($4.19 in chips) 
Seat 6: Whitewølf ($2.50 in chips) 
blchgr: posts small blind $0.01
Whitewølf: posts big blind $0.02
*** HOLE CARDS ***
Dealt to Lorpugo [Ac Ad]
2965God leaves the table
nimzoindia has timed out
nimzoindia: folds 
SidneyCrosby8: folds 
Lorpugo: raises $0.03 to $0.05
blchgr: folds 
KDMan7 joins the table at seat #5 
Whitewølf: calls $0.03
*** FLOP *** [2c 6d Jd]
Whitewølf: checks 
Lorpugo: bets $0.07
Whitewølf: folds 
Uncalled bet ($0.07) returned to Lorpugo
Lorpugo collected $0.11 from pot
Lorpugo: doesn't show hand 
*** SUMMARY ***
Total pot $0.11 | Rake $0 
Board [2c 6d Jd]
Seat 1: nimzoindia folded before Flop (didn't bet)
Seat 2: SidneyCrosby8 folded before Flop (didn't bet)
Seat 3: Lorpugo (button) collected ($0.11)
Seat 4: blchgr (small blind) folded before Flop
Seat 6: Whitewølf (big blind) folded on the Flop



PokerStars Hand #241322384242:  Hold'em No Limit ($0.01/$0.02 USD) - 2023/01/22 12:51:51 ET
Table 'Garumna II' 6-max Seat #4 is the button
Seat 1: nimzoindia ($2.37 in chips) 
Seat 2: SidneyCrosby8 ($2.08 in chips) 
Seat 3: Lorpugo ($1.67 in chips) 
Seat 4: blchgr ($4.18 in chips) 
Seat 6: Whitewølf ($2.45 in chips) 
Whitewølf: posts small blind $0.01
nimzoindia: posts big blind $0.02
*** HOLE CARDS ***
Dealt to Lorpugo [3c Kd]
SidneyCrosby8: folds 
Lorpugo: folds 
blchgr: raises $0.03 to $0.05
Whitewølf: folds 
nimzoindia: folds 
Uncalled bet ($0.03) returned to blchgr
blchgr collected $0.05 from pot
blchgr: doesn't show hand 
*** SUMMARY ***
Total pot $0.05 | Rake $0 
Seat 1: nimzoindia (big blind) folded before Flop
Seat 2: SidneyCrosby8 folded before Flop (didn't bet)
Seat 3: Lorpugo folded before Flop (didn't bet)
Seat 4: blchgr (button) collected ($0.05)
Seat 6: Whitewølf (small blind) folded before Flop



PokerStars Hand #241322400359:  Hold'em No Limit ($0.01/$0.02 USD) - 2023/01/22 12:52:29 ET
Table 'Garumna II' 6-max Seat #6 is the button
Seat 1: nimzoindia ($2.35 in chips) 
Seat 2: SidneyCrosby8 ($2.08 in chips) 
Seat 3: Lorpugo ($1.67 in chips) 
Seat 4: blchgr ($4.21 in chips) 
Seat 5: KDMan7 ($0.90 in chips) 
Seat 6: Whitewølf ($2.44 in chips) 
nimzoindia: posts small blind $0.01
SidneyCrosby8: posts big blind $0.02
KDMan7: posts big blind $0.02
*** HOLE CARDS ***
Dealt to Lorpugo [6s Ah]
Lorpugo: raises $0.03 to $0.05
blchgr: folds 
KDMan7: calls $0.03
Whitewølf: folds 
nimzoindia: folds 
SidneyCrosby8: folds 
*** FLOP *** [8h 4d Td]
Lorpugo: checks 
KDMan7: checks 
*** TURN *** [8h 4d Td] [2c]
Lorpugo: bets $0.02
KDMan7: calls $0.02
*** RIVER *** [8h 4d Td 2c] [7d]
Lorpugo: checks 
KDMan7: checks 
*** SHOW DOWN ***
Lorpugo: shows [6s Ah] (high card Ace)
KDMan7: mucks hand 
Lorpugo collected $0.16 from pot
*** SUMMARY ***
Total pot $0.17 | Rake $0.01 
Board [8h 4d Td 2c 7d]
Seat 1: nimzoindia (small blind) folded before Flop
Seat 2: SidneyCrosby8 (big blind) folded before Flop
Seat 3: Lorpugo showed [6s Ah] and won ($0.16) with high card Ace
Seat 4: blchgr folded before Flop (didn't bet)
Seat 5: KDMan7 mucked [5h 9c]
Seat 6: Whitewølf (button) folded before Flop (didn't bet)



PokerStars Hand #241322414593:  Hold'em No Limit ($0.01/$0.02 USD) - 2023/01/22 12:53:04 ET
Table 'Garumna II' 6-max Seat #1 is the button
Seat 1: nimzoindia ($2.34 in chips) 
Seat 2: SidneyCrosby8 ($2.06 in chips) 
Seat 3: Lorpugo ($1.76 in chips) 
Seat 4: blchgr ($4.21 in chips) 
Seat 5: KDMan7 ($0.83 in chips) 
Seat 6: Whitewølf ($2.44 in chips) 
SidneyCrosby8: posts small blind $0.01
Lorpugo: posts big blind $0.02
*** HOLE CARDS ***
Dealt to Lorpugo [Kc Qc]
blchgr: folds 
KDMan7: raises $0.05 to $0.07
Whitewølf: folds 
nimzoindia: folds 
SidneyCrosby8: folds 
Lorpugo: raises $0.15 to $0.22
KDMan7: raises $0.61 to $0.83 and is all-in
Lorpugo: calls $0.61
*** FLOP *** [Ad 3h Jc]
*** TURN *** [Ad 3h Jc] [Ah]
*** RIVER *** [Ad 3h Jc Ah] [Jd]
*** SHOW DOWN ***
Lorpugo: shows [Kc Qc] (two pair, Aces and Jacks)
KDMan7: shows [8c Qs] (two pair, Aces and Jacks - lower kicker)
Lorpugo collected $1.61 from pot
*** SUMMARY ***
Total pot $1.67 | Rake $0.06 
Board [Ad 3h Jc Ah Jd]
Seat 1: nimzoindia (button) folded before Flop (didn't bet)
Seat 2: SidneyCrosby8 (small blind) folded before Flop
Seat 3: Lorpugo (big blind) showed [Kc Qc] and won ($1.61) with two pair, Aces and Jacks
Seat 4: blchgr folded before Flop (didn't bet)
Seat 5: KDMan7 showed [8c Qs] and lost with two pair, Aces and Jacks
Seat 6: Whitewølf folded before Flop (didn't bet)



PokerStars Hand #241322436038:  Hold'em No Limit ($0.01/$0.02 USD) - 2023/01/22 12:53:55 ET
Table 'Garumna II' 6-max Seat #2 is the button
Seat 1: nimzoindia ($2.34 in chips) 
Seat 2: SidneyCrosby8 ($2.05 in chips) 
Seat 3: Lorpugo ($2.54 in chips) 
Seat 4: blchgr ($4.21 in chips) 
Seat 6: Whitewølf ($2.44 in chips) 
Lorpugo: posts small blind $0.01
blchgr: posts big blind $0.02
*** HOLE CARDS ***
Dealt to Lorpugo [Jc 4c]
Whitewølf: raises $0.04 to $0.06
nimzoindia: folds 
SidneyCrosby8: folds 
Lorpugo: folds 
KDMan7 leaves the table
blchgr: folds 
Uncalled bet ($0.04) returned to Whitewølf
Whitewølf collected $0.05 from pot
Whitewølf: doesn't show hand 
*** SUMMARY ***
Total pot $0.05 | Rake $0 
Seat 1: nimzoindia folded before Flop (didn't bet)
Seat 2: SidneyCrosby8 (button) folded before Flop (didn't bet)
Seat 3: Lorpugo (small blind) folded before Flop
Seat 4: blchgr (big blind) folded before Flop
Seat 6: Whitewølf collected ($0.05)



PokerStars Hand #241322444196:  Hold'em No Limit ($0.01/$0.02 USD) - 2023/01/22 12:54:15 ET
Table 'Garumna II' 6-max Seat #3 is the button
Seat 1: nimzoindia ($2.34 in chips) 
Seat 2: SidneyCrosby8 ($2.05 in chips) 
Seat 3: Lorpugo ($2.53 in chips) 
Seat 4: blchgr ($4.19 in chips) 
Seat 6: Whitewølf ($2.47 in chips) 
blchgr: posts small blind $0.01
Whitewølf: posts big blind $0.02
*** HOLE CARDS ***
Dealt to Lorpugo [Qh 4s]
nimzoindia: folds 
jugadorx91 joins the table at seat #5 
SidneyCrosby8: raises $0.04 to $0.06
Lorpugo: folds 
blchgr: folds 
Whitewølf: folds 
Uncalled bet ($0.04) returned to SidneyCrosby8
SidneyCrosby8 collected $0.05 from pot
SidneyCrosby8: doesn't show hand 
*** SUMMARY ***
Total pot $0.05 | Rake $0 
Seat 1: nimzoindia folded before Flop (didn't bet)
Seat 2: SidneyCrosby8 collected ($0.05)
Seat 3: Lorpugo (button) folded before Flop (didn't bet)
Seat 4: blchgr (small blind) folded before Flop
Seat 6: Whitewølf (big blind) folded before Flop



PokerStars Hand #241322450825:  Hold'em No Limit ($0.01/$0.02 USD) - 2023/01/22 12:54:31 ET
Table 'Garumna II' 6-max Seat #4 is the button
Seat 1: nimzoindia ($2.34 in chips) 
Seat 2: SidneyCrosby8 ($2.08 in chips) 
Seat 3: Lorpugo ($2.53 in chips) 
Seat 4: blchgr ($4.18 in chips) 
Seat 6: Whitewølf ($2.45 in chips) 
Whitewølf: posts small blind $0.01
nimzoindia: posts big blind $0.02
*** HOLE CARDS ***
Dealt to Lorpugo [6c 9c]
SidneyCrosby8: folds 
Lorpugo: raises $0.02 to $0.04
blchgr: folds 
Whitewølf: calls $0.03
nimzoindia: folds 
*** FLOP *** [6s 7h 2h]
Whitewølf: checks 
Lorpugo: bets $0.07
Whitewølf: folds 
Uncalled bet ($0.07) returned to Lorpugo
Lorpugo collected $0.10 from pot
Lorpugo: doesn't show hand 
*** SUMMARY ***
Total pot $0.10 | Rake $0 
Board [6s 7h 2h]
Seat 1: nimzoindia (big blind) folded before Flop
Seat 2: SidneyCrosby8 folded before Flop (didn't bet)
Seat 3: Lorpugo collected ($0.10)
Seat 4: blchgr (button) folded before Flop (didn't bet)
Seat 6: Whitewølf (small blind) folded on the Flop



PokerStars Hand #241322466526:  Hold'em No Limit ($0.01/$0.02 USD) - 2023/01/22 12:55:08 ET
Table 'Garumna II' 6-max Seat #6 is the button
Seat 1: nimzoindia ($2.32 in chips) 
Seat 2: SidneyCrosby8 ($2.08 in chips) 
Seat 3: Lorpugo ($2.59 in chips) 
Seat 4: blchgr ($4.18 in chips) 
Seat 6: Whitewølf ($2.41 in chips) 
nimzoindia: posts small blind $0.01
SidneyCrosby8: posts big blind $0.02
*** HOLE CARDS ***
Dealt to Lorpugo [2h 9d]
Lorpugo: folds 
blchgr: folds 
Whitewølf: calls $0.02
nimzoindia: calls $0.01
SidneyCrosby8: checks 
*** FLOP *** [Qc Ad As]
nimzoindia: checks 
SidneyCrosby8: checks 
Whitewølf: bets $0.10
nimzoindia: folds 
SidneyCrosby8: folds 
Uncalled bet ($0.10) returned to Whitewølf
Whitewølf collected $0.06 from pot
Whitewølf: doesn't show hand 
*** SUMMARY ***
Total pot $0.06 | Rake $0 
Board [Qc Ad As]
Seat 1: nimzoindia (small blind) folded on the Flop
Seat 2: SidneyCrosby8 (big blind) folded on the Flop
Seat 3: Lorpugo folded before Flop (didn't bet)
Seat 4: blchgr folded before Flop (didn't bet)
Seat 6: Whitewølf (button) collected ($0.06)



PokerStars Hand #241322480284:  Hold'em No Limit ($0.01/$0.02 USD) - 2023/01/22 12:55:55 ET
Table 'Garumna II' 6-max Seat #1 is the button
Seat 1: nimzoindia ($2.30 in chips) 
Seat 2: SidneyCrosby8 ($2.06 in chips) 
Seat 3: Lorpugo ($2.59 in chips) 
Seat 4: blchgr ($4.18 in chips) 
Seat 6: Whitewølf ($2.45 in chips) 
SidneyCrosby8: posts small blind $0.01
Lorpugo: posts big blind $0.02
*** HOLE CARDS ***
Dealt to Lorpugo [Ah 8d]
blchgr: folds 
Whitewølf: folds 
nimzoindia: folds 
SidneyCrosby8: raises $0.04 to $0.06
Lorpugo: calls $0.04
*** FLOP *** [Kd Qc 8s]
SidneyCrosby8: checks 
Lorpugo: bets $0.02
SidneyCrosby8: folds 
Uncalled bet ($0.02) returned to Lorpugo
Lorpugo collected $0.12 from pot
Lorpugo: doesn't show hand 
*** SUMMARY ***
Total pot $0.12 | Rake $0 
Board [Kd Qc 8s]
Seat 1: nimzoindia (button) folded before Flop (didn't bet)
Seat 2: SidneyCrosby8 (small blind) folded on the Flop
Seat 3: Lorpugo (big blind) collected ($0.12)
Seat 4: blchgr folded before Flop (didn't bet)
Seat 6: Whitewølf folded before Flop (didn't bet)



PokerStars Hand #241322488014:  Hold'em No Limit ($0.01/$0.02 USD) - 2023/01/22 12:56:22 ET
Table 'Garumna II' 6-max Seat #2 is the button
Seat 1: nimzoindia ($2.30 in chips) 
Seat 2: SidneyCrosby8 ($2 in chips) 
Seat 3: Lorpugo ($2.65 in chips) 
Seat 4: blchgr ($4.18 in chips) 
Seat 6: Whitewølf ($2.45 in chips) 
Lorpugo: posts small blind $0.01
blchgr: posts big blind $0.02
*** HOLE CARDS ***
Dealt to Lorpugo [7s Kd]
Whitewølf: folds 
nimzoindia: folds 
SidneyCrosby8: folds 
Lorpugo: raises $0.03 to $0.05
blchgr: calls $0.03
*** FLOP *** [5c Kh 4c]
Lorpugo: bets $0.05
blchgr: folds 
Uncalled bet ($0.05) returned to Lorpugo
Lorpugo collected $0.10 from pot
Lorpugo: doesn't show hand 
*** SUMMARY ***
Total pot $0.10 | Rake $0 
Board [5c Kh 4c]
Seat 1: nimzoindia folded before Flop (didn't bet)
Seat 2: SidneyCrosby8 (button) folded before Flop (didn't bet)
Seat 3: Lorpugo (small blind) collected ($0.10)
Seat 4: blchgr (big blind) folded on the Flop
Seat 6: Whitewølf folded before Flop (didn't bet)



PokerStars Hand #241322500470:  Hold'em No Limit ($0.01/$0.02 USD) - 2023/01/22 12:57:05 ET
Table 'Garumna II' 6-max Seat #3 is the button
Seat 1: nimzoindia ($2.30 in chips) 
Seat 2: SidneyCrosby8 ($2 in chips) 
Seat 3: Lorpugo ($2.70 in chips) 
Seat 4: blchgr ($4.13 in chips) 
Seat 5: jugadorx91 ($2 in chips) 
blchgr: posts small blind $0.01
jugadorx91: posts big blind $0.02
*** HOLE CARDS ***
Dealt to Lorpugo [8d Ts]
nimzoindia: folds 
SidneyCrosby8: folds 
Lorpugo: raises $0.03 to $0.05
blchgr: folds 
jugadorx91 has timed out
jugadorx91: folds 
Uncalled bet ($0.03) returned to Lorpugo
Lorpugo collected $0.05 from pot
Lorpugo: doesn't show hand 
*** SUMMARY ***
Total pot $0.05 | Rake $0 
Seat 1: nimzoindia folded before Flop (didn't bet)
Seat 2: SidneyCrosby8 folded before Flop (didn't bet)
Seat 3: Lorpugo (button) collected ($0.05)
Seat 4: blchgr (small blind) folded before Flop
Seat 5: jugadorx91 (big blind) folded before Flop



PokerStars Hand #241322515059:  Hold'em No Limit ($0.01/$0.02 USD) - 2023/01/22 12:57:56 ET
Table 'Garumna II' 6-max Seat #4 is the button
Seat 1: nimzoindia ($2.30 in chips) 
Seat 2: SidneyCrosby8 ($2 in chips) 
Seat 3: Lorpugo ($2.73 in chips) 
Seat 4: blchgr ($4.12 in chips) 
nimzoindia: posts small blind $0.01
SidneyCrosby8: posts big blind $0.02
*** HOLE CARDS ***
Dealt to Lorpugo [3h 9h]
Lorpugo: folds 
blchgr: folds 
nimzoindia: raises $0.02 to $0.04
SidneyCrosby8: calls $0.02
*** FLOP *** [8d Ks Kc]
nimzoindia: checks 
SidneyCrosby8: bets $0.04
nimzoindia: folds 
Uncalled bet ($0.04) returned to SidneyCrosby8
SidneyCrosby8 collected $0.08 from pot
SidneyCrosby8: doesn't show hand 
*** SUMMARY ***
Total pot $0.08 | Rake $0 
Board [8d Ks Kc]
Seat 1: nimzoindia (small blind) folded on the Flop
Seat 2: SidneyCrosby8 (big blind) collected ($0.08)
Seat 3: Lorpugo folded before Flop (didn't bet)
Seat 4: blchgr (button) folded before Flop (didn't bet)



