PokerStars Hand #241345135714:  Hold'em No Limit ($0.01/$0.02 USD) - 2023/01/23 13:05:58 ET
Table 'Wurm II' 6-max Seat #1 is the button
Seat 1: donrux_mocrym ($3.90 in chips) 
Seat 2: jrenatom2002 ($2.55 in chips) 
Seat 3: Lorpugo ($1.60 in chips) 
Seat 5: Kay5380 ($2.47 in chips) 
Seat 6: Soul Bro ($1.23 in chips) 
jrenatom2002: posts small blind $0.01
Lorpugo: posts big blind $0.02
*** HOLE CARDS ***
Dealt to Lorpugo [6h 5c]
Kay5380: folds 
Soul Bro: folds 
donrux_mocrym: folds 
jrenatom2002: calls $0.01
Lorpugo: checks 
*** FLOP *** [2s As Tc]
jrenatom2002: checks 
Lorpugo: checks 
*** TURN *** [2s As Tc] [9d]
jrenatom2002: checks 
Lorpugo: checks 
*** RIVER *** [2s As Tc 9d] [2c]
jrenatom2002: bets $0.32
Lorpugo: folds 
Uncalled bet ($0.32) returned to jrenatom2002
jrenatom2002 collected $0.04 from pot
*** SUMMARY ***
Total pot $0.04 | Rake $0 
Board [2s As Tc 9d 2c]
Seat 1: donrux_mocrym (button) folded before Flop (didn't bet)
Seat 2: jrenatom2002 (small blind) collected ($0.04)
Seat 3: Lorpugo (big blind) folded on the River
Seat 5: Kay5380 folded before Flop (didn't bet)
Seat 6: Soul Bro folded before Flop (didn't bet)



PokerStars Hand #241345149306:  Hold'em No Limit ($0.01/$0.02 USD) - 2023/01/23 13:06:35 ET
Table 'Wurm II' 6-max Seat #2 is the button
Seat 1: donrux_mocrym ($3.90 in chips) 
Seat 2: jrenatom2002 ($2.57 in chips) 
Seat 3: Lorpugo ($1.58 in chips) 
Seat 4: ChristopherDang ($2 in chips) 
Seat 5: Kay5380 ($2.47 in chips) 
Seat 6: Soul Bro ($1.23 in chips) 
Lorpugo: posts small blind $0.01
ChristopherDang: posts big blind $0.02
*** HOLE CARDS ***
Dealt to Lorpugo [Jh Ac]
Kay5380: folds 
Soul Bro: raises $0.04 to $0.06
donrux_mocrym: folds 
jrenatom2002: folds 
Lorpugo: raises $0.14 to $0.20
ChristopherDang: folds 
Soul Bro: calls $0.14
*** FLOP *** [5h 2h Kd]
Lorpugo: bets $0.21
Soul Bro: folds 
Uncalled bet ($0.21) returned to Lorpugo
Lorpugo collected $0.41 from pot
Lorpugo: doesn't show hand 
*** SUMMARY ***
Total pot $0.42 | Rake $0.01 
Board [5h 2h Kd]
Seat 1: donrux_mocrym folded before Flop (didn't bet)
Seat 2: jrenatom2002 (button) folded before Flop (didn't bet)
Seat 3: Lorpugo (small blind) collected ($0.41)
Seat 4: ChristopherDang (big blind) folded before Flop
Seat 5: Kay5380 folded before Flop (didn't bet)
Seat 6: Soul Bro folded on the Flop



PokerStars Hand #241345165150:  Hold'em No Limit ($0.01/$0.02 USD) - 2023/01/23 13:07:18 ET
Table 'Wurm II' 6-max Seat #3 is the button
Seat 1: donrux_mocrym ($3.90 in chips) 
Seat 2: jrenatom2002 ($2.57 in chips) 
Seat 3: Lorpugo ($1.79 in chips) 
Seat 4: ChristopherDang ($1.98 in chips) 
Seat 5: Kay5380 ($2.47 in chips) 
Seat 6: Soul Bro ($1.03 in chips) 
ChristopherDang: posts small blind $0.01
Kay5380: posts big blind $0.02
*** HOLE CARDS ***
Dealt to Lorpugo [Kd 2d]
Soul Bro: calls $0.02
donrux_mocrym: raises $0.06 to $0.08
jrenatom2002: folds 
Lorpugo: folds 
ChristopherDang: folds 
Kay5380: folds 
Soul Bro: calls $0.06
*** FLOP *** [8s Qc 6c]
Soul Bro: checks 
donrux_mocrym: bets $0.09
Soul Bro: calls $0.09
*** TURN *** [8s Qc 6c] [Ac]
Soul Bro: checks 
donrux_mocrym: bets $0.18
Soul Bro: folds 
Uncalled bet ($0.18) returned to donrux_mocrym
donrux_mocrym collected $0.36 from pot
*** SUMMARY ***
Total pot $0.37 | Rake $0.01 
Board [8s Qc 6c Ac]
Seat 1: donrux_mocrym collected ($0.36)
Seat 2: jrenatom2002 folded before Flop (didn't bet)
Seat 3: Lorpugo (button) folded before Flop (didn't bet)
Seat 4: ChristopherDang (small blind) folded before Flop
Seat 5: Kay5380 (big blind) folded before Flop
Seat 6: Soul Bro folded on the Turn



PokerStars Hand #241345185159:  Hold'em No Limit ($0.01/$0.02 USD) - 2023/01/23 13:08:13 ET
Table 'Wurm II' 6-max Seat #4 is the button
Seat 1: donrux_mocrym ($4.09 in chips) 
Seat 2: jrenatom2002 ($2.57 in chips) 
Seat 3: Lorpugo ($1.79 in chips) 
Seat 4: ChristopherDang ($1.97 in chips) 
Seat 5: Kay5380 ($2.45 in chips) 
Seat 6: Soul Bro ($0.86 in chips) 
Kay5380: posts small blind $0.01
Soul Bro: posts big blind $0.02
*** HOLE CARDS ***
Dealt to Lorpugo [As 7s]
donrux_mocrym: folds 
jrenatom2002: calls $0.02
Lorpugo: raises $0.07 to $0.09
ChristopherDang: folds 
Kay5380: folds 
Soul Bro: folds 
jrenatom2002: calls $0.07
*** FLOP *** [2h 9h 6s]
jrenatom2002: checks 
Lorpugo: bets $0.10
jrenatom2002: folds 
Uncalled bet ($0.10) returned to Lorpugo
Lorpugo collected $0.20 from pot
Lorpugo: doesn't show hand 
*** SUMMARY ***
Total pot $0.21 | Rake $0.01 
Board [2h 9h 6s]
Seat 1: donrux_mocrym folded before Flop (didn't bet)
Seat 2: jrenatom2002 folded on the Flop
Seat 3: Lorpugo collected ($0.20)
Seat 4: ChristopherDang (button) folded before Flop (didn't bet)
Seat 5: Kay5380 (small blind) folded before Flop
Seat 6: Soul Bro (big blind) folded before Flop



PokerStars Hand #241345198220:  Hold'em No Limit ($0.01/$0.02 USD) - 2023/01/23 13:08:48 ET
Table 'Wurm II' 6-max Seat #5 is the button
Seat 1: donrux_mocrym ($4.09 in chips) 
Seat 2: jrenatom2002 ($2.48 in chips) 
Seat 3: Lorpugo ($1.90 in chips) 
Seat 4: ChristopherDang ($1.97 in chips) 
Seat 5: Kay5380 ($2.44 in chips) 
Seat 6: Soul Bro ($0.84 in chips) 
Soul Bro: posts small blind $0.01
donrux_mocrym: posts big blind $0.02
*** HOLE CARDS ***
Dealt to Lorpugo [Kh Td]
jrenatom2002: folds 
Lorpugo: folds 
ChristopherDang: folds 
Kay5380: raises $0.03 to $0.05
Soul Bro: calls $0.04
donrux_mocrym: calls $0.03
*** FLOP *** [Qh Jd Kc]
Soul Bro: checks 
donrux_mocrym: checks 
Kay5380: checks 
*** TURN *** [Qh Jd Kc] [9s]
Soul Bro: checks 
donrux_mocrym: bets $0.07
Kay5380: folds 
Soul Bro: calls $0.07
*** RIVER *** [Qh Jd Kc 9s] [8c]
Soul Bro: checks 
donrux_mocrym: bets $0.14
Soul Bro: calls $0.14
*** SHOW DOWN ***
donrux_mocrym: shows [5c Qc] (a pair of Queens)
Soul Bro: shows [8s 9c] (two pair, Nines and Eights)
Soul Bro collected $0.55 from pot
*** SUMMARY ***
Total pot $0.57 | Rake $0.02 
Board [Qh Jd Kc 9s 8c]
Seat 1: donrux_mocrym (big blind) showed [5c Qc] and lost with a pair of Queens
Seat 2: jrenatom2002 folded before Flop (didn't bet)
Seat 3: Lorpugo folded before Flop (didn't bet)
Seat 4: ChristopherDang folded before Flop (didn't bet)
Seat 5: Kay5380 (button) folded on the Turn
Seat 6: Soul Bro (small blind) showed [8s 9c] and won ($0.55) with two pair, Nines and Eights



PokerStars Hand #241345222125:  Hold'em No Limit ($0.01/$0.02 USD) - 2023/01/23 13:09:54 ET
Table 'Wurm II' 6-max Seat #6 is the button
Seat 1: donrux_mocrym ($3.83 in chips) 
Seat 2: jrenatom2002 ($2.48 in chips) 
Seat 3: Lorpugo ($1.90 in chips) 
Seat 4: ChristopherDang ($1.97 in chips) 
Seat 5: Kay5380 ($2.39 in chips) 
Seat 6: Soul Bro ($1.13 in chips) 
donrux_mocrym: posts small blind $0.01
jrenatom2002: posts big blind $0.02
*** HOLE CARDS ***
Dealt to Lorpugo [Ad 2s]
Lorpugo: folds 
ChristopherDang: folds 
Kay5380: folds 
Soul Bro: calls $0.02
donrux_mocrym: raises $0.06 to $0.08
jrenatom2002: folds 
Soul Bro: folds 
Uncalled bet ($0.06) returned to donrux_mocrym
donrux_mocrym collected $0.06 from pot
*** SUMMARY ***
Total pot $0.06 | Rake $0 
Seat 1: donrux_mocrym (small blind) collected ($0.06)
Seat 2: jrenatom2002 (big blind) folded before Flop
Seat 3: Lorpugo folded before Flop (didn't bet)
Seat 4: ChristopherDang folded before Flop (didn't bet)
Seat 5: Kay5380 folded before Flop (didn't bet)
Seat 6: Soul Bro (button) folded before Flop



PokerStars Hand #241345234179:  Hold'em No Limit ($0.01/$0.02 USD) - 2023/01/23 13:10:26 ET
Table 'Wurm II' 6-max Seat #1 is the button
Seat 1: donrux_mocrym ($3.87 in chips) 
Seat 2: jrenatom2002 ($2.46 in chips) 
Seat 3: Lorpugo ($1.90 in chips) 
Seat 4: ChristopherDang ($1.97 in chips) 
Seat 5: Kay5380 ($2.39 in chips) 
Seat 6: Soul Bro ($1.11 in chips) 
jrenatom2002: posts small blind $0.01
Lorpugo: posts big blind $0.02
*** HOLE CARDS ***
Dealt to Lorpugo [Qc Tc]
ChristopherDang: folds 
Kay5380: folds 
Soul Bro: folds 
donrux_mocrym: raises $0.04 to $0.06
jrenatom2002: calls $0.05
Lorpugo: calls $0.04
*** FLOP *** [Js 4s 5h]
jrenatom2002: checks 
Lorpugo: checks 
donrux_mocrym: bets $0.09
jrenatom2002: folds 
Lorpugo: folds 
Uncalled bet ($0.09) returned to donrux_mocrym
donrux_mocrym collected $0.17 from pot
*** SUMMARY ***
Total pot $0.18 | Rake $0.01 
Board [Js 4s 5h]
Seat 1: donrux_mocrym (button) collected ($0.17)
Seat 2: jrenatom2002 (small blind) folded on the Flop
Seat 3: Lorpugo (big blind) folded on the Flop
Seat 4: ChristopherDang folded before Flop (didn't bet)
Seat 5: Kay5380 folded before Flop (didn't bet)
Seat 6: Soul Bro folded before Flop (didn't bet)



PokerStars Hand #241345251935:  Hold'em No Limit ($0.01/$0.02 USD) - 2023/01/23 13:11:14 ET
Table 'Wurm II' 6-max Seat #2 is the button
Seat 1: donrux_mocrym ($3.98 in chips) 
Seat 2: jrenatom2002 ($2.40 in chips) 
Seat 3: Lorpugo ($1.84 in chips) 
Seat 4: ChristopherDang ($1.97 in chips) 
Seat 5: Kay5380 ($2.39 in chips) 
Seat 6: Soul Bro ($1.11 in chips) 
Lorpugo: posts small blind $0.01
ChristopherDang: posts big blind $0.02
*** HOLE CARDS ***
Dealt to Lorpugo [Qs Ks]
Kay5380: folds 
Soul Bro: folds 
donrux_mocrym: folds 
jrenatom2002: folds 
Lorpugo: raises $0.03 to $0.05
ChristopherDang: folds 
Uncalled bet ($0.03) returned to Lorpugo
Lorpugo collected $0.04 from pot
Lorpugo: doesn't show hand 
*** SUMMARY ***
Total pot $0.04 | Rake $0 
Seat 1: donrux_mocrym folded before Flop (didn't bet)
Seat 2: jrenatom2002 (button) folded before Flop (didn't bet)
Seat 3: Lorpugo (small blind) collected ($0.04)
Seat 4: ChristopherDang (big blind) folded before Flop
Seat 5: Kay5380 folded before Flop (didn't bet)
Seat 6: Soul Bro folded before Flop (didn't bet)



PokerStars Hand #241345259777:  Hold'em No Limit ($0.01/$0.02 USD) - 2023/01/23 13:11:36 ET
Table 'Wurm II' 6-max Seat #3 is the button
Seat 1: donrux_mocrym ($3.98 in chips) 
Seat 2: jrenatom2002 ($2.40 in chips) 
Seat 3: Lorpugo ($1.86 in chips) 
Seat 4: ChristopherDang ($1.95 in chips) 
Seat 5: Kay5380 ($2.39 in chips) 
Seat 6: Soul Bro ($1.11 in chips) 
ChristopherDang: posts small blind $0.01
Kay5380: posts big blind $0.02
*** HOLE CARDS ***
Dealt to Lorpugo [2h As]
Soul Bro: folds 
donrux_mocrym: folds 
jrenatom2002: folds 
Lorpugo: raises $0.03 to $0.05
ChristopherDang: folds 
Kay5380: folds 
Uncalled bet ($0.03) returned to Lorpugo
Lorpugo collected $0.05 from pot
Lorpugo: doesn't show hand 
*** SUMMARY ***
Total pot $0.05 | Rake $0 
Seat 1: donrux_mocrym folded before Flop (didn't bet)
Seat 2: jrenatom2002 folded before Flop (didn't bet)
Seat 3: Lorpugo (button) collected ($0.05)
Seat 4: ChristopherDang (small blind) folded before Flop
Seat 5: Kay5380 (big blind) folded before Flop
Seat 6: Soul Bro folded before Flop (didn't bet)



PokerStars Hand #241345266227:  Hold'em No Limit ($0.01/$0.02 USD) - 2023/01/23 13:11:53 ET
Table 'Wurm II' 6-max Seat #4 is the button
Seat 1: donrux_mocrym ($3.98 in chips) 
Seat 2: jrenatom2002 ($2.40 in chips) 
Seat 3: Lorpugo ($1.89 in chips) 
Seat 4: ChristopherDang ($1.94 in chips) 
Seat 5: Kay5380 ($2.37 in chips) 
Seat 6: Soul Bro ($1.11 in chips) 
Kay5380: posts small blind $0.01
Soul Bro: posts big blind $0.02
*** HOLE CARDS ***
Dealt to Lorpugo [5c Qs]
donrux_mocrym: folds 
jrenatom2002: folds 
Lorpugo: folds 
ChristopherDang: raises $0.04 to $0.06
Kay5380: raises $0.18 to $0.24
Soul Bro: folds 
ChristopherDang: folds 
Uncalled bet ($0.18) returned to Kay5380
Kay5380 collected $0.14 from pot
Kay5380: doesn't show hand 
*** SUMMARY ***
Total pot $0.14 | Rake $0 
Seat 1: donrux_mocrym folded before Flop (didn't bet)
Seat 2: jrenatom2002 folded before Flop (didn't bet)
Seat 3: Lorpugo folded before Flop (didn't bet)
Seat 4: ChristopherDang (button) folded before Flop
Seat 5: Kay5380 (small blind) collected ($0.14)
Seat 6: Soul Bro (big blind) folded before Flop



PokerStars Hand #241345273444:  Hold'em No Limit ($0.01/$0.02 USD) - 2023/01/23 13:12:12 ET
Table 'Wurm II' 6-max Seat #5 is the button
Seat 1: donrux_mocrym ($3.98 in chips) 
Seat 2: jrenatom2002 ($2.40 in chips) 
Seat 3: Lorpugo ($1.89 in chips) 
Seat 4: ChristopherDang ($1.88 in chips) 
Seat 5: Kay5380 ($2.45 in chips) 
Seat 6: Soul Bro ($1.09 in chips) 
Soul Bro: posts small blind $0.01
donrux_mocrym: posts big blind $0.02
*** HOLE CARDS ***
Dealt to Lorpugo [8s 4h]
jrenatom2002: calls $0.02
Lorpugo: folds 
ChristopherDang: folds 
Kay5380: folds 
Soul Bro: calls $0.01
donrux_mocrym: checks 
*** FLOP *** [3s Qs Jh]
Soul Bro: checks 
donrux_mocrym: checks 
jrenatom2002: bets $0.20
Soul Bro: folds 
donrux_mocrym: folds 
Uncalled bet ($0.20) returned to jrenatom2002
jrenatom2002 collected $0.06 from pot
*** SUMMARY ***
Total pot $0.06 | Rake $0 
Board [3s Qs Jh]
Seat 1: donrux_mocrym (big blind) folded on the Flop
Seat 2: jrenatom2002 collected ($0.06)
Seat 3: Lorpugo folded before Flop (didn't bet)
Seat 4: ChristopherDang folded before Flop (didn't bet)
Seat 5: Kay5380 (button) folded before Flop (didn't bet)
Seat 6: Soul Bro (small blind) folded on the Flop



PokerStars Hand #241345284079:  Hold'em No Limit ($0.01/$0.02 USD) - 2023/01/23 13:12:41 ET
Table 'Wurm II' 6-max Seat #6 is the button
Seat 1: donrux_mocrym ($3.96 in chips) 
Seat 2: jrenatom2002 ($2.44 in chips) 
Seat 3: Lorpugo ($1.89 in chips) 
Seat 4: ChristopherDang ($1.88 in chips) 
Seat 5: Kay5380 ($2.45 in chips) 
Seat 6: Soul Bro ($1.07 in chips) 
donrux_mocrym: posts small blind $0.01
jrenatom2002: posts big blind $0.02
*** HOLE CARDS ***
Dealt to Lorpugo [8h 4h]
Lorpugo: folds 
ChristopherDang: folds 
Kay5380: folds 
Soul Bro: raises $0.06 to $0.08
donrux_mocrym: folds 
jrenatom2002: folds 
Uncalled bet ($0.06) returned to Soul Bro
Soul Bro collected $0.05 from pot
Soul Bro: doesn't show hand 
*** SUMMARY ***
Total pot $0.05 | Rake $0 
Seat 1: donrux_mocrym (small blind) folded before Flop
Seat 2: jrenatom2002 (big blind) folded before Flop
Seat 3: Lorpugo folded before Flop (didn't bet)
Seat 4: ChristopherDang folded before Flop (didn't bet)
Seat 5: Kay5380 folded before Flop (didn't bet)
Seat 6: Soul Bro (button) collected ($0.05)



PokerStars Hand #241345298296:  Hold'em No Limit ($0.01/$0.02 USD) - 2023/01/23 13:13:19 ET
Table 'Wurm II' 6-max Seat #1 is the button
Seat 1: donrux_mocrym ($3.95 in chips) 
Seat 2: jrenatom2002 ($2.42 in chips) 
Seat 3: Lorpugo ($1.89 in chips) 
Seat 4: ChristopherDang ($1.88 in chips) 
Seat 5: Kay5380 ($2.45 in chips) 
Seat 6: Soul Bro ($1.10 in chips) 
jrenatom2002: posts small blind $0.01
Lorpugo: posts big blind $0.02
*** HOLE CARDS ***
Dealt to Lorpugo [8c Ks]
ChristopherDang: raises $0.04 to $0.06
Kay5380: folds 
Soul Bro: folds 
donrux_mocrym: folds 
jrenatom2002: folds 
Lorpugo: folds 
Uncalled bet ($0.04) returned to ChristopherDang
ChristopherDang collected $0.05 from pot
ChristopherDang: doesn't show hand 
*** SUMMARY ***
Total pot $0.05 | Rake $0 
Seat 1: donrux_mocrym (button) folded before Flop (didn't bet)
Seat 2: jrenatom2002 (small blind) folded before Flop
Seat 3: Lorpugo (big blind) folded before Flop
Seat 4: ChristopherDang collected ($0.05)
Seat 5: Kay5380 folded before Flop (didn't bet)
Seat 6: Soul Bro folded before Flop (didn't bet)



PokerStars Hand #241345302794:  Hold'em No Limit ($0.01/$0.02 USD) - 2023/01/23 13:13:31 ET
Table 'Wurm II' 6-max Seat #2 is the button
Seat 1: donrux_mocrym ($3.95 in chips) 
Seat 2: jrenatom2002 ($2.41 in chips) 
Seat 3: Lorpugo ($1.87 in chips) 
Seat 4: ChristopherDang ($1.91 in chips) 
Seat 5: Kay5380 ($2.45 in chips) 
Seat 6: Soul Bro ($1.10 in chips) 
Lorpugo: posts small blind $0.01
ChristopherDang: posts big blind $0.02
*** HOLE CARDS ***
Dealt to Lorpugo [Ah 8c]
Kay5380: folds 
Soul Bro: folds 
donrux_mocrym: folds 
jrenatom2002: folds 
Lorpugo: raises $0.03 to $0.05
ChristopherDang: raises $0.11 to $0.16
Lorpugo: calls $0.11
*** FLOP *** [5d Jd 7d]
Lorpugo: checks 
ChristopherDang: bets $0.18
Lorpugo: folds 
Uncalled bet ($0.18) returned to ChristopherDang
ChristopherDang collected $0.31 from pot
ChristopherDang: doesn't show hand 
*** SUMMARY ***
Total pot $0.32 | Rake $0.01 
Board [5d Jd 7d]
Seat 1: donrux_mocrym folded before Flop (didn't bet)
Seat 2: jrenatom2002 (button) folded before Flop (didn't bet)
Seat 3: Lorpugo (small blind) folded on the Flop
Seat 4: ChristopherDang (big blind) collected ($0.31)
Seat 5: Kay5380 folded before Flop (didn't bet)
Seat 6: Soul Bro folded before Flop (didn't bet)



PokerStars Hand #241345317183:  Hold'em No Limit ($0.01/$0.02 USD) - 2023/01/23 13:14:10 ET
Table 'Wurm II' 6-max Seat #3 is the button
Seat 1: donrux_mocrym ($3.95 in chips) 
Seat 2: jrenatom2002 ($2.41 in chips) 
Seat 3: Lorpugo ($1.71 in chips) 
Seat 4: ChristopherDang ($2.06 in chips) 
Seat 5: Kay5380 ($2.45 in chips) 
Seat 6: Soul Bro ($1.10 in chips) 
ChristopherDang: posts small blind $0.01
Kay5380: posts big blind $0.02
*** HOLE CARDS ***
Dealt to Lorpugo [Js 2d]
Soul Bro: folds 
donrux_mocrym: folds 
jrenatom2002: folds 
Lorpugo: folds 
ChristopherDang: folds 
Uncalled bet ($0.01) returned to Kay5380
Kay5380 collected $0.02 from pot
Kay5380: doesn't show hand 
*** SUMMARY ***
Total pot $0.02 | Rake $0 
Seat 1: donrux_mocrym folded before Flop (didn't bet)
Seat 2: jrenatom2002 folded before Flop (didn't bet)
Seat 3: Lorpugo (button) folded before Flop (didn't bet)
Seat 4: ChristopherDang (small blind) folded before Flop
Seat 5: Kay5380 (big blind) collected ($0.02)
Seat 6: Soul Bro folded before Flop (didn't bet)



PokerStars Hand #241345322435:  Hold'em No Limit ($0.01/$0.02 USD) - 2023/01/23 13:14:23 ET
Table 'Wurm II' 6-max Seat #4 is the button
Seat 1: donrux_mocrym ($3.95 in chips) 
Seat 2: jrenatom2002 ($2.41 in chips) 
Seat 3: Lorpugo ($1.71 in chips) 
Seat 4: ChristopherDang ($2.05 in chips) 
Seat 5: Kay5380 ($2.46 in chips) 
Seat 6: Soul Bro ($1.10 in chips) 
Kay5380: posts small blind $0.01
Soul Bro: posts big blind $0.02
*** HOLE CARDS ***
Dealt to Lorpugo [Qc 6c]
donrux_mocrym: folds 
jrenatom2002: folds 
Lorpugo: folds 
ChristopherDang: raises $0.04 to $0.06
Kay5380: folds 
Soul Bro: calls $0.04
*** FLOP *** [3d 8d 3s]
Soul Bro: checks 
ChristopherDang: bets $0.07
Soul Bro: folds 
Uncalled bet ($0.07) returned to ChristopherDang
ChristopherDang collected $0.13 from pot
ChristopherDang: doesn't show hand 
*** SUMMARY ***
Total pot $0.13 | Rake $0 
Board [3d 8d 3s]
Seat 1: donrux_mocrym folded before Flop (didn't bet)
Seat 2: jrenatom2002 folded before Flop (didn't bet)
Seat 3: Lorpugo folded before Flop (didn't bet)
Seat 4: ChristopherDang (button) collected ($0.13)
Seat 5: Kay5380 (small blind) folded before Flop
Seat 6: Soul Bro (big blind) folded on the Flop



PokerStars Hand #241345330602:  Hold'em No Limit ($0.01/$0.02 USD) - 2023/01/23 13:14:45 ET
Table 'Wurm II' 6-max Seat #5 is the button
Seat 1: donrux_mocrym ($3.95 in chips) 
Seat 2: jrenatom2002 ($2.41 in chips) 
Seat 3: Lorpugo ($1.71 in chips) 
Seat 4: ChristopherDang ($2.12 in chips) 
Seat 5: Kay5380 ($2.45 in chips) 
Seat 6: Soul Bro ($1.04 in chips) 
Soul Bro: posts small blind $0.01
donrux_mocrym: posts big blind $0.02
*** HOLE CARDS ***
Dealt to Lorpugo [4h Tc]
jrenatom2002 is disconnected 
jrenatom2002 has timed out while being disconnected
jrenatom2002: folds 
Lorpugo: folds 
ChristopherDang: folds 
Kay5380: folds 
Soul Bro: calls $0.01
donrux_mocrym: checks 
*** FLOP *** [Ah 7d 9s]
Soul Bro: checks 
donrux_mocrym: checks 
*** TURN *** [Ah 7d 9s] [4c]
Soul Bro: checks 
donrux_mocrym: bets $0.02
Soul Bro: folds 
Uncalled bet ($0.02) returned to donrux_mocrym
donrux_mocrym collected $0.04 from pot
*** SUMMARY ***
Total pot $0.04 | Rake $0 
Board [Ah 7d 9s 4c]
Seat 1: donrux_mocrym (big blind) collected ($0.04)
Seat 2: jrenatom2002 folded before Flop (didn't bet)
Seat 3: Lorpugo folded before Flop (didn't bet)
Seat 4: ChristopherDang folded before Flop (didn't bet)
Seat 5: Kay5380 (button) folded before Flop (didn't bet)
Seat 6: Soul Bro (small blind) folded on the Turn



PokerStars Hand #241345355766:  Hold'em No Limit ($0.01/$0.02 USD) - 2023/01/23 13:15:51 ET
Table 'Wurm II' 6-max Seat #6 is the button
Seat 1: donrux_mocrym ($3.97 in chips) 
Seat 2: jrenatom2002 ($2.41 in chips) 
Seat 3: Lorpugo ($1.71 in chips) 
Seat 4: ChristopherDang ($2.12 in chips) 
Seat 5: Kay5380 ($2.45 in chips) 
Seat 6: Soul Bro ($1.02 in chips) 
donrux_mocrym: posts small blind $0.01
jrenatom2002: posts big blind $0.02
*** HOLE CARDS ***
Dealt to Lorpugo [Ah 3c]
Lorpugo: folds 
ChristopherDang: folds 
Kay5380: folds 
Soul Bro: calls $0.02
donrux_mocrym: raises $0.06 to $0.08
jrenatom2002: calls $0.06
Soul Bro: calls $0.06
*** FLOP *** [2c Kc 5d]
donrux_mocrym: bets $0.12
jrenatom2002: calls $0.12
Soul Bro: calls $0.12
*** TURN *** [2c Kc 5d] [Qs]
donrux_mocrym: checks 
jrenatom2002: bets $0.20
Soul Bro: folds 
donrux_mocrym: folds 
Uncalled bet ($0.20) returned to jrenatom2002
jrenatom2002 collected $0.58 from pot
*** SUMMARY ***
Total pot $0.60 | Rake $0.02 
Board [2c Kc 5d Qs]
Seat 1: donrux_mocrym (small blind) folded on the Turn
Seat 2: jrenatom2002 (big blind) collected ($0.58)
Seat 3: Lorpugo folded before Flop (didn't bet)
Seat 4: ChristopherDang folded before Flop (didn't bet)
Seat 5: Kay5380 folded before Flop (didn't bet)
Seat 6: Soul Bro (button) folded on the Turn



PokerStars Hand #241345373328:  Hold'em No Limit ($0.01/$0.02 USD) - 2023/01/23 13:16:38 ET
Table 'Wurm II' 6-max Seat #1 is the button
Seat 1: donrux_mocrym ($3.77 in chips) 
Seat 2: jrenatom2002 ($2.79 in chips) 
Seat 3: Lorpugo ($1.71 in chips) 
Seat 4: ChristopherDang ($2.12 in chips) 
Seat 5: Kay5380 ($2.45 in chips) 
Seat 6: Soul Bro ($0.82 in chips) 
jrenatom2002: posts small blind $0.01
Lorpugo: posts big blind $0.02
*** HOLE CARDS ***
Dealt to Lorpugo [3h 7s]
ChristopherDang: folds 
Kay5380: folds 
Soul Bro: folds 
donrux_mocrym: folds 
Soul Bro leaves the table
jrenatom2002: calls $0.01
Lorpugo: checks 
*** FLOP *** [5h Kd Qs]
Mister-Bik joins the table at seat #6 
jrenatom2002: checks 
Lorpugo: checks 
*** TURN *** [5h Kd Qs] [6s]
jrenatom2002: checks 
Lorpugo: bets $0.06
jrenatom2002: folds 
Uncalled bet ($0.06) returned to Lorpugo
Lorpugo collected $0.04 from pot
Lorpugo: doesn't show hand 
*** SUMMARY ***
Total pot $0.04 | Rake $0 
Board [5h Kd Qs 6s]
Seat 1: donrux_mocrym (button) folded before Flop (didn't bet)
Seat 2: jrenatom2002 (small blind) folded on the Turn
Seat 3: Lorpugo (big blind) collected ($0.04)
Seat 4: ChristopherDang folded before Flop (didn't bet)
Seat 5: Kay5380 folded before Flop (didn't bet)
Seat 6: Soul Bro folded before Flop (didn't bet)



PokerStars Hand #241345388312:  Hold'em No Limit ($0.01/$0.02 USD) - 2023/01/23 13:17:18 ET
Table 'Wurm II' 6-max Seat #2 is the button
Seat 1: donrux_mocrym ($3.77 in chips) 
Seat 2: jrenatom2002 ($2.77 in chips) 
Seat 3: Lorpugo ($1.73 in chips) 
Seat 4: ChristopherDang ($2.12 in chips) 
Seat 5: Kay5380 ($2.45 in chips) 
Seat 6: Mister-Bik ($2 in chips) 
Lorpugo: posts small blind $0.01
ChristopherDang: posts big blind $0.02
Mister-Bik: posts big blind $0.02
*** HOLE CARDS ***
Dealt to Lorpugo [3c Qs]
Kay5380: folds 
Mister-Bik: raises $0.04 to $0.06
donrux_mocrym: folds 
jrenatom2002: folds 
Lorpugo: folds 
ChristopherDang: folds 
Uncalled bet ($0.04) returned to Mister-Bik
Mister-Bik collected $0.05 from pot
Mister-Bik: doesn't show hand 
*** SUMMARY ***
Total pot $0.05 | Rake $0 
Seat 1: donrux_mocrym folded before Flop (didn't bet)
Seat 2: jrenatom2002 (button) folded before Flop (didn't bet)
Seat 3: Lorpugo (small blind) folded before Flop
Seat 4: ChristopherDang (big blind) folded before Flop
Seat 5: Kay5380 folded before Flop (didn't bet)
Seat 6: Mister-Bik collected ($0.05)



PokerStars Hand #241345397533:  Hold'em No Limit ($0.01/$0.02 USD) - 2023/01/23 13:17:43 ET
Table 'Wurm II' 6-max Seat #3 is the button
Seat 1: donrux_mocrym ($3.77 in chips) 
Seat 2: jrenatom2002 ($2.77 in chips) 
Seat 3: Lorpugo ($1.72 in chips) 
Seat 4: ChristopherDang ($2.10 in chips) 
Seat 5: Kay5380 ($2.45 in chips) 
Seat 6: Mister-Bik ($2.03 in chips) 
ChristopherDang: posts small blind $0.01
Kay5380: posts big blind $0.02
*** HOLE CARDS ***
Dealt to Lorpugo [6s 8s]
Mister-Bik: raises $0.04 to $0.06
donrux_mocrym: folds 
jrenatom2002: folds 
Lorpugo: calls $0.06
ChristopherDang: folds 
Kay5380: folds 
*** FLOP *** [Js 3h Qs]
Mister-Bik: bets $0.07
Lorpugo: calls $0.07
*** TURN *** [Js 3h Qs] [Ts]
Mister-Bik: bets $0.14
Lorpugo: raises $0.28 to $0.42
Mister-Bik: calls $0.28
*** RIVER *** [Js 3h Qs Ts] [4h]
Mister-Bik: checks 
Lorpugo: bets $1.17 and is all-in
Mister-Bik: folds 
Uncalled bet ($1.17) returned to Lorpugo
Lorpugo collected $1.09 from pot
Lorpugo: doesn't show hand 
*** SUMMARY ***
Total pot $1.13 | Rake $0.04 
Board [Js 3h Qs Ts 4h]
Seat 1: donrux_mocrym folded before Flop (didn't bet)
Seat 2: jrenatom2002 folded before Flop (didn't bet)
Seat 3: Lorpugo (button) collected ($1.09)
Seat 4: ChristopherDang (small blind) folded before Flop
Seat 5: Kay5380 (big blind) folded before Flop
Seat 6: Mister-Bik folded on the River



PokerStars Hand #241345417410:  Hold'em No Limit ($0.01/$0.02 USD) - 2023/01/23 13:18:36 ET
Table 'Wurm II' 6-max Seat #4 is the button
Seat 1: donrux_mocrym ($3.77 in chips) 
Seat 2: jrenatom2002 ($2.77 in chips) 
Seat 3: Lorpugo ($2.26 in chips) 
Seat 4: ChristopherDang ($2.09 in chips) 
Seat 5: Kay5380 ($2.43 in chips) 
Seat 6: Mister-Bik ($2 in chips) 
Kay5380: posts small blind $0.01
Mister-Bik: posts big blind $0.02
*** HOLE CARDS ***
Dealt to Lorpugo [Jc 4d]
donrux_mocrym: folds 
jrenatom2002: calls $0.02
Lorpugo: folds 
ChristopherDang: raises $0.06 to $0.08
Kay5380: folds 
Mister-Bik: folds 
jrenatom2002: calls $0.06
*** FLOP *** [Td 5h 5c]
jrenatom2002: checks 
ChristopherDang: bets $0.10
jrenatom2002: calls $0.10
*** TURN *** [Td 5h 5c] [Jd]
jrenatom2002: bets $0.02
ChristopherDang: raises $0.22 to $0.24
jrenatom2002: calls $0.22
*** RIVER *** [Td 5h 5c Jd] [3c]
jrenatom2002: checks 
ChristopherDang: bets $0.50
jrenatom2002: calls $0.50
*** SHOW DOWN ***
ChristopherDang: shows [9s Qs] (a pair of Fives)
jrenatom2002: shows [Jh Ac] (two pair, Jacks and Fives)
jrenatom2002 collected $1.80 from pot
*** SUMMARY ***
Total pot $1.87 | Rake $0.07 
Board [Td 5h 5c Jd 3c]
Seat 1: donrux_mocrym folded before Flop (didn't bet)
Seat 2: jrenatom2002 showed [Jh Ac] and won ($1.80) with two pair, Jacks and Fives
Seat 3: Lorpugo folded before Flop (didn't bet)
Seat 4: ChristopherDang (button) showed [9s Qs] and lost with a pair of Fives
Seat 5: Kay5380 (small blind) folded before Flop
Seat 6: Mister-Bik (big blind) folded before Flop



PokerStars Hand #241345440041:  Hold'em No Limit ($0.01/$0.02 USD) - 2023/01/23 13:19:36 ET
Table 'Wurm II' 6-max Seat #5 is the button
Seat 1: donrux_mocrym ($3.77 in chips) 
Seat 2: jrenatom2002 ($3.65 in chips) 
Seat 3: Lorpugo ($2.26 in chips) 
Seat 4: ChristopherDang ($1.17 in chips) 
Seat 5: Kay5380 ($2.42 in chips) 
Seat 6: Mister-Bik ($1.98 in chips) 
Mister-Bik: posts small blind $0.01
donrux_mocrym: posts big blind $0.02
*** HOLE CARDS ***
Dealt to Lorpugo [Kc 2s]
jrenatom2002: calls $0.02
Lorpugo: folds 
ChristopherDang: folds 
Kay5380: raises $0.04 to $0.06
Mister-Bik: folds 
donrux_mocrym: raises $0.15 to $0.21
jrenatom2002: folds 
Kay5380: raises $0.32 to $0.53
donrux_mocrym: calls $0.32
*** FLOP *** [9d 6c Jd]
donrux_mocrym: checks 
Kay5380: bets $0.30
donrux_mocrym: calls $0.30
*** TURN *** [9d 6c Jd] [Qh]
donrux_mocrym: checks 
Kay5380: checks 
*** RIVER *** [9d 6c Jd Qh] [Jc]
donrux_mocrym: checks 
Kay5380: checks 
*** SHOW DOWN ***
donrux_mocrym: shows [Qc Ac] (two pair, Queens and Jacks)
Kay5380: mucks hand 
donrux_mocrym collected $1.63 from pot
*** SUMMARY ***
Total pot $1.69 | Rake $0.06 
Board [9d 6c Jd Qh Jc]
Seat 1: donrux_mocrym (big blind) showed [Qc Ac] and won ($1.63) with two pair, Queens and Jacks
Seat 2: jrenatom2002 folded before Flop
Seat 3: Lorpugo folded before Flop (didn't bet)
Seat 4: ChristopherDang folded before Flop (didn't bet)
Seat 5: Kay5380 (button) mucked [Ah 9c]
Seat 6: Mister-Bik (small blind) folded before Flop



PokerStars Hand #241345476396:  Hold'em No Limit ($0.01/$0.02 USD) - 2023/01/23 13:21:12 ET
Table 'Wurm II' 6-max Seat #6 is the button
Seat 1: donrux_mocrym ($4.57 in chips) 
Seat 2: jrenatom2002 ($3.63 in chips) 
Seat 3: Lorpugo ($2.26 in chips) 
Seat 4: ChristopherDang ($1.17 in chips) 
Seat 5: Kay5380 ($2 in chips) 
Seat 6: Mister-Bik ($1.97 in chips) 
donrux_mocrym: posts small blind $0.01
jrenatom2002: posts big blind $0.02
*** HOLE CARDS ***
Dealt to Lorpugo [Qc Kd]
Lorpugo: raises $0.03 to $0.05
ChristopherDang: folds 
Kay5380: folds 
Mister-Bik: calls $0.05
donrux_mocrym: folds 
jrenatom2002: calls $0.03
*** FLOP *** [Kc Ad 3c]
jrenatom2002: checks 
Lorpugo: checks 
Mister-Bik: checks 
*** TURN *** [Kc Ad 3c] [9d]
jrenatom2002: checks 
Lorpugo: bets $0.06
Mister-Bik: calls $0.06
jrenatom2002: calls $0.06
*** RIVER *** [Kc Ad 3c 9d] [Ks]
jrenatom2002: checks 
Lorpugo: bets $0.38
Mister-Bik: folds 
jrenatom2002: folds 
Uncalled bet ($0.38) returned to Lorpugo
Lorpugo collected $0.33 from pot
Lorpugo: doesn't show hand 
*** SUMMARY ***
Total pot $0.34 | Rake $0.01 
Board [Kc Ad 3c 9d Ks]
Seat 1: donrux_mocrym (small blind) folded before Flop
Seat 2: jrenatom2002 (big blind) folded on the River
Seat 3: Lorpugo collected ($0.33)
Seat 4: ChristopherDang folded before Flop (didn't bet)
Seat 5: Kay5380 folded before Flop (didn't bet)
Seat 6: Mister-Bik (button) folded on the River



PokerStars Hand #241345493137:  Hold'em No Limit ($0.01/$0.02 USD) - 2023/01/23 13:21:56 ET
Table 'Wurm II' 6-max Seat #1 is the button
Seat 1: donrux_mocrym ($4.56 in chips) 
Seat 2: jrenatom2002 ($3.52 in chips) 
Seat 3: Lorpugo ($2.48 in chips) 
Seat 4: ChristopherDang ($1.17 in chips) 
Seat 5: Kay5380 ($2 in chips) 
Seat 6: Mister-Bik ($1.86 in chips) 
jrenatom2002: posts small blind $0.01
Lorpugo: posts big blind $0.02
*** HOLE CARDS ***
Dealt to Lorpugo [Jd 8c]
ChristopherDang: raises $0.04 to $0.06
Kay5380: calls $0.06
Mister-Bik: folds 
donrux_mocrym: folds 
jrenatom2002: folds 
Lorpugo: folds 
*** FLOP *** [Tc Kc Qh]
ChristopherDang: bets $0.07
Kay5380: calls $0.07
*** TURN *** [Tc Kc Qh] [As]
ChristopherDang: bets $0.18
Kay5380: calls $0.18
*** RIVER *** [Tc Kc Qh As] [4c]
ChristopherDang: checks 
Kay5380: checks 
*** SHOW DOWN ***
ChristopherDang: shows [Ac Jh] (a straight, Ten to Ace)
Kay5380: mucks hand 
ChristopherDang collected $0.63 from pot
*** SUMMARY ***
Total pot $0.65 | Rake $0.02 
Board [Tc Kc Qh As 4c]
Seat 1: donrux_mocrym (button) folded before Flop (didn't bet)
Seat 2: jrenatom2002 (small blind) folded before Flop
Seat 3: Lorpugo (big blind) folded before Flop
Seat 4: ChristopherDang showed [Ac Jh] and won ($0.63) with a straight, Ten to Ace
Seat 5: Kay5380 mucked [Ah Th]
Seat 6: Mister-Bik folded before Flop (didn't bet)



PokerStars Hand #241345511692:  Hold'em No Limit ($0.01/$0.02 USD) - 2023/01/23 13:22:45 ET
Table 'Wurm II' 6-max Seat #2 is the button
Seat 1: donrux_mocrym ($4.56 in chips) 
Seat 2: jrenatom2002 ($3.51 in chips) 
Seat 3: Lorpugo ($2.46 in chips) 
Seat 4: ChristopherDang ($1.49 in chips) 
Seat 5: Kay5380 ($2 in chips) 
Seat 6: Mister-Bik ($1.86 in chips) 
Lorpugo: posts small blind $0.01
ChristopherDang: posts big blind $0.02
*** HOLE CARDS ***
Dealt to Lorpugo [Tc 5s]
Kay5380: folds 
Mister-Bik: folds 
donrux_mocrym: folds 
jrenatom2002: calls $0.02
Lorpugo: folds 
ChristopherDang: checks 
*** FLOP *** [Qc 9s Js]
ChristopherDang: checks 
jrenatom2002: checks 
*** TURN *** [Qc 9s Js] [8h]
ChristopherDang: bets $0.06
jrenatom2002: calls $0.06
*** RIVER *** [Qc 9s Js 8h] [8s]
ChristopherDang: bets $0.10
jrenatom2002: raises $0.42 to $0.52
ChristopherDang: folds 
Uncalled bet ($0.42) returned to jrenatom2002
jrenatom2002 collected $0.36 from pot
*** SUMMARY ***
Total pot $0.37 | Rake $0.01 
Board [Qc 9s Js 8h 8s]
Seat 1: donrux_mocrym folded before Flop (didn't bet)
Seat 2: jrenatom2002 (button) collected ($0.36)
Seat 3: Lorpugo (small blind) folded before Flop
Seat 4: ChristopherDang (big blind) folded on the River
Seat 5: Kay5380 folded before Flop (didn't bet)
Seat 6: Mister-Bik folded before Flop (didn't bet)



PokerStars Hand #241345529428:  Hold'em No Limit ($0.01/$0.02 USD) - 2023/01/23 13:23:32 ET
Table 'Wurm II' 6-max Seat #3 is the button
Seat 1: donrux_mocrym ($4.56 in chips) 
Seat 2: jrenatom2002 ($3.69 in chips) 
Seat 3: Lorpugo ($2.45 in chips) 
Seat 4: ChristopherDang ($1.31 in chips) 
Seat 5: Kay5380 ($2 in chips) 
Seat 6: Mister-Bik ($1.86 in chips) 
ChristopherDang: posts small blind $0.01
Kay5380: posts big blind $0.02
*** HOLE CARDS ***
Dealt to Lorpugo [6s 2h]
Mister-Bik: folds 
donrux_mocrym: folds 
jrenatom2002: folds 
Lorpugo: folds 
ChristopherDang: folds 
Uncalled bet ($0.01) returned to Kay5380
Kay5380 collected $0.02 from pot
Kay5380: doesn't show hand 
*** SUMMARY ***
Total pot $0.02 | Rake $0 
Seat 1: donrux_mocrym folded before Flop (didn't bet)
Seat 2: jrenatom2002 folded before Flop (didn't bet)
Seat 3: Lorpugo (button) folded before Flop (didn't bet)
Seat 4: ChristopherDang (small blind) folded before Flop
Seat 5: Kay5380 (big blind) collected ($0.02)
Seat 6: Mister-Bik folded before Flop (didn't bet)



PokerStars Hand #241345534912:  Hold'em No Limit ($0.01/$0.02 USD) - 2023/01/23 13:23:47 ET
Table 'Wurm II' 6-max Seat #4 is the button
Seat 1: donrux_mocrym ($4.56 in chips) 
Seat 2: jrenatom2002 ($3.69 in chips) 
Seat 3: Lorpugo ($2.45 in chips) 
Seat 4: ChristopherDang ($1.30 in chips) 
Seat 5: Kay5380 ($2.01 in chips) 
Seat 6: Mister-Bik ($1.86 in chips) 
Kay5380: posts small blind $0.01
Mister-Bik: posts big blind $0.02
*** HOLE CARDS ***
Dealt to Lorpugo [Kc 3c]
donrux_mocrym: raises $0.04 to $0.06
jrenatom2002: folds 
Lorpugo: folds 
ChristopherDang: folds 
Kay5380: folds 
Mister-Bik: folds 
Uncalled bet ($0.04) returned to donrux_mocrym
donrux_mocrym collected $0.05 from pot
*** SUMMARY ***
Total pot $0.05 | Rake $0 
Seat 1: donrux_mocrym collected ($0.05)
Seat 2: jrenatom2002 folded before Flop (didn't bet)
Seat 3: Lorpugo folded before Flop (didn't bet)
Seat 4: ChristopherDang (button) folded before Flop (didn't bet)
Seat 5: Kay5380 (small blind) folded before Flop
Seat 6: Mister-Bik (big blind) folded before Flop



PokerStars Hand #241345542859:  Hold'em No Limit ($0.01/$0.02 USD) - 2023/01/23 13:24:08 ET
Table 'Wurm II' 6-max Seat #5 is the button
Seat 1: donrux_mocrym ($4.59 in chips) 
Seat 2: jrenatom2002 ($3.69 in chips) 
Seat 3: Lorpugo ($2.45 in chips) 
Seat 4: ChristopherDang ($1.30 in chips) 
Seat 5: Kay5380 ($2 in chips) 
Seat 6: Mister-Bik ($1.84 in chips) 
Mister-Bik: posts small blind $0.01
donrux_mocrym: posts big blind $0.02
*** HOLE CARDS ***
Dealt to Lorpugo [Qh 7c]
jrenatom2002: calls $0.02
Lorpugo: folds 
ChristopherDang: folds 
Kay5380: calls $0.02
Mister-Bik: calls $0.01
donrux_mocrym: checks 
*** FLOP *** [9d 4d 9h]
Mister-Bik: checks 
donrux_mocrym: checks 
jrenatom2002: checks 
Kay5380: bets $0.05
Mister-Bik: folds 
donrux_mocrym: folds 
jrenatom2002: calls $0.05
*** TURN *** [9d 4d 9h] [Kc]
jrenatom2002: checks 
Kay5380: bets $0.11
jrenatom2002: calls $0.11
*** RIVER *** [9d 4d 9h Kc] [8c]
jrenatom2002: checks 
Kay5380: bets $0.39
jrenatom2002: raises $0.73 to $1.12
Kay5380: calls $0.73
*** SHOW DOWN ***
jrenatom2002: shows [Td 9c] (three of a kind, Nines)
Kay5380: shows [9s Jh] (three of a kind, Nines - King+Jack kicker)
Kay5380 collected $2.53 from pot
*** SUMMARY ***
Total pot $2.64 | Rake $0.11 
Board [9d 4d 9h Kc 8c]
Seat 1: donrux_mocrym (big blind) folded on the Flop
Seat 2: jrenatom2002 showed [Td 9c] and lost with three of a kind, Nines
Seat 3: Lorpugo folded before Flop (didn't bet)
Seat 4: ChristopherDang folded before Flop (didn't bet)
Seat 5: Kay5380 (button) showed [9s Jh] and won ($2.53) with three of a kind, Nines
Seat 6: Mister-Bik (small blind) folded on the Flop



PokerStars Hand #241345574959:  Hold'em No Limit ($0.01/$0.02 USD) - 2023/01/23 13:25:33 ET
Table 'Wurm II' 6-max Seat #6 is the button
Seat 1: donrux_mocrym ($4.57 in chips) 
Seat 2: jrenatom2002 ($2.39 in chips) 
Seat 3: Lorpugo ($2.45 in chips) 
Seat 4: ChristopherDang ($1.30 in chips) 
Seat 5: Kay5380 ($3.23 in chips) 
Seat 6: Mister-Bik ($1.82 in chips) 
donrux_mocrym: posts small blind $0.01
jrenatom2002: posts big blind $0.02
*** HOLE CARDS ***
Dealt to Lorpugo [7d 4d]
Lorpugo: folds 
ChristopherDang: folds 
Kay5380: raises $0.03 to $0.05
Mister-Bik: folds 
donrux_mocrym: calls $0.04
jrenatom2002: calls $0.03
*** FLOP *** [Qh 8c 7s]
donrux_mocrym: checks 
jrenatom2002: checks 
Kay5380: bets $0.11
donrux_mocrym: folds 
jrenatom2002: folds 
Uncalled bet ($0.11) returned to Kay5380
Kay5380 collected $0.14 from pot
Kay5380: doesn't show hand 
*** SUMMARY ***
Total pot $0.15 | Rake $0.01 
Board [Qh 8c 7s]
Seat 1: donrux_mocrym (small blind) folded on the Flop
Seat 2: jrenatom2002 (big blind) folded on the Flop
Seat 3: Lorpugo folded before Flop (didn't bet)
Seat 4: ChristopherDang folded before Flop (didn't bet)
Seat 5: Kay5380 collected ($0.14)
Seat 6: Mister-Bik (button) folded before Flop (didn't bet)



PokerStars Hand #241345590354:  Hold'em No Limit ($0.01/$0.02 USD) - 2023/01/23 13:26:14 ET
Table 'Wurm II' 6-max Seat #1 is the button
Seat 1: donrux_mocrym ($4.52 in chips) 
Seat 2: jrenatom2002 ($2.34 in chips) 
Seat 3: Lorpugo ($2.45 in chips) 
Seat 4: ChristopherDang ($1.30 in chips) 
Seat 5: Kay5380 ($3.32 in chips) 
Seat 6: Mister-Bik ($1.82 in chips) 
jrenatom2002: posts small blind $0.01
Lorpugo: posts big blind $0.02
*** HOLE CARDS ***
Dealt to Lorpugo [9c 7h]
ChristopherDang: folds 
Kay5380: folds 
Mister-Bik: folds 
donrux_mocrym: folds 
jrenatom2002: calls $0.01
Lorpugo: checks 
*** FLOP *** [Kd 3d 6s]
jrenatom2002: checks 
Lorpugo: bets $0.02
jrenatom2002: calls $0.02
*** TURN *** [Kd 3d 6s] [8c]
jrenatom2002: checks 
Lorpugo: bets $0.12
jrenatom2002: folds 
Uncalled bet ($0.12) returned to Lorpugo
Lorpugo collected $0.08 from pot
Lorpugo: doesn't show hand 
*** SUMMARY ***
Total pot $0.08 | Rake $0 
Board [Kd 3d 6s 8c]
Seat 1: donrux_mocrym (button) folded before Flop (didn't bet)
Seat 2: jrenatom2002 (small blind) folded on the Turn
Seat 3: Lorpugo (big blind) collected ($0.08)
Seat 4: ChristopherDang folded before Flop (didn't bet)
Seat 5: Kay5380 folded before Flop (didn't bet)
Seat 6: Mister-Bik folded before Flop (didn't bet)



PokerStars Hand #241345603084:  Hold'em No Limit ($0.01/$0.02 USD) - 2023/01/23 13:26:48 ET
Table 'Wurm II' 6-max Seat #2 is the button
Seat 1: donrux_mocrym ($4.52 in chips) 
Seat 2: jrenatom2002 ($2.30 in chips) 
Seat 3: Lorpugo ($2.49 in chips) 
Seat 4: ChristopherDang ($1.30 in chips) 
Seat 5: Kay5380 ($3.32 in chips) 
Seat 6: Mister-Bik ($1.82 in chips) 
Lorpugo: posts small blind $0.01
ChristopherDang: posts big blind $0.02
*** HOLE CARDS ***
Dealt to Lorpugo [Qs 6d]
Kay5380: raises $0.03 to $0.05
Mister-Bik: calls $0.05
donrux_mocrym: folds 
jrenatom2002: folds 
Lorpugo: folds 
ChristopherDang: folds 
*** FLOP *** [2s Qh Td]
Kay5380: checks 
Mister-Bik: bets $0.07
jrenatom2002 leaves the table
Kay5380: calls $0.07
*** TURN *** [2s Qh Td] [9c]
Kay5380: checks 
Mister-Bik: bets $0.17
K1LL PHIL joins the table at seat #2 
Kay5380: calls $0.17
*** RIVER *** [2s Qh Td 9c] [4c]
Kay5380: checks 
Mister-Bik: bets $0.30
Kay5380: calls $0.30
*** SHOW DOWN ***
Mister-Bik: shows [Qc Jd] (a pair of Queens)
Kay5380: shows [Kd Kh] (a pair of Kings)
Kay5380 collected $1.16 from pot
*** SUMMARY ***
Total pot $1.21 | Rake $0.05 
Board [2s Qh Td 9c 4c]
Seat 1: donrux_mocrym folded before Flop (didn't bet)
Seat 2: jrenatom2002 (button) folded before Flop (didn't bet)
Seat 3: Lorpugo (small blind) folded before Flop
Seat 4: ChristopherDang (big blind) folded before Flop
Seat 5: Kay5380 showed [Kd Kh] and won ($1.16) with a pair of Kings
Seat 6: Mister-Bik showed [Qc Jd] and lost with a pair of Queens



PokerStars Hand #241345622837:  Hold'em No Limit ($0.01/$0.02 USD) - 2023/01/23 13:27:40 ET
Table 'Wurm II' 6-max Seat #3 is the button
Seat 1: donrux_mocrym ($4.52 in chips) 
Seat 3: Lorpugo ($2.48 in chips) 
Seat 4: ChristopherDang ($1.28 in chips) 
Seat 5: Kay5380 ($3.89 in chips) 
Seat 6: Mister-Bik ($2 in chips) 
ChristopherDang: posts small blind $0.01
Kay5380: posts big blind $0.02
*** HOLE CARDS ***
Dealt to Lorpugo [2d 4s]
Mister-Bik: folds 
donrux_mocrym: raises $0.04 to $0.06
Lorpugo: folds 
ChristopherDang: folds 
Kay5380: calls $0.04
*** FLOP *** [9c Qh Js]
Kay5380: checks 
donrux_mocrym: bets $0.07
Kay5380: folds 
Uncalled bet ($0.07) returned to donrux_mocrym
donrux_mocrym collected $0.13 from pot
*** SUMMARY ***
Total pot $0.13 | Rake $0 
Board [9c Qh Js]
Seat 1: donrux_mocrym collected ($0.13)
Seat 3: Lorpugo (button) folded before Flop (didn't bet)
Seat 4: ChristopherDang (small blind) folded before Flop
Seat 5: Kay5380 (big blind) folded on the Flop
Seat 6: Mister-Bik folded before Flop (didn't bet)



PokerStars Hand #241345633560:  Hold'em No Limit ($0.01/$0.02 USD) - 2023/01/23 13:28:08 ET
Table 'Wurm II' 6-max Seat #4 is the button
Seat 1: donrux_mocrym ($4.59 in chips) 
Seat 3: Lorpugo ($2.48 in chips) 
Seat 4: ChristopherDang ($1.27 in chips) 
Seat 5: Kay5380 ($3.83 in chips) 
Seat 6: Mister-Bik ($2 in chips) 
Kay5380: posts small blind $0.01
Mister-Bik: posts big blind $0.02
*** HOLE CARDS ***
Dealt to Lorpugo [9d Kh]
donrux_mocrym: raises $0.04 to $0.06
Lorpugo: folds 
ChristopherDang: calls $0.06
Kay5380: folds 
Mister-Bik: calls $0.04
*** FLOP *** [4h 9h Ah]
Mister-Bik: checks 
donrux_mocrym: bets $0.09
ChristopherDang: folds 
Mister-Bik: folds 
Uncalled bet ($0.09) returned to donrux_mocrym
donrux_mocrym collected $0.18 from pot
*** SUMMARY ***
Total pot $0.19 | Rake $0.01 
Board [4h 9h Ah]
Seat 1: donrux_mocrym collected ($0.18)
Seat 3: Lorpugo folded before Flop (didn't bet)
Seat 4: ChristopherDang (button) folded on the Flop
Seat 5: Kay5380 (small blind) folded before Flop
Seat 6: Mister-Bik (big blind) folded on the Flop



PokerStars Hand #241345644793:  Hold'em No Limit ($0.01/$0.02 USD) - 2023/01/23 13:28:38 ET
Table 'Wurm II' 6-max Seat #5 is the button
Seat 1: donrux_mocrym ($4.71 in chips) 
Seat 3: Lorpugo ($2.48 in chips) 
Seat 4: ChristopherDang ($1.21 in chips) 
Seat 5: Kay5380 ($3.82 in chips) 
Seat 6: Mister-Bik ($1.94 in chips) 
Mister-Bik: posts small blind $0.01
donrux_mocrym: posts big blind $0.02
*** HOLE CARDS ***
Dealt to Lorpugo [7s 9d]
Lorpugo: folds 
ChristopherDang: raises $0.04 to $0.06
Kay5380: raises $0.12 to $0.18
Mister-Bik: folds 
donrux_mocrym: folds 
ChristopherDang: calls $0.12
*** FLOP *** [As Js 3s]
ChristopherDang: checks 
Kay5380: bets $0.14
ChristopherDang: folds 
Uncalled bet ($0.14) returned to Kay5380
Kay5380 collected $0.38 from pot
Kay5380: doesn't show hand 
*** SUMMARY ***
Total pot $0.39 | Rake $0.01 
Board [As Js 3s]
Seat 1: donrux_mocrym (big blind) folded before Flop
Seat 3: Lorpugo folded before Flop (didn't bet)
Seat 4: ChristopherDang folded on the Flop
Seat 5: Kay5380 (button) collected ($0.38)
Seat 6: Mister-Bik (small blind) folded before Flop



PokerStars Hand #241345658980:  Hold'em No Limit ($0.01/$0.02 USD) - 2023/01/23 13:29:16 ET
Table 'Wurm II' 6-max Seat #6 is the button
Seat 1: donrux_mocrym ($4.69 in chips) 
Seat 2: K1LL PHIL ($1.98 in chips) 
Seat 3: Lorpugo ($2.48 in chips) 
Seat 4: ChristopherDang ($1.03 in chips) 
Seat 5: Kay5380 ($4.02 in chips) 
Seat 6: Mister-Bik ($1.93 in chips) 
donrux_mocrym: posts small blind $0.01
K1LL PHIL: posts big blind $0.02
*** HOLE CARDS ***
Dealt to Lorpugo [5h 4c]
Lorpugo: folds 
ChristopherDang: folds 
Kay5380: folds 
Mister-Bik: folds 
donrux_mocrym: raises $0.04 to $0.06
K1LL PHIL: calls $0.04
*** FLOP *** [Js Th 2d]
donrux_mocrym: bets $0.06
K1LL PHIL: folds 
Uncalled bet ($0.06) returned to donrux_mocrym
donrux_mocrym collected $0.12 from pot
*** SUMMARY ***
Total pot $0.12 | Rake $0 
Board [Js Th 2d]
Seat 1: donrux_mocrym (small blind) collected ($0.12)
Seat 2: K1LL PHIL (big blind) folded on the Flop
Seat 3: Lorpugo folded before Flop (didn't bet)
Seat 4: ChristopherDang folded before Flop (didn't bet)
Seat 5: Kay5380 folded before Flop (didn't bet)
Seat 6: Mister-Bik (button) folded before Flop (didn't bet)



PokerStars Hand #241345667202:  Hold'em No Limit ($0.01/$0.02 USD) - 2023/01/23 13:29:38 ET
Table 'Wurm II' 6-max Seat #1 is the button
Seat 1: donrux_mocrym ($4.75 in chips) 
Seat 2: K1LL PHIL ($1.92 in chips) 
Seat 3: Lorpugo ($2.48 in chips) 
Seat 4: ChristopherDang ($1.03 in chips) 
Seat 5: Kay5380 ($4.02 in chips) 
Seat 6: Mister-Bik ($1.93 in chips) 
K1LL PHIL: posts small blind $0.01
Lorpugo: posts big blind $0.02
*** HOLE CARDS ***
Dealt to Lorpugo [7c 7d]
ChristopherDang: raises $0.04 to $0.06
Kay5380: folds 
Mister-Bik: folds 
donrux_mocrym: folds 
K1LL PHIL: raises $0.04 to $0.10
Lorpugo: calls $0.08
ChristopherDang: calls $0.04
*** FLOP *** [8h 3h 5h]
K1LL PHIL: checks 
Lorpugo: checks 
ChristopherDang: bets $0.16
K1LL PHIL: calls $0.16
Lorpugo: folds 
*** TURN *** [8h 3h 5h] [9c]
K1LL PHIL: checks 
ChristopherDang: checks 
*** RIVER *** [8h 3h 5h 9c] [Kd]
K1LL PHIL: bets $0.60
ChristopherDang: folds 
Uncalled bet ($0.60) returned to K1LL PHIL
K1LL PHIL collected $0.60 from pot
*** SUMMARY ***
Total pot $0.62 | Rake $0.02 
Board [8h 3h 5h 9c Kd]
Seat 1: donrux_mocrym (button) folded before Flop (didn't bet)
Seat 2: K1LL PHIL (small blind) collected ($0.60)
Seat 3: Lorpugo (big blind) folded on the Flop
Seat 4: ChristopherDang folded on the River
Seat 5: Kay5380 folded before Flop (didn't bet)
Seat 6: Mister-Bik folded before Flop (didn't bet)



PokerStars Hand #241345697995:  Hold'em No Limit ($0.01/$0.02 USD) - 2023/01/23 13:30:58 ET
Table 'Wurm II' 6-max Seat #2 is the button
Seat 1: donrux_mocrym ($4.75 in chips) 
Seat 2: K1LL PHIL ($2.26 in chips) 
Seat 3: Lorpugo ($2.38 in chips) 
Seat 4: ChristopherDang ($0.77 in chips) 
Seat 5: Kay5380 ($4.02 in chips) 
Seat 6: Mister-Bik ($1.93 in chips) 
Lorpugo: posts small blind $0.01
ChristopherDang: posts big blind $0.02
*** HOLE CARDS ***
Dealt to Lorpugo [Js Jc]
Kay5380: folds 
Mister-Bik: folds 
donrux_mocrym: folds 
K1LL PHIL: raises $0.02 to $0.04
Lorpugo: raises $0.08 to $0.12
ChristopherDang: folds 
K1LL PHIL: folds 
Uncalled bet ($0.08) returned to Lorpugo
Lorpugo collected $0.10 from pot
Lorpugo: doesn't show hand 
*** SUMMARY ***
Total pot $0.10 | Rake $0 
Seat 1: donrux_mocrym folded before Flop (didn't bet)
Seat 2: K1LL PHIL (button) folded before Flop
Seat 3: Lorpugo (small blind) collected ($0.10)
Seat 4: ChristopherDang (big blind) folded before Flop
Seat 5: Kay5380 folded before Flop (didn't bet)
Seat 6: Mister-Bik folded before Flop (didn't bet)



PokerStars Hand #241345709886:  Hold'em No Limit ($0.01/$0.02 USD) - 2023/01/23 13:31:29 ET
Table 'Wurm II' 6-max Seat #3 is the button
Seat 1: donrux_mocrym ($4.75 in chips) 
Seat 2: K1LL PHIL ($2.22 in chips) 
Seat 3: Lorpugo ($2.44 in chips) 
Seat 4: ChristopherDang ($0.75 in chips) 
Seat 5: Kay5380 ($4.02 in chips) 
Seat 6: Mister-Bik ($1.93 in chips) 
ChristopherDang: posts small blind $0.01
Kay5380: posts big blind $0.02
*** HOLE CARDS ***
Dealt to Lorpugo [Th 2s]
Mister-Bik: raises $0.04 to $0.06
donrux_mocrym: folds 
K1LL PHIL: folds 
Lorpugo: folds 
ChristopherDang: folds 
Kay5380: folds 
Uncalled bet ($0.04) returned to Mister-Bik
Mister-Bik collected $0.05 from pot
Mister-Bik: doesn't show hand 
*** SUMMARY ***
Total pot $0.05 | Rake $0 
Seat 1: donrux_mocrym folded before Flop (didn't bet)
Seat 2: K1LL PHIL folded before Flop (didn't bet)
Seat 3: Lorpugo (button) folded before Flop (didn't bet)
Seat 4: ChristopherDang (small blind) folded before Flop
Seat 5: Kay5380 (big blind) folded before Flop
Seat 6: Mister-Bik collected ($0.05)



PokerStars Hand #241345727150:  Hold'em No Limit ($0.01/$0.02 USD) - 2023/01/23 13:32:13 ET
Table 'Wurm II' 6-max Seat #4 is the button
Seat 1: donrux_mocrym ($4.75 in chips) 
Seat 2: K1LL PHIL ($2.22 in chips) 
Seat 3: Lorpugo ($2.44 in chips) 
Seat 4: ChristopherDang ($0.74 in chips) 
Seat 5: Kay5380 ($4 in chips) 
Seat 6: Mister-Bik ($1.96 in chips) 
Kay5380: posts small blind $0.01
Mister-Bik: posts big blind $0.02
*** HOLE CARDS ***
Dealt to Lorpugo [5s 5c]
donrux_mocrym: raises $0.04 to $0.06
K1LL PHIL: calls $0.06
Lorpugo: calls $0.06
ChristopherDang: folds 
Kay5380: folds 
Mister-Bik: folds 
*** FLOP *** [9d 9s Kc]
donrux_mocrym: checks 
K1LL PHIL: bets $0.10
Lorpugo: calls $0.10
donrux_mocrym: folds 
*** TURN *** [9d 9s Kc] [Th]
K1LL PHIL: bets $0.22
Lorpugo: folds 
Uncalled bet ($0.22) returned to K1LL PHIL
K1LL PHIL collected $0.40 from pot
*** SUMMARY ***
Total pot $0.41 | Rake $0.01 
Board [9d 9s Kc Th]
Seat 1: donrux_mocrym folded on the Flop
Seat 2: K1LL PHIL collected ($0.40)
Seat 3: Lorpugo folded on the Turn
Seat 4: ChristopherDang (button) folded before Flop (didn't bet)
Seat 5: Kay5380 (small blind) folded before Flop
Seat 6: Mister-Bik (big blind) folded before Flop



PokerStars Hand #241345743264:  Hold'em No Limit ($0.01/$0.02 USD) - 2023/01/23 13:32:54 ET
Table 'Wurm II' 6-max Seat #5 is the button
Seat 1: donrux_mocrym ($4.69 in chips) 
Seat 2: K1LL PHIL ($2.46 in chips) 
Seat 3: Lorpugo ($2.28 in chips) 
Seat 4: ChristopherDang ($0.74 in chips) 
Seat 5: Kay5380 ($3.99 in chips) 
Seat 6: Mister-Bik ($1.94 in chips) 
Mister-Bik: posts small blind $0.01
donrux_mocrym: posts big blind $0.02
*** HOLE CARDS ***
Dealt to Lorpugo [As Qh]
K1LL PHIL: folds 
Lorpugo: raises $0.03 to $0.05
ChristopherDang: folds 
Kay5380: folds 
Mister-Bik: calls $0.04
donrux_mocrym: calls $0.03
*** FLOP *** [5c 8s 2s]
Mister-Bik: checks 
donrux_mocrym: checks 
Lorpugo: bets $0.07
Mister-Bik: calls $0.07
donrux_mocrym: calls $0.07
*** TURN *** [5c 8s 2s] [2c]
Mister-Bik: checks 
donrux_mocrym: checks 
Lorpugo: checks 
*** RIVER *** [5c 8s 2s 2c] [6h]
Mister-Bik: checks 
donrux_mocrym: checks 
Lorpugo: checks 
*** SHOW DOWN ***
Mister-Bik: shows [Kd 9s] (a pair of Deuces)
donrux_mocrym: shows [5d 4c] (two pair, Fives and Deuces)
Lorpugo: mucks hand 
donrux_mocrym collected $0.35 from pot
*** SUMMARY ***
Total pot $0.36 | Rake $0.01 
Board [5c 8s 2s 2c 6h]
Seat 1: donrux_mocrym (big blind) showed [5d 4c] and won ($0.35) with two pair, Fives and Deuces
Seat 2: K1LL PHIL folded before Flop (didn't bet)
Seat 3: Lorpugo mucked [As Qh]
Seat 4: ChristopherDang folded before Flop (didn't bet)
Seat 5: Kay5380 (button) folded before Flop (didn't bet)
Seat 6: Mister-Bik (small blind) showed [Kd 9s] and lost with a pair of Deuces



PokerStars Hand #241345770453:  Hold'em No Limit ($0.01/$0.02 USD) - 2023/01/23 13:34:04 ET
Table 'Wurm II' 6-max Seat #6 is the button
Seat 1: donrux_mocrym ($4.92 in chips) 
Seat 2: K1LL PHIL ($2.46 in chips) 
Seat 3: Lorpugo ($2.16 in chips) 
Seat 4: ChristopherDang ($0.74 in chips) 
Seat 5: Kay5380 ($3.99 in chips) 
Seat 6: Mister-Bik ($1.82 in chips) 
donrux_mocrym: posts small blind $0.01
K1LL PHIL: posts big blind $0.02
*** HOLE CARDS ***
Dealt to Lorpugo [6s 5c]
Lorpugo: folds 
ChristopherDang: folds 
Kay5380: folds 
Mister-Bik has timed out
Mister-Bik: folds 
donrux_mocrym: folds 
Uncalled bet ($0.01) returned to K1LL PHIL
K1LL PHIL collected $0.02 from pot
*** SUMMARY ***
Total pot $0.02 | Rake $0 
Seat 1: donrux_mocrym (small blind) folded before Flop
Seat 2: K1LL PHIL (big blind) collected ($0.02)
Seat 3: Lorpugo folded before Flop (didn't bet)
Seat 4: ChristopherDang folded before Flop (didn't bet)
Seat 5: Kay5380 folded before Flop (didn't bet)
Seat 6: Mister-Bik (button) folded before Flop (didn't bet)



PokerStars Hand #241345778035:  Hold'em No Limit ($0.01/$0.02 USD) - 2023/01/23 13:34:23 ET
Table 'Wurm II' 6-max Seat #1 is the button
Seat 1: donrux_mocrym ($4.91 in chips) 
Seat 2: K1LL PHIL ($2.47 in chips) 
Seat 3: Lorpugo ($2.16 in chips) 
Seat 4: ChristopherDang ($0.74 in chips) 
Seat 5: Kay5380 ($3.99 in chips) 
Seat 6: Mister-Bik ($1.82 in chips) 
K1LL PHIL: posts small blind $0.01
Lorpugo: posts big blind $0.02
*** HOLE CARDS ***
Dealt to Lorpugo [3h 7s]
ChristopherDang: folds 
Kay5380: folds 
Mister-Bik: folds 
donrux_mocrym: raises $0.04 to $0.06
K1LL PHIL: calls $0.05
Lorpugo: folds 
*** FLOP *** [7h 3c 4h]
K1LL PHIL: checks 
donrux_mocrym: bets $0.07
K1LL PHIL: folds 
Uncalled bet ($0.07) returned to donrux_mocrym
donrux_mocrym collected $0.14 from pot
*** SUMMARY ***
Total pot $0.14 | Rake $0 
Board [7h 3c 4h]
Seat 1: donrux_mocrym (button) collected ($0.14)
Seat 2: K1LL PHIL (small blind) folded on the Flop
Seat 3: Lorpugo (big blind) folded before Flop
Seat 4: ChristopherDang folded before Flop (didn't bet)
Seat 5: Kay5380 folded before Flop (didn't bet)
Seat 6: Mister-Bik folded before Flop (didn't bet)



PokerStars Hand #241345798101:  Hold'em No Limit ($0.01/$0.02 USD) - 2023/01/23 13:35:14 ET
Table 'Wurm II' 6-max Seat #2 is the button
Seat 1: donrux_mocrym ($4.99 in chips) 
Seat 2: K1LL PHIL ($2.41 in chips) 
Seat 3: Lorpugo ($2.14 in chips) 
Seat 4: ChristopherDang ($0.74 in chips) 
Seat 5: Kay5380 ($3.99 in chips) 
Seat 6: Mister-Bik ($1.82 in chips) 
Lorpugo: posts small blind $0.01
ChristopherDang: posts big blind $0.02
*** HOLE CARDS ***
Dealt to Lorpugo [3s Js]
Kay5380: folds 
Mister-Bik: raises $0.04 to $0.06
donrux_mocrym: folds 
K1LL PHIL: raises $0.15 to $0.21
Lorpugo: folds 
ChristopherDang: folds 
Mister-Bik: calls $0.15
*** FLOP *** [Qs Ts Tc]
Mister-Bik: checks 
K1LL PHIL: bets $0.22
Mister-Bik: calls $0.22
*** TURN *** [Qs Ts Tc] [2d]
Mister-Bik: checks 
K1LL PHIL: checks 
*** RIVER *** [Qs Ts Tc 2d] [8d]
Mister-Bik: bets $0.57
K1LL PHIL: raises $0.57 to $1.14
Mister-Bik: raises $0.25 to $1.39 and is all-in
K1LL PHIL: calls $0.25
*** SHOW DOWN ***
Mister-Bik: shows [Jd Th] (three of a kind, Tens)
K1LL PHIL: shows [7s 7h] (two pair, Tens and Sevens)
Mister-Bik collected $3.54 from pot
*** SUMMARY ***
Total pot $3.67 | Rake $0.13 
Board [Qs Ts Tc 2d 8d]
Seat 1: donrux_mocrym folded before Flop (didn't bet)
Seat 2: K1LL PHIL (button) showed [7s 7h] and lost with two pair, Tens and Sevens
Seat 3: Lorpugo (small blind) folded before Flop
Seat 4: ChristopherDang (big blind) folded before Flop
Seat 5: Kay5380 folded before Flop (didn't bet)
Seat 6: Mister-Bik showed [Jd Th] and won ($3.54) with three of a kind, Tens



PokerStars Hand #241345817408:  Hold'em No Limit ($0.01/$0.02 USD) - 2023/01/23 13:36:04 ET
Table 'Wurm II' 6-max Seat #3 is the button
Seat 1: donrux_mocrym ($4.99 in chips) 
Seat 2: K1LL PHIL ($0.59 in chips) 
Seat 3: Lorpugo ($2.13 in chips) 
Seat 4: ChristopherDang ($0.72 in chips) 
Seat 6: Mister-Bik ($3.54 in chips) 
ChristopherDang: posts small blind $0.01
Mister-Bik: posts big blind $0.02
*** HOLE CARDS ***
Dealt to Lorpugo [Kc 5h]
donrux_mocrym: folds 
Kay5380 leaves the table
K1LL PHIL: raises $0.05 to $0.07
Lorpugo: folds 
klinger96 joins the table at seat #5 
ChristopherDang: folds 
Mister-Bik: folds 
Uncalled bet ($0.05) returned to K1LL PHIL
K1LL PHIL collected $0.05 from pot
*** SUMMARY ***
Total pot $0.05 | Rake $0 
Seat 1: donrux_mocrym folded before Flop (didn't bet)
Seat 2: K1LL PHIL collected ($0.05)
Seat 3: Lorpugo (button) folded before Flop (didn't bet)
Seat 4: ChristopherDang (small blind) folded before Flop
Seat 6: Mister-Bik (big blind) folded before Flop



PokerStars Hand #241345829406:  Hold'em No Limit ($0.01/$0.02 USD) - 2023/01/23 13:36:34 ET
Table 'Wurm II' 6-max Seat #4 is the button
Seat 1: donrux_mocrym ($4.99 in chips) 
Seat 2: K1LL PHIL ($0.62 in chips) 
Seat 3: Lorpugo ($2.13 in chips) 
Seat 4: ChristopherDang ($0.71 in chips) 
Seat 6: Mister-Bik ($3.52 in chips) 
Mister-Bik: posts small blind $0.01
donrux_mocrym: posts big blind $0.02
*** HOLE CARDS ***
Dealt to Lorpugo [4c 2h]
K1LL PHIL: raises $0.04 to $0.06
Lorpugo: folds 
ChristopherDang: folds 
Mister-Bik: folds 
donrux_mocrym: calls $0.04
*** FLOP *** [2s Ks Jc]
donrux_mocrym: checks 
K1LL PHIL: checks 
*** TURN *** [2s Ks Jc] [5s]
donrux_mocrym: bets $0.04
K1LL PHIL: folds 
Uncalled bet ($0.04) returned to donrux_mocrym
donrux_mocrym collected $0.13 from pot
*** SUMMARY ***
Total pot $0.13 | Rake $0 
Board [2s Ks Jc 5s]
Seat 1: donrux_mocrym (big blind) collected ($0.13)
Seat 2: K1LL PHIL folded on the Turn
Seat 3: Lorpugo folded before Flop (didn't bet)
Seat 4: ChristopherDang (button) folded before Flop (didn't bet)
Seat 6: Mister-Bik (small blind) folded before Flop



PokerStars Hand #241345857581:  Hold'em No Limit ($0.01/$0.02 USD) - 2023/01/23 13:37:47 ET
Table 'Wurm II' 6-max Seat #6 is the button
Seat 1: donrux_mocrym ($5.06 in chips) 
Seat 2: K1LL PHIL ($0.56 in chips) 
Seat 3: Lorpugo ($2.13 in chips) 
Seat 4: ChristopherDang ($0.71 in chips) 
Seat 6: Mister-Bik ($3.51 in chips) 
donrux_mocrym: posts small blind $0.01
K1LL PHIL: posts big blind $0.02
*** HOLE CARDS ***
Dealt to Lorpugo [As 7h]
Lorpugo: raises $0.03 to $0.05
ChristopherDang: folds 
Mister-Bik: folds 
donrux_mocrym: folds 
K1LL PHIL: calls $0.03
*** FLOP *** [9d Td 5s]
K1LL PHIL: bets $0.11
Lorpugo: folds 
Uncalled bet ($0.11) returned to K1LL PHIL
K1LL PHIL collected $0.11 from pot
*** SUMMARY ***
Total pot $0.11 | Rake $0 
Board [9d Td 5s]
Seat 1: donrux_mocrym (small blind) folded before Flop
Seat 2: K1LL PHIL (big blind) collected ($0.11)
Seat 3: Lorpugo folded on the Flop
Seat 4: ChristopherDang folded before Flop (didn't bet)
Seat 6: Mister-Bik (button) folded before Flop (didn't bet)



PokerStars Hand #241345878608:  Hold'em No Limit ($0.01/$0.02 USD) - 2023/01/23 13:38:41 ET
Table 'Wurm II' 6-max Seat #1 is the button
Seat 1: donrux_mocrym ($5.05 in chips) 
Seat 2: K1LL PHIL ($0.62 in chips) 
Seat 3: Lorpugo ($2.08 in chips) 
Seat 4: ChristopherDang ($0.71 in chips) 
Seat 6: Mister-Bik ($3.51 in chips) 
K1LL PHIL: posts small blind $0.01
Lorpugo: posts big blind $0.02
*** HOLE CARDS ***
Dealt to Lorpugo [As 6d]
ChristopherDang: folds 
Mister-Bik: folds 
donrux_mocrym: raises $0.04 to $0.06
K1LL PHIL: raises $0.14 to $0.20
Lorpugo: folds 
donrux_mocrym: folds 
Uncalled bet ($0.14) returned to K1LL PHIL
K1LL PHIL collected $0.14 from pot
*** SUMMARY ***
Total pot $0.14 | Rake $0 
Seat 1: donrux_mocrym (button) folded before Flop
Seat 2: K1LL PHIL (small blind) collected ($0.14)
Seat 3: Lorpugo (big blind) folded before Flop
Seat 4: ChristopherDang folded before Flop (didn't bet)
Seat 6: Mister-Bik folded before Flop (didn't bet)



PokerStars Hand #241345886604:  Hold'em No Limit ($0.01/$0.02 USD) - 2023/01/23 13:39:02 ET
Table 'Wurm II' 6-max Seat #2 is the button
Seat 1: donrux_mocrym ($4.99 in chips) 
Seat 2: K1LL PHIL ($0.70 in chips) 
Seat 3: Lorpugo ($2.06 in chips) 
Seat 4: ChristopherDang ($0.71 in chips) 
Seat 6: Mister-Bik ($3.51 in chips) 
Lorpugo: posts small blind $0.01
ChristopherDang: posts big blind $0.02
*** HOLE CARDS ***
Dealt to Lorpugo [Qc Kd]
Mister-Bik: folds 
donrux_mocrym: folds 
K1LL PHIL: raises $0.04 to $0.06
Lorpugo: raises $0.12 to $0.18
ChristopherDang: folds 
K1LL PHIL: raises $0.52 to $0.70 and is all-in
Lorpugo: calls $0.52
*** FLOP *** [3s 9c Ac]
*** TURN *** [3s 9c Ac] [4s]
*** RIVER *** [3s 9c Ac 4s] [Ks]
*** SHOW DOWN ***
Lorpugo: shows [Qc Kd] (a pair of Kings)
K1LL PHIL: shows [Kc As] (two pair, Aces and Kings)
K1LL PHIL collected $1.37 from pot
*** SUMMARY ***
Total pot $1.42 | Rake $0.05 
Board [3s 9c Ac 4s Ks]
Seat 1: donrux_mocrym folded before Flop (didn't bet)
Seat 2: K1LL PHIL (button) showed [Kc As] and won ($1.37) with two pair, Aces and Kings
Seat 3: Lorpugo (small blind) showed [Qc Kd] and lost with a pair of Kings
Seat 4: ChristopherDang (big blind) folded before Flop
Seat 6: Mister-Bik folded before Flop (didn't bet)



PokerStars Hand #241345901059:  Hold'em No Limit ($0.01/$0.02 USD) - 2023/01/23 13:39:39 ET
Table 'Wurm II' 6-max Seat #3 is the button
Seat 1: donrux_mocrym ($4.99 in chips) 
Seat 2: K1LL PHIL ($1.37 in chips) 
Seat 3: Lorpugo ($1.36 in chips) 
Seat 4: ChristopherDang ($0.69 in chips) 
Seat 5: klinger96 ($0.80 in chips) 
Seat 6: Mister-Bik ($3.51 in chips) 
ChristopherDang: posts small blind $0.01
klinger96: posts big blind $0.02
*** HOLE CARDS ***
Dealt to Lorpugo [3d 8d]
Mister-Bik: raises $0.04 to $0.06
donrux_mocrym: folds 
K1LL PHIL: raises $0.15 to $0.21
Lorpugo: folds 
ChristopherDang: folds 
klinger96: folds 
Mister-Bik: calls $0.15
*** FLOP *** [Ac 9c 7c]
Mister-Bik: checks 
K1LL PHIL: checks 
*** TURN *** [Ac 9c 7c] [7h]
Mister-Bik: bets $0.22
K1LL PHIL: calls $0.22
*** RIVER *** [Ac 9c 7c 7h] [Qh]
Mister-Bik: bets $0.32
K1LL PHIL: raises $0.62 to $0.94 and is all-in
Mister-Bik: calls $0.62
*** SHOW DOWN ***
K1LL PHIL: shows [Qc Qs] (a full house, Queens full of Sevens)
Mister-Bik: shows [As Ts] (two pair, Aces and Sevens)
K1LL PHIL collected $2.67 from pot
*** SUMMARY ***
Total pot $2.77 | Rake $0.10 
Board [Ac 9c 7c 7h Qh]
Seat 1: donrux_mocrym folded before Flop (didn't bet)
Seat 2: K1LL PHIL showed [Qc Qs] and won ($2.67) with a full house, Queens full of Sevens
Seat 3: Lorpugo (button) folded before Flop (didn't bet)
Seat 4: ChristopherDang (small blind) folded before Flop
Seat 5: klinger96 (big blind) folded before Flop
Seat 6: Mister-Bik showed [As Ts] and lost with two pair, Aces and Sevens



PokerStars Hand #241345930250:  Hold'em No Limit ($0.01/$0.02 USD) - 2023/01/23 13:40:53 ET
Table 'Wurm II' 6-max Seat #4 is the button
Seat 1: donrux_mocrym ($4.99 in chips) 
Seat 2: K1LL PHIL ($2.67 in chips) 
Seat 3: Lorpugo ($1.36 in chips) 
Seat 4: ChristopherDang ($0.68 in chips) 
Seat 5: klinger96 ($0.78 in chips) 
Seat 6: Mister-Bik ($2.14 in chips) 
klinger96: posts small blind $0.01
Mister-Bik: posts big blind $0.02
*** HOLE CARDS ***
Dealt to Lorpugo [Kh 4h]
donrux_mocrym: folds 
K1LL PHIL: calls $0.02
Lorpugo: folds 
ChristopherDang: raises $0.06 to $0.08
klinger96: calls $0.07
Mister-Bik: folds 
K1LL PHIL: calls $0.06
*** FLOP *** [9s 8d 6s]
klinger96: checks 
K1LL PHIL: checks 
ChristopherDang: bets $0.14
klinger96: raises $0.56 to $0.70 and is all-in
K1LL PHIL: folds 
ChristopherDang: folds 
Uncalled bet ($0.56) returned to klinger96
klinger96 collected $0.52 from pot
*** SUMMARY ***
Total pot $0.54 | Rake $0.02 
Board [9s 8d 6s]
Seat 1: donrux_mocrym folded before Flop (didn't bet)
Seat 2: K1LL PHIL folded on the Flop
Seat 3: Lorpugo folded before Flop (didn't bet)
Seat 4: ChristopherDang (button) folded on the Flop
Seat 5: klinger96 (small blind) collected ($0.52)
Seat 6: Mister-Bik (big blind) folded before Flop



PokerStars Hand #241345949839:  Hold'em No Limit ($0.01/$0.02 USD) - 2023/01/23 13:41:43 ET
Table 'Wurm II' 6-max Seat #5 is the button
Seat 1: donrux_mocrym ($4.99 in chips) 
Seat 2: K1LL PHIL ($2.59 in chips) 
Seat 3: Lorpugo ($1.36 in chips) 
Seat 4: ChristopherDang ($0.46 in chips) 
Seat 5: klinger96 ($1.08 in chips) 
Seat 6: Mister-Bik ($2.12 in chips) 
Mister-Bik: posts small blind $0.01
donrux_mocrym: posts big blind $0.02
*** HOLE CARDS ***
Dealt to Lorpugo [6h 2c]
K1LL PHIL: folds 
Lorpugo: folds 
ChristopherDang: folds 
klinger96: folds 
Mister-Bik: raises $0.04 to $0.06
donrux_mocrym: folds 
Uncalled bet ($0.04) returned to Mister-Bik
Mister-Bik collected $0.04 from pot
Mister-Bik: doesn't show hand 
*** SUMMARY ***
Total pot $0.04 | Rake $0 
Seat 1: donrux_mocrym (big blind) folded before Flop
Seat 2: K1LL PHIL folded before Flop (didn't bet)
Seat 3: Lorpugo folded before Flop (didn't bet)
Seat 4: ChristopherDang folded before Flop (didn't bet)
Seat 5: klinger96 (button) folded before Flop (didn't bet)
Seat 6: Mister-Bik (small blind) collected ($0.04)



PokerStars Hand #241345957359:  Hold'em No Limit ($0.01/$0.02 USD) - 2023/01/23 13:42:02 ET
Table 'Wurm II' 6-max Seat #6 is the button
Seat 1: donrux_mocrym ($4.97 in chips) 
Seat 2: K1LL PHIL ($2.59 in chips) 
Seat 3: Lorpugo ($1.36 in chips) 
Seat 4: ChristopherDang ($2 in chips) 
Seat 5: klinger96 ($1.08 in chips) 
Seat 6: Mister-Bik ($2.14 in chips) 
donrux_mocrym: posts small blind $0.01
K1LL PHIL: posts big blind $0.02
*** HOLE CARDS ***
Dealt to Lorpugo [Jd Td]
Lorpugo: raises $0.03 to $0.05
ChristopherDang: folds 
klinger96: folds 
Mister-Bik: calls $0.05
donrux_mocrym: folds 
K1LL PHIL: folds 
*** FLOP *** [4s 8c Jh]
Lorpugo: bets $0.09
Mister-Bik: folds 
Uncalled bet ($0.09) returned to Lorpugo
Lorpugo collected $0.13 from pot
Lorpugo: doesn't show hand 
*** SUMMARY ***
Total pot $0.13 | Rake $0 
Board [4s 8c Jh]
Seat 1: donrux_mocrym (small blind) folded before Flop
Seat 2: K1LL PHIL (big blind) folded before Flop
Seat 3: Lorpugo collected ($0.13)
Seat 4: ChristopherDang folded before Flop (didn't bet)
Seat 5: klinger96 folded before Flop (didn't bet)
Seat 6: Mister-Bik (button) folded on the Flop



PokerStars Hand #241345964842:  Hold'em No Limit ($0.01/$0.02 USD) - 2023/01/23 13:42:21 ET
Table 'Wurm II' 6-max Seat #1 is the button
Seat 1: donrux_mocrym ($4.96 in chips) 
Seat 2: K1LL PHIL ($2.57 in chips) 
Seat 3: Lorpugo ($1.44 in chips) 
Seat 4: ChristopherDang ($2 in chips) 
Seat 5: klinger96 ($1.08 in chips) 
Seat 6: Mister-Bik ($2.09 in chips) 
K1LL PHIL: posts small blind $0.01
Lorpugo: posts big blind $0.02
*** HOLE CARDS ***
Dealt to Lorpugo [Jc 9d]
ChristopherDang: folds 
klinger96: folds 
Mister-Bik: folds 
donrux_mocrym: raises $0.04 to $0.06
K1LL PHIL: folds 
Lorpugo: calls $0.04
*** FLOP *** [Th 6d Qd]
K1LL PHIL leaves the table
Lorpugo: checks 
donrux_mocrym: bets $0.07
ds276 joins the table at seat #2 
Lorpugo: calls $0.07
*** TURN *** [Th 6d Qd] [8c]
Lorpugo: checks 
donrux_mocrym: bets $0.13
Lorpugo: raises $0.29 to $0.42
donrux_mocrym: folds 
Uncalled bet ($0.29) returned to Lorpugo
Lorpugo collected $0.51 from pot
Lorpugo: doesn't show hand 
*** SUMMARY ***
Total pot $0.53 | Rake $0.02 
Board [Th 6d Qd 8c]
Seat 1: donrux_mocrym (button) folded on the Turn
Seat 2: K1LL PHIL (small blind) folded before Flop
Seat 3: Lorpugo (big blind) collected ($0.51)
Seat 4: ChristopherDang folded before Flop (didn't bet)
Seat 5: klinger96 folded before Flop (didn't bet)
Seat 6: Mister-Bik folded before Flop (didn't bet)



PokerStars Hand #241345998158:  Hold'em No Limit ($0.01/$0.02 USD) - 2023/01/23 13:43:46 ET
Table 'Wurm II' 6-max Seat #3 is the button
Seat 1: donrux_mocrym ($4.70 in chips) 
Seat 2: ds276 ($0.80 in chips) 
Seat 3: Lorpugo ($1.69 in chips) 
Seat 4: ChristopherDang ($2 in chips) 
Seat 5: klinger96 ($1.08 in chips) 
Seat 6: Mister-Bik ($2.09 in chips) 
ChristopherDang: posts small blind $0.01
klinger96: posts big blind $0.02
ds276: posts big blind $0.02
*** HOLE CARDS ***
Dealt to Lorpugo [2h 8d]
Mister-Bik: folds 
donrux_mocrym: folds 
ds276: checks 
Lorpugo: folds 
ChristopherDang: calls $0.01
klinger96: checks 
*** FLOP *** [3d 6d 7h]
ChristopherDang: checks 
klinger96: checks 
ds276: bets $0.02
ChristopherDang: calls $0.02
klinger96: calls $0.02
*** TURN *** [3d 6d 7h] [Kh]
ChristopherDang: checks 
klinger96: checks 
ds276: bets $0.04
ChristopherDang: calls $0.04
klinger96: folds 
*** RIVER *** [3d 6d 7h Kh] [Qs]
ChristopherDang: checks 
ds276: bets $0.06
ChristopherDang: calls $0.06
*** SHOW DOWN ***
ds276: shows [Kd 2d] (a pair of Kings)
ChristopherDang: mucks hand 
ds276 collected $0.31 from pot
*** SUMMARY ***
Total pot $0.32 | Rake $0.01 
Board [3d 6d 7h Kh Qs]
Seat 1: donrux_mocrym folded before Flop (didn't bet)
Seat 2: ds276 showed [Kd 2d] and won ($0.31) with a pair of Kings
Seat 3: Lorpugo (button) folded before Flop (didn't bet)
Seat 4: ChristopherDang (small blind) mucked [Qh 5h]
Seat 5: klinger96 (big blind) folded on the Turn
Seat 6: Mister-Bik folded before Flop (didn't bet)



PokerStars Hand #241346022138:  Hold'em No Limit ($0.01/$0.02 USD) - 2023/01/23 13:44:48 ET
Table 'Wurm II' 6-max Seat #4 is the button
Seat 1: donrux_mocrym ($4.70 in chips) 
Seat 2: ds276 ($0.97 in chips) 
Seat 3: Lorpugo ($1.69 in chips) 
Seat 4: ChristopherDang ($1.86 in chips) 
Seat 5: klinger96 ($1.04 in chips) 
Seat 6: Mister-Bik ($2.09 in chips) 
klinger96: posts small blind $0.01
Mister-Bik: posts big blind $0.02
*** HOLE CARDS ***
Dealt to Lorpugo [9h 8h]
donrux_mocrym: folds 
ds276: calls $0.02
Lorpugo: calls $0.02
ChristopherDang: folds 
klinger96: calls $0.01
Mister-Bik: checks 
*** FLOP *** [Jh Qc Jc]
klinger96: checks 
Mister-Bik: checks 
ds276: checks 
Lorpugo: checks 
*** TURN *** [Jh Qc Jc] [Kh]
klinger96: checks 
Mister-Bik: checks 
ds276: bets $0.04
Lorpugo: calls $0.04
klinger96: folds 
Mister-Bik: calls $0.04
*** RIVER *** [Jh Qc Jc Kh] [Qs]
Mister-Bik: checks 
ds276: checks 
Lorpugo: checks 
*** SHOW DOWN ***
Mister-Bik: shows [6h 2h] (two pair, Queens and Jacks)
ds276: shows [Ah Td] (a straight, Ten to Ace)
Lorpugo: mucks hand 
ds276 collected $0.19 from pot
*** SUMMARY ***
Total pot $0.20 | Rake $0.01 
Board [Jh Qc Jc Kh Qs]
Seat 1: donrux_mocrym folded before Flop (didn't bet)
Seat 2: ds276 showed [Ah Td] and won ($0.19) with a straight, Ten to Ace
Seat 3: Lorpugo mucked [9h 8h]
Seat 4: ChristopherDang (button) folded before Flop (didn't bet)
Seat 5: klinger96 (small blind) folded on the Turn
Seat 6: Mister-Bik (big blind) showed [6h 2h] and lost with two pair, Queens and Jacks



PokerStars Hand #241346046117:  Hold'em No Limit ($0.01/$0.02 USD) - 2023/01/23 13:45:49 ET
Table 'Wurm II' 6-max Seat #5 is the button
Seat 1: donrux_mocrym ($4.70 in chips) 
Seat 2: ds276 ($1.10 in chips) 
Seat 3: Lorpugo ($1.63 in chips) 
Seat 4: ChristopherDang ($1.86 in chips) 
Seat 5: klinger96 ($1.02 in chips) 
Seat 6: Mister-Bik ($2.03 in chips) 
Mister-Bik: posts small blind $0.01
donrux_mocrym: posts big blind $0.02
*** HOLE CARDS ***
Dealt to Lorpugo [3d Tc]
ds276: folds 
Lorpugo: folds 
ChristopherDang: folds 
klinger96: folds 
Mister-Bik: folds 
Uncalled bet ($0.01) returned to donrux_mocrym
donrux_mocrym collected $0.02 from pot
*** SUMMARY ***
Total pot $0.02 | Rake $0 
Seat 1: donrux_mocrym (big blind) collected ($0.02)
Seat 2: ds276 folded before Flop (didn't bet)
Seat 3: Lorpugo folded before Flop (didn't bet)
Seat 4: ChristopherDang folded before Flop (didn't bet)
Seat 5: klinger96 (button) folded before Flop (didn't bet)
Seat 6: Mister-Bik (small blind) folded before Flop



PokerStars Hand #241346050327:  Hold'em No Limit ($0.01/$0.02 USD) - 2023/01/23 13:46:00 ET
Table 'Wurm II' 6-max Seat #6 is the button
Seat 1: donrux_mocrym ($4.71 in chips) 
Seat 2: ds276 ($1.10 in chips) 
Seat 3: Lorpugo ($1.63 in chips) 
Seat 4: ChristopherDang ($1.86 in chips) 
Seat 5: klinger96 ($1.02 in chips) 
Seat 6: Mister-Bik ($2.02 in chips) 
donrux_mocrym: posts small blind $0.01
ds276: posts big blind $0.02
*** HOLE CARDS ***
Dealt to Lorpugo [Td Kd]
Lorpugo: raises $0.03 to $0.05
ChristopherDang: raises $0.13 to $0.18
klinger96: folds 
Mister-Bik: folds 
donrux_mocrym: folds 
ds276: folds 
Lorpugo: calls $0.13
*** FLOP *** [9s 4d 6c]
Lorpugo: checks 
ChristopherDang: bets $0.24
Lorpugo: folds 
Uncalled bet ($0.24) returned to ChristopherDang
ChristopherDang collected $0.38 from pot
ChristopherDang: doesn't show hand 
*** SUMMARY ***
Total pot $0.39 | Rake $0.01 
Board [9s 4d 6c]
Seat 1: donrux_mocrym (small blind) folded before Flop
Seat 2: ds276 (big blind) folded before Flop
Seat 3: Lorpugo folded on the Flop
Seat 4: ChristopherDang collected ($0.38)
Seat 5: klinger96 folded before Flop (didn't bet)
Seat 6: Mister-Bik (button) folded before Flop (didn't bet)



PokerStars Hand #241346064410:  Hold'em No Limit ($0.01/$0.02 USD) - 2023/01/23 13:46:36 ET
Table 'Wurm II' 6-max Seat #1 is the button
Seat 1: donrux_mocrym ($4.70 in chips) 
Seat 2: ds276 ($1.08 in chips) 
Seat 3: Lorpugo ($1.45 in chips) 
Seat 4: ChristopherDang ($2.06 in chips) 
Seat 5: klinger96 ($1.02 in chips) 
Seat 6: Mister-Bik ($2.02 in chips) 
ds276: posts small blind $0.01
Lorpugo: posts big blind $0.02
*** HOLE CARDS ***
Dealt to Lorpugo [2h 4d]
ChristopherDang: folds 
klinger96: folds 
Mister-Bik: raises $0.04 to $0.06
donrux_mocrym: folds 
ds276: folds 
Lorpugo: folds 
Uncalled bet ($0.04) returned to Mister-Bik
Mister-Bik collected $0.05 from pot
Mister-Bik: doesn't show hand 
*** SUMMARY ***
Total pot $0.05 | Rake $0 
Seat 1: donrux_mocrym (button) folded before Flop (didn't bet)
Seat 2: ds276 (small blind) folded before Flop
Seat 3: Lorpugo (big blind) folded before Flop
Seat 4: ChristopherDang folded before Flop (didn't bet)
Seat 5: klinger96 folded before Flop (didn't bet)
Seat 6: Mister-Bik collected ($0.05)



PokerStars Hand #241346070581:  Hold'em No Limit ($0.01/$0.02 USD) - 2023/01/23 13:46:51 ET
Table 'Wurm II' 6-max Seat #2 is the button
Seat 1: donrux_mocrym ($4.70 in chips) 
Seat 2: ds276 ($1.07 in chips) 
Seat 3: Lorpugo ($1.43 in chips) 
Seat 4: ChristopherDang ($2.06 in chips) 
Seat 5: klinger96 ($1.02 in chips) 
Seat 6: Mister-Bik ($2.05 in chips) 
Lorpugo: posts small blind $0.01
ChristopherDang: posts big blind $0.02
*** HOLE CARDS ***
Dealt to Lorpugo [5c 9d]
klinger96: folds 
Mister-Bik: folds 
donrux_mocrym: folds 
ds276: folds 
Lorpugo: folds 
Uncalled bet ($0.01) returned to ChristopherDang
ChristopherDang collected $0.02 from pot
ChristopherDang: doesn't show hand 
*** SUMMARY ***
Total pot $0.02 | Rake $0 
Seat 1: donrux_mocrym folded before Flop (didn't bet)
Seat 2: ds276 (button) folded before Flop (didn't bet)
Seat 3: Lorpugo (small blind) folded before Flop
Seat 4: ChristopherDang (big blind) collected ($0.02)
Seat 5: klinger96 folded before Flop (didn't bet)
Seat 6: Mister-Bik folded before Flop (didn't bet)



PokerStars Hand #241346080072:  Hold'em No Limit ($0.01/$0.02 USD) - 2023/01/23 13:47:16 ET
Table 'Wurm II' 6-max Seat #3 is the button
Seat 1: donrux_mocrym ($4.70 in chips) 
Seat 2: ds276 ($1.07 in chips) 
Seat 3: Lorpugo ($1.42 in chips) 
Seat 4: ChristopherDang ($2.07 in chips) 
Seat 5: klinger96 ($1.02 in chips) 
Seat 6: Mister-Bik ($2.05 in chips) 
ChristopherDang: posts small blind $0.01
klinger96: posts big blind $0.02
*** HOLE CARDS ***
Dealt to Lorpugo [8c 9s]
Mister-Bik: folds 
donrux_mocrym: raises $0.04 to $0.06
ds276: folds 
Lorpugo: folds 
ChristopherDang: folds 
klinger96: calls $0.04
*** FLOP *** [Ah 8s 8h]
klinger96: bets $0.06
donrux_mocrym: raises $0.25 to $0.31
klinger96: folds 
Uncalled bet ($0.25) returned to donrux_mocrym
donrux_mocrym collected $0.24 from pot
*** SUMMARY ***
Total pot $0.25 | Rake $0.01 
Board [Ah 8s 8h]
Seat 1: donrux_mocrym collected ($0.24)
Seat 2: ds276 folded before Flop (didn't bet)
Seat 3: Lorpugo (button) folded before Flop (didn't bet)
Seat 4: ChristopherDang (small blind) folded before Flop
Seat 5: klinger96 (big blind) folded on the Flop
Seat 6: Mister-Bik folded before Flop (didn't bet)



PokerStars Hand #241346098610:  Hold'em No Limit ($0.01/$0.02 USD) - 2023/01/23 13:48:04 ET
Table 'Wurm II' 6-max Seat #4 is the button
Seat 1: donrux_mocrym ($4.82 in chips) 
Seat 2: ds276 ($1.07 in chips) 
Seat 3: Lorpugo ($1.42 in chips) 
Seat 4: ChristopherDang ($2.06 in chips) 
Seat 5: klinger96 ($0.90 in chips) 
Seat 6: Mister-Bik ($2.05 in chips) 
klinger96: posts small blind $0.01
Mister-Bik: posts big blind $0.02
*** HOLE CARDS ***
Dealt to Lorpugo [7c As]
donrux_mocrym: raises $0.04 to $0.06
ds276: folds 
Lorpugo: folds 
ChristopherDang: folds 
klinger96: folds 
Mister-Bik: folds 
Uncalled bet ($0.04) returned to donrux_mocrym
donrux_mocrym collected $0.05 from pot
*** SUMMARY ***
Total pot $0.05 | Rake $0 
Seat 1: donrux_mocrym collected ($0.05)
Seat 2: ds276 folded before Flop (didn't bet)
Seat 3: Lorpugo folded before Flop (didn't bet)
Seat 4: ChristopherDang (button) folded before Flop (didn't bet)
Seat 5: klinger96 (small blind) folded before Flop
Seat 6: Mister-Bik (big blind) folded before Flop



PokerStars Hand #241346103300:  Hold'em No Limit ($0.01/$0.02 USD) - 2023/01/23 13:48:16 ET
Table 'Wurm II' 6-max Seat #5 is the button
Seat 1: donrux_mocrym ($4.85 in chips) 
Seat 2: ds276 ($1.07 in chips) 
Seat 3: Lorpugo ($1.42 in chips) 
Seat 4: ChristopherDang ($2.06 in chips) 
Seat 5: klinger96 ($0.89 in chips) 
Seat 6: Mister-Bik ($2.03 in chips) 
Mister-Bik: posts small blind $0.01
donrux_mocrym: posts big blind $0.02
*** HOLE CARDS ***
Dealt to Lorpugo [5d Qd]
ds276: folds 
Lorpugo: folds 
ChristopherDang: folds 
klinger96: folds 
Mister-Bik: calls $0.01
donrux_mocrym: checks 
*** FLOP *** [Ks 6s 7d]
Mister-Bik: checks 
donrux_mocrym: bets $0.02
Mister-Bik: folds 
Uncalled bet ($0.02) returned to donrux_mocrym
donrux_mocrym collected $0.04 from pot
*** SUMMARY ***
Total pot $0.04 | Rake $0 
Board [Ks 6s 7d]
Seat 1: donrux_mocrym (big blind) collected ($0.04)
Seat 2: ds276 folded before Flop (didn't bet)
Seat 3: Lorpugo folded before Flop (didn't bet)
Seat 4: ChristopherDang folded before Flop (didn't bet)
Seat 5: klinger96 (button) folded before Flop (didn't bet)
Seat 6: Mister-Bik (small blind) folded on the Flop



PokerStars Hand #241346117273:  Hold'em No Limit ($0.01/$0.02 USD) - 2023/01/23 13:48:51 ET
Table 'Wurm II' 6-max Seat #6 is the button
Seat 1: donrux_mocrym ($4.87 in chips) 
Seat 2: ds276 ($1.07 in chips) 
Seat 3: Lorpugo ($1.42 in chips) 
Seat 4: ChristopherDang ($2.06 in chips) 
Seat 5: klinger96 ($0.89 in chips) 
Seat 6: Mister-Bik ($2.01 in chips) 
donrux_mocrym: posts small blind $0.01
ds276: posts big blind $0.02
*** HOLE CARDS ***
Dealt to Lorpugo [3c 9c]
Lorpugo: folds 
ChristopherDang: raises $0.04 to $0.06
klinger96: folds 
Mister-Bik: folds 
donrux_mocrym: folds 
ds276: calls $0.04
*** FLOP *** [3d 2d 7h]
ds276: checks 
ChristopherDang: checks 
*** TURN *** [3d 2d 7h] [Ac]
ds276: bets $0.02
ChristopherDang: raises $0.09 to $0.11
ds276: calls $0.09
*** RIVER *** [3d 2d 7h Ac] [8s]
ds276: checks 
ChristopherDang: checks 
*** SHOW DOWN ***
ds276: shows [Jc Ah] (a pair of Aces)
ChristopherDang: mucks hand 
ds276 collected $0.34 from pot
*** SUMMARY ***
Total pot $0.35 | Rake $0.01 
Board [3d 2d 7h Ac 8s]
Seat 1: donrux_mocrym (small blind) folded before Flop
Seat 2: ds276 (big blind) showed [Jc Ah] and won ($0.34) with a pair of Aces
Seat 3: Lorpugo folded before Flop (didn't bet)
Seat 4: ChristopherDang mucked [Ks Td]
Seat 5: klinger96 folded before Flop (didn't bet)
Seat 6: Mister-Bik (button) folded before Flop (didn't bet)



PokerStars Hand #241346128876:  Hold'em No Limit ($0.01/$0.02 USD) - 2023/01/23 13:49:21 ET
Table 'Wurm II' 6-max Seat #1 is the button
Seat 1: donrux_mocrym ($4.86 in chips) 
Seat 2: ds276 ($1.24 in chips) 
Seat 3: Lorpugo ($1.42 in chips) 
Seat 4: ChristopherDang ($1.89 in chips) 
Seat 5: klinger96 ($0.89 in chips) 
Seat 6: Mister-Bik ($2.01 in chips) 
ds276: posts small blind $0.01
Lorpugo: posts big blind $0.02
*** HOLE CARDS ***
Dealt to Lorpugo [8d 3d]
ChristopherDang: folds 
klinger96: folds 
Mister-Bik: raises $0.04 to $0.06
donrux_mocrym: folds 
ds276: folds 
Lorpugo: folds 
Uncalled bet ($0.04) returned to Mister-Bik
ds276 leaves the table
Mister-Bik collected $0.05 from pot
Mister-Bik: doesn't show hand 
*** SUMMARY ***
Total pot $0.05 | Rake $0 
Seat 1: donrux_mocrym (button) folded before Flop (didn't bet)
Seat 2: ds276 (small blind) folded before Flop
Seat 3: Lorpugo (big blind) folded before Flop
Seat 4: ChristopherDang folded before Flop (didn't bet)
Seat 5: klinger96 folded before Flop (didn't bet)
Seat 6: Mister-Bik collected ($0.05)



PokerStars Hand #241346138147:  Hold'em No Limit ($0.01/$0.02 USD) - 2023/01/23 13:49:45 ET
Table 'Wurm II' 6-max Seat #3 is the button
Seat 1: donrux_mocrym ($4.86 in chips) 
Seat 3: Lorpugo ($1.40 in chips) 
Seat 4: ChristopherDang ($1.89 in chips) 
Seat 5: klinger96 ($0.89 in chips) 
Seat 6: Mister-Bik ($2.04 in chips) 
ChristopherDang: posts small blind $0.01
klinger96: posts big blind $0.02
*** HOLE CARDS ***
Dealt to Lorpugo [Ah 8c]
Mister-Bik: folds 
donrux_mocrym: folds 
Lorpugo: raises $0.03 to $0.05
ChristopherDang: folds 
klinger96: folds 
Uncalled bet ($0.03) returned to Lorpugo
teteush1140 joins the table at seat #2 
Lorpugo collected $0.05 from pot
Lorpugo: doesn't show hand 
*** SUMMARY ***
Total pot $0.05 | Rake $0 
Seat 1: donrux_mocrym folded before Flop (didn't bet)
Seat 3: Lorpugo (button) collected ($0.05)
Seat 4: ChristopherDang (small blind) folded before Flop
Seat 5: klinger96 (big blind) folded before Flop
Seat 6: Mister-Bik folded before Flop (didn't bet)



PokerStars Hand #241346143836:  Hold'em No Limit ($0.01/$0.02 USD) - 2023/01/23 13:50:00 ET
Table 'Wurm II' 6-max Seat #4 is the button
Seat 1: donrux_mocrym ($4.86 in chips) 
Seat 3: Lorpugo ($1.43 in chips) 
Seat 4: ChristopherDang ($1.88 in chips) 
Seat 5: klinger96 ($0.87 in chips) 
Seat 6: Mister-Bik ($2.04 in chips) 
klinger96: posts small blind $0.01
Mister-Bik: posts big blind $0.02
*** HOLE CARDS ***
Dealt to Lorpugo [4h 8s]
donrux_mocrym: folds 
Lorpugo: folds 
ChristopherDang: folds 
klinger96: calls $0.01
Mister-Bik: checks 
*** FLOP *** [Ts 7c 3h]
klinger96: bets $0.02
Mister-Bik: calls $0.02
*** TURN *** [Ts 7c 3h] [4c]
klinger96: bets $0.06
Mister-Bik: calls $0.06
*** RIVER *** [Ts 7c 3h 4c] [Kd]
klinger96: bets $0.12
Mister-Bik: folds 
Uncalled bet ($0.12) returned to klinger96
klinger96 collected $0.19 from pot
*** SUMMARY ***
Total pot $0.20 | Rake $0.01 
Board [Ts 7c 3h 4c Kd]
Seat 1: donrux_mocrym folded before Flop (didn't bet)
Seat 3: Lorpugo folded before Flop (didn't bet)
Seat 4: ChristopherDang (button) folded before Flop (didn't bet)
Seat 5: klinger96 (small blind) collected ($0.19)
Seat 6: Mister-Bik (big blind) folded on the River



PokerStars Hand #241346156538:  Hold'em No Limit ($0.01/$0.02 USD) - 2023/01/23 13:50:33 ET
Table 'Wurm II' 6-max Seat #5 is the button
Seat 1: donrux_mocrym ($4.86 in chips) 
Seat 3: Lorpugo ($1.43 in chips) 
Seat 4: ChristopherDang ($1.88 in chips) 
Seat 5: klinger96 ($0.96 in chips) 
Seat 6: Mister-Bik ($1.94 in chips) 
Mister-Bik: posts small blind $0.01
donrux_mocrym: posts big blind $0.02
*** HOLE CARDS ***
Dealt to Lorpugo [3s 4c]
Lorpugo: folds 
ChristopherDang: folds 
klinger96: folds 
Mister-Bik: folds 
Uncalled bet ($0.01) returned to donrux_mocrym
donrux_mocrym collected $0.02 from pot
*** SUMMARY ***
Total pot $0.02 | Rake $0 
Seat 1: donrux_mocrym (big blind) collected ($0.02)
Seat 3: Lorpugo folded before Flop (didn't bet)
Seat 4: ChristopherDang folded before Flop (didn't bet)
Seat 5: klinger96 (button) folded before Flop (didn't bet)
Seat 6: Mister-Bik (small blind) folded before Flop



PokerStars Hand #241346160666:  Hold'em No Limit ($0.01/$0.02 USD) - 2023/01/23 13:50:43 ET
Table 'Wurm II' 6-max Seat #6 is the button
Seat 1: donrux_mocrym ($4.87 in chips) 
Seat 2: teteush1140 ($1 in chips) 
Seat 3: Lorpugo ($1.43 in chips) 
Seat 4: ChristopherDang ($1.88 in chips) 
Seat 5: klinger96 ($0.96 in chips) 
Seat 6: Mister-Bik ($1.93 in chips) 
donrux_mocrym: posts small blind $0.01
teteush1140: posts big blind $0.02
*** HOLE CARDS ***
Dealt to Lorpugo [9h 7c]
Lorpugo: folds 
ChristopherDang: folds 
klinger96: folds 
Mister-Bik: folds 
donrux_mocrym: raises $0.04 to $0.06
teteush1140: calls $0.04
*** FLOP *** [7h Qc 6s]
donrux_mocrym: bets $0.06
teteush1140: calls $0.06
*** TURN *** [7h Qc 6s] [Ac]
donrux_mocrym: checks 
teteush1140: bets $0.12
donrux_mocrym: folds 
Uncalled bet ($0.12) returned to teteush1140
teteush1140 collected $0.23 from pot
*** SUMMARY ***
Total pot $0.24 | Rake $0.01 
Board [7h Qc 6s Ac]
Seat 1: donrux_mocrym (small blind) folded on the Turn
Seat 2: teteush1140 (big blind) collected ($0.23)
Seat 3: Lorpugo folded before Flop (didn't bet)
Seat 4: ChristopherDang folded before Flop (didn't bet)
Seat 5: klinger96 folded before Flop (didn't bet)
Seat 6: Mister-Bik (button) folded before Flop (didn't bet)



PokerStars Hand #241346180551:  Hold'em No Limit ($0.01/$0.02 USD) - 2023/01/23 13:51:34 ET
Table 'Wurm II' 6-max Seat #1 is the button
Seat 1: donrux_mocrym ($4.75 in chips) 
Seat 2: teteush1140 ($1.11 in chips) 
Seat 3: Lorpugo ($1.43 in chips) 
Seat 4: ChristopherDang ($1.88 in chips) 
Seat 5: klinger96 ($0.96 in chips) 
Seat 6: Mister-Bik ($1.93 in chips) 
teteush1140: posts small blind $0.01
Lorpugo: posts big blind $0.02
*** HOLE CARDS ***
Dealt to Lorpugo [4d Kc]
ChristopherDang: folds 
klinger96: folds 
Mister-Bik: folds 
donrux_mocrym: folds 
teteush1140: raises $0.02 to $0.04
Lorpugo: calls $0.02
*** FLOP *** [6c Qs 5c]
teteush1140: checks 
Lorpugo: checks 
*** TURN *** [6c Qs 5c] [7h]
teteush1140: bets $0.02
Lorpugo: calls $0.02
*** RIVER *** [6c Qs 5c 7h] [2c]
teteush1140: bets $0.02
Lorpugo: folds 
Uncalled bet ($0.02) returned to teteush1140
teteush1140 collected $0.12 from pot
*** SUMMARY ***
Total pot $0.12 | Rake $0 
Board [6c Qs 5c 7h 2c]
Seat 1: donrux_mocrym (button) folded before Flop (didn't bet)
Seat 2: teteush1140 (small blind) collected ($0.12)
Seat 3: Lorpugo (big blind) folded on the River
Seat 4: ChristopherDang folded before Flop (didn't bet)
Seat 5: klinger96 folded before Flop (didn't bet)
Seat 6: Mister-Bik folded before Flop (didn't bet)



PokerStars Hand #241346196762:  Hold'em No Limit ($0.01/$0.02 USD) - 2023/01/23 13:52:17 ET
Table 'Wurm II' 6-max Seat #2 is the button
Seat 1: donrux_mocrym ($4.75 in chips) 
Seat 2: teteush1140 ($1.17 in chips) 
Seat 3: Lorpugo ($1.37 in chips) 
Seat 4: ChristopherDang ($1.88 in chips) 
Seat 5: klinger96 ($0.96 in chips) 
Seat 6: Mister-Bik ($1.93 in chips) 
Lorpugo: posts small blind $0.01
ChristopherDang: posts big blind $0.02
*** HOLE CARDS ***
Dealt to Lorpugo [Js 2c]
klinger96: folds 
Mister-Bik: folds 
donrux_mocrym: folds 
teteush1140: folds 
Lorpugo: folds 
Uncalled bet ($0.01) returned to ChristopherDang
ChristopherDang collected $0.02 from pot
ChristopherDang: doesn't show hand 
*** SUMMARY ***
Total pot $0.02 | Rake $0 
Seat 1: donrux_mocrym folded before Flop (didn't bet)
Seat 2: teteush1140 (button) folded before Flop (didn't bet)
Seat 3: Lorpugo (small blind) folded before Flop
Seat 4: ChristopherDang (big blind) collected ($0.02)
Seat 5: klinger96 folded before Flop (didn't bet)
Seat 6: Mister-Bik folded before Flop (didn't bet)



PokerStars Hand #241346203732:  Hold'em No Limit ($0.01/$0.02 USD) - 2023/01/23 13:52:35 ET
Table 'Wurm II' 6-max Seat #3 is the button
Seat 1: donrux_mocrym ($4.75 in chips) 
Seat 2: teteush1140 ($1.17 in chips) 
Seat 3: Lorpugo ($1.36 in chips) 
Seat 4: ChristopherDang ($1.89 in chips) 
Seat 5: klinger96 ($0.96 in chips) 
Seat 6: Mister-Bik ($1.93 in chips) 
ChristopherDang: posts small blind $0.01
klinger96: posts big blind $0.02
*** HOLE CARDS ***
Dealt to Lorpugo [Qc 2c]
Mister-Bik: folds 
donrux_mocrym: folds 
teteush1140: folds 
Lorpugo: raises $0.02 to $0.04
ChristopherDang: folds 
klinger96: raises $0.04 to $0.08
Lorpugo: calls $0.04
*** FLOP *** [2h 8c Ks]
klinger96: bets $0.16
Lorpugo: folds 
Uncalled bet ($0.16) returned to klinger96
klinger96 collected $0.16 from pot
*** SUMMARY ***
Total pot $0.17 | Rake $0.01 
Board [2h 8c Ks]
Seat 1: donrux_mocrym folded before Flop (didn't bet)
Seat 2: teteush1140 folded before Flop (didn't bet)
Seat 3: Lorpugo (button) folded on the Flop
Seat 4: ChristopherDang (small blind) folded before Flop
Seat 5: klinger96 (big blind) collected ($0.16)
Seat 6: Mister-Bik folded before Flop (didn't bet)



PokerStars Hand #241346216732:  Hold'em No Limit ($0.01/$0.02 USD) - 2023/01/23 13:53:08 ET
Table 'Wurm II' 6-max Seat #4 is the button
Seat 1: donrux_mocrym ($4.75 in chips) 
Seat 2: teteush1140 ($1.17 in chips) 
Seat 3: Lorpugo ($1.28 in chips) 
Seat 4: ChristopherDang ($1.88 in chips) 
Seat 5: klinger96 ($1.04 in chips) 
Seat 6: Mister-Bik ($1.93 in chips) 
klinger96: posts small blind $0.01
Mister-Bik: posts big blind $0.02
*** HOLE CARDS ***
Dealt to Lorpugo [5c 9d]
donrux_mocrym: folds 
teteush1140: folds 
Lorpugo: folds 
ChristopherDang: raises $0.04 to $0.06
klinger96: folds 
Mister-Bik: folds 
Uncalled bet ($0.04) returned to ChristopherDang
ChristopherDang collected $0.05 from pot
ChristopherDang: doesn't show hand 
*** SUMMARY ***
Total pot $0.05 | Rake $0 
Seat 1: donrux_mocrym folded before Flop (didn't bet)
Seat 2: teteush1140 folded before Flop (didn't bet)
Seat 3: Lorpugo folded before Flop (didn't bet)
Seat 4: ChristopherDang (button) collected ($0.05)
Seat 5: klinger96 (small blind) folded before Flop
Seat 6: Mister-Bik (big blind) folded before Flop



PokerStars Hand #241346223745:  Hold'em No Limit ($0.01/$0.02 USD) - 2023/01/23 13:53:27 ET
Table 'Wurm II' 6-max Seat #5 is the button
Seat 1: donrux_mocrym ($4.75 in chips) 
Seat 2: teteush1140 ($1.17 in chips) 
Seat 3: Lorpugo ($1.28 in chips) 
Seat 4: ChristopherDang ($1.91 in chips) 
Seat 5: klinger96 ($1.03 in chips) 
Seat 6: Mister-Bik ($1.91 in chips) 
Mister-Bik: posts small blind $0.01
donrux_mocrym: posts big blind $0.02
*** HOLE CARDS ***
Dealt to Lorpugo [8c 3h]
teteush1140: folds 
Lorpugo: folds 
ChristopherDang: folds 
klinger96: folds 
Mister-Bik: raises $0.04 to $0.06
donrux_mocrym: calls $0.04
*** FLOP *** [Tc 5c Th]
Mister-Bik: bets $0.06
donrux_mocrym: calls $0.06
*** TURN *** [Tc 5c Th] [5d]
Mister-Bik: bets $0.12
donrux_mocrym: folds 
Uncalled bet ($0.12) returned to Mister-Bik
Mister-Bik collected $0.23 from pot
Mister-Bik: doesn't show hand 
*** SUMMARY ***
Total pot $0.24 | Rake $0.01 
Board [Tc 5c Th 5d]
Seat 1: donrux_mocrym (big blind) folded on the Turn
Seat 2: teteush1140 folded before Flop (didn't bet)
Seat 3: Lorpugo folded before Flop (didn't bet)
Seat 4: ChristopherDang folded before Flop (didn't bet)
Seat 5: klinger96 (button) folded before Flop (didn't bet)
Seat 6: Mister-Bik (small blind) collected ($0.23)



PokerStars Hand #241346234030:  Hold'em No Limit ($0.01/$0.02 USD) - 2023/01/23 13:53:54 ET
Table 'Wurm II' 6-max Seat #6 is the button
Seat 1: donrux_mocrym ($4.63 in chips) 
Seat 2: teteush1140 ($1.17 in chips) 
Seat 3: Lorpugo ($1.28 in chips) 
Seat 4: ChristopherDang ($1.91 in chips) 
Seat 5: klinger96 ($1.03 in chips) 
Seat 6: Mister-Bik ($2.02 in chips) 
donrux_mocrym: posts small blind $0.01
teteush1140: posts big blind $0.02
*** HOLE CARDS ***
Dealt to Lorpugo [9h Th]
Lorpugo: raises $0.02 to $0.04
ChristopherDang: folds 
klinger96: folds 
Mister-Bik: folds 
donrux_mocrym: folds 
teteush1140: calls $0.02
*** FLOP *** [4h 7d 7h]
teteush1140: checks 
Lorpugo: bets $0.06
teteush1140: folds 
Uncalled bet ($0.06) returned to Lorpugo
Lorpugo collected $0.09 from pot
Lorpugo: doesn't show hand 
*** SUMMARY ***
Total pot $0.09 | Rake $0 
Board [4h 7d 7h]
Seat 1: donrux_mocrym (small blind) folded before Flop
Seat 2: teteush1140 (big blind) folded on the Flop
Seat 3: Lorpugo collected ($0.09)
Seat 4: ChristopherDang folded before Flop (didn't bet)
Seat 5: klinger96 folded before Flop (didn't bet)
Seat 6: Mister-Bik (button) folded before Flop (didn't bet)



PokerStars Hand #241346251098:  Hold'em No Limit ($0.01/$0.02 USD) - 2023/01/23 13:54:38 ET
Table 'Wurm II' 6-max Seat #1 is the button
Seat 1: donrux_mocrym ($4.62 in chips) 
Seat 2: teteush1140 ($1.13 in chips) 
Seat 3: Lorpugo ($1.33 in chips) 
Seat 4: ChristopherDang ($1.91 in chips) 
Seat 5: klinger96 ($1.03 in chips) 
Seat 6: Mister-Bik ($2.02 in chips) 
teteush1140: posts small blind $0.01
Lorpugo: posts big blind $0.02
*** HOLE CARDS ***
Dealt to Lorpugo [9s 8s]
ChristopherDang: folds 
klinger96: raises $0.08 to $0.10
Mister-Bik: raises $0.23 to $0.33
donrux_mocrym: folds 
teteush1140: folds 
Lorpugo: folds 
klinger96: folds 
Uncalled bet ($0.23) returned to Mister-Bik
Mister-Bik collected $0.23 from pot
Mister-Bik: doesn't show hand 
*** SUMMARY ***
Total pot $0.23 | Rake $0 
Seat 1: donrux_mocrym (button) folded before Flop (didn't bet)
Seat 2: teteush1140 (small blind) folded before Flop
Seat 3: Lorpugo (big blind) folded before Flop
Seat 4: ChristopherDang folded before Flop (didn't bet)
Seat 5: klinger96 folded before Flop
Seat 6: Mister-Bik collected ($0.23)



PokerStars Hand #241346274295:  Hold'em No Limit ($0.01/$0.02 USD) - 2023/01/23 13:55:46 ET
Table 'Wurm II' 6-max Seat #2 is the button
Seat 1: donrux_mocrym ($4.62 in chips) 
Seat 2: teteush1140 ($1.12 in chips) 
Seat 3: Lorpugo ($1.31 in chips) 
Seat 4: ChristopherDang ($1.91 in chips) 
Seat 5: klinger96 ($0.93 in chips) 
Seat 6: Mister-Bik ($2.15 in chips) 
Lorpugo: posts small blind $0.01
ChristopherDang: posts big blind $0.02
*** HOLE CARDS ***
Dealt to Lorpugo [2s 6s]
klinger96: folds 
Mister-Bik: raises $0.04 to $0.06
donrux_mocrym: folds 
teteush1140: raises $0.04 to $0.10
Lorpugo: folds 
ChristopherDang: folds 
Mister-Bik: calls $0.04
*** FLOP *** [7s 8c 8s]
Mister-Bik: checks 
teteush1140: bets $0.22
Mister-Bik: folds 
Uncalled bet ($0.22) returned to teteush1140
teteush1140 collected $0.22 from pot
*** SUMMARY ***
Total pot $0.23 | Rake $0.01 
Board [7s 8c 8s]
Seat 1: donrux_mocrym folded before Flop (didn't bet)
Seat 2: teteush1140 (button) collected ($0.22)
Seat 3: Lorpugo (small blind) folded before Flop
Seat 4: ChristopherDang (big blind) folded before Flop
Seat 5: klinger96 folded before Flop (didn't bet)
Seat 6: Mister-Bik folded on the Flop



PokerStars Hand #241346282015:  Hold'em No Limit ($0.01/$0.02 USD) - 2023/01/23 13:56:12 ET
Table 'Wurm II' 6-max Seat #3 is the button
Seat 1: donrux_mocrym ($4.62 in chips) 
Seat 2: teteush1140 ($1.24 in chips) 
Seat 3: Lorpugo ($1.30 in chips) 
Seat 4: ChristopherDang ($1.89 in chips) 
Seat 5: klinger96 ($0.93 in chips) 
Seat 6: Mister-Bik ($2.05 in chips) 
ChristopherDang: posts small blind $0.01
klinger96: posts big blind $0.02
*** HOLE CARDS ***
Dealt to Lorpugo [Ad 6s]
Mister-Bik: folds 
donrux_mocrym: raises $0.04 to $0.06
teteush1140: calls $0.06
Lorpugo: folds 
ChristopherDang: folds 
klinger96: folds 
*** FLOP *** [Qh Jd Kd]
donrux_mocrym: bets $0.07
teteush1140: calls $0.07
*** TURN *** [Qh Jd Kd] [8h]
donrux_mocrym: bets $0.14
teteush1140: calls $0.14
*** RIVER *** [Qh Jd Kd 8h] [Ah]
donrux_mocrym: bets $0.28
teteush1140: folds 
Uncalled bet ($0.28) returned to donrux_mocrym
donrux_mocrym collected $0.55 from pot
*** SUMMARY ***
Total pot $0.57 | Rake $0.02 
Board [Qh Jd Kd 8h Ah]
Seat 1: donrux_mocrym collected ($0.55)
Seat 2: teteush1140 folded on the River
Seat 3: Lorpugo (button) folded before Flop (didn't bet)
Seat 4: ChristopherDang (small blind) folded before Flop
Seat 5: klinger96 (big blind) folded before Flop
Seat 6: Mister-Bik folded before Flop (didn't bet)



PokerStars Hand #241346296251:  Hold'em No Limit ($0.01/$0.02 USD) - 2023/01/23 13:57:00 ET
Table 'Wurm II' 6-max Seat #4 is the button
Seat 1: donrux_mocrym ($4.90 in chips) 
Seat 2: teteush1140 ($0.97 in chips) 
Seat 3: Lorpugo ($1.30 in chips) 
Seat 4: ChristopherDang ($1.88 in chips) 
Seat 5: klinger96 ($0.91 in chips) 
Seat 6: Mister-Bik ($2.05 in chips) 
klinger96: posts small blind $0.01
Mister-Bik: posts big blind $0.02
*** HOLE CARDS ***
Dealt to Lorpugo [Jd 9d]
donrux_mocrym: folds 
teteush1140: folds 
Lorpugo: raises $0.03 to $0.05
ChristopherDang: folds 
klinger96: folds 
Mister-Bik: folds 
Uncalled bet ($0.03) returned to Lorpugo
Lorpugo collected $0.05 from pot
Lorpugo: doesn't show hand 
*** SUMMARY ***
Total pot $0.05 | Rake $0 
Seat 1: donrux_mocrym folded before Flop (didn't bet)
Seat 2: teteush1140 folded before Flop (didn't bet)
Seat 3: Lorpugo collected ($0.05)
Seat 4: ChristopherDang (button) folded before Flop (didn't bet)
Seat 5: klinger96 (small blind) folded before Flop
Seat 6: Mister-Bik (big blind) folded before Flop



PokerStars Hand #241346300967:  Hold'em No Limit ($0.01/$0.02 USD) - 2023/01/23 13:57:17 ET
Table 'Wurm II' 6-max Seat #5 is the button
Seat 1: donrux_mocrym ($4.90 in chips) 
Seat 2: teteush1140 ($0.97 in chips) 
Seat 3: Lorpugo ($1.33 in chips) 
Seat 4: ChristopherDang ($1.88 in chips) 
Seat 5: klinger96 ($0.90 in chips) 
Seat 6: Mister-Bik ($2.03 in chips) 
Mister-Bik: posts small blind $0.01
donrux_mocrym: posts big blind $0.02
*** HOLE CARDS ***
Dealt to Lorpugo [Kc 8s]
teteush1140: calls $0.02
Lorpugo: folds 
ChristopherDang: folds 
klinger96: folds 
Mister-Bik: raises $0.04 to $0.06
donrux_mocrym: folds 
teteush1140: calls $0.04
*** FLOP *** [Jh Td 2d]
Mister-Bik: bets $0.07
teteush1140: folds 
Uncalled bet ($0.07) returned to Mister-Bik
Mister-Bik collected $0.14 from pot
Mister-Bik: doesn't show hand 
*** SUMMARY ***
Total pot $0.14 | Rake $0 
Board [Jh Td 2d]
Seat 1: donrux_mocrym (big blind) folded before Flop
Seat 2: teteush1140 folded on the Flop
Seat 3: Lorpugo folded before Flop (didn't bet)
Seat 4: ChristopherDang folded before Flop (didn't bet)
Seat 5: klinger96 (button) folded before Flop (didn't bet)
Seat 6: Mister-Bik (small blind) collected ($0.14)



PokerStars Hand #241346313610:  Hold'em No Limit ($0.01/$0.02 USD) - 2023/01/23 13:58:00 ET
Table 'Wurm II' 6-max Seat #6 is the button
Seat 1: donrux_mocrym ($4.88 in chips) 
Seat 2: teteush1140 ($0.91 in chips) 
Seat 3: Lorpugo ($2 in chips) 
Seat 4: ChristopherDang ($1.88 in chips) 
Seat 5: klinger96 ($0.90 in chips) 
Seat 6: Mister-Bik ($2.11 in chips) 
donrux_mocrym: posts small blind $0.01
teteush1140: posts big blind $0.02
*** HOLE CARDS ***
Dealt to Lorpugo [8c 2h]
Lorpugo: folds 
ChristopherDang: folds 
klinger96: folds 
Mister-Bik: folds 
donrux_mocrym: raises $0.04 to $0.06
teteush1140: raises $0.04 to $0.10
donrux_mocrym: calls $0.04
*** FLOP *** [Ts Ks 5h]
donrux_mocrym: checks 
teteush1140: checks 
*** TURN *** [Ts Ks 5h] [Kc]
donrux_mocrym: bets $0.10
teteush1140: calls $0.10
*** RIVER *** [Ts Ks 5h Kc] [9c]
donrux_mocrym: checks 
teteush1140: checks 
*** SHOW DOWN ***
donrux_mocrym: shows [Th Qd] (two pair, Kings and Tens)
teteush1140: mucks hand 
donrux_mocrym collected $0.39 from pot
*** SUMMARY ***
Total pot $0.40 | Rake $0.01 
Board [Ts Ks 5h Kc 9c]
Seat 1: donrux_mocrym (small blind) showed [Th Qd] and won ($0.39) with two pair, Kings and Tens
Seat 2: teteush1140 (big blind) mucked [As 2d]
Seat 3: Lorpugo folded before Flop (didn't bet)
Seat 4: ChristopherDang folded before Flop (didn't bet)
Seat 5: klinger96 folded before Flop (didn't bet)
Seat 6: Mister-Bik (button) folded before Flop (didn't bet)



PokerStars Hand #241346323592:  Hold'em No Limit ($0.01/$0.02 USD) - 2023/01/23 13:58:35 ET
Table 'Wurm II' 6-max Seat #1 is the button
Seat 1: donrux_mocrym ($5.07 in chips) 
Seat 2: teteush1140 ($0.71 in chips) 
Seat 3: Lorpugo ($2 in chips) 
Seat 4: ChristopherDang ($1.88 in chips) 
Seat 5: klinger96 ($0.90 in chips) 
Seat 6: Mister-Bik ($2.11 in chips) 
teteush1140: posts small blind $0.01
Lorpugo: posts big blind $0.02
*** HOLE CARDS ***
Dealt to Lorpugo [9d 2s]
ChristopherDang: folds 
klinger96: folds 
Mister-Bik: folds 
donrux_mocrym: raises $0.04 to $0.06
teteush1140: raises $0.65 to $0.71 and is all-in
Lorpugo: folds 
donrux_mocrym: folds 
Uncalled bet ($0.65) returned to teteush1140
teteush1140 collected $0.14 from pot
*** SUMMARY ***
Total pot $0.14 | Rake $0 
Seat 1: donrux_mocrym (button) folded before Flop
Seat 2: teteush1140 (small blind) collected ($0.14)
Seat 3: Lorpugo (big blind) folded before Flop
Seat 4: ChristopherDang folded before Flop (didn't bet)
Seat 5: klinger96 folded before Flop (didn't bet)
Seat 6: Mister-Bik folded before Flop (didn't bet)



PokerStars Hand #241346330320:  Hold'em No Limit ($0.01/$0.02 USD) - 2023/01/23 13:58:58 ET
Table 'Wurm II' 6-max Seat #2 is the button
Seat 1: donrux_mocrym ($5.01 in chips) 
Seat 2: teteush1140 ($0.79 in chips) 
Seat 3: Lorpugo ($1.98 in chips) 
Seat 4: ChristopherDang ($1.88 in chips) 
Seat 5: klinger96 ($0.90 in chips) 
Seat 6: Mister-Bik ($2.11 in chips) 
Lorpugo: posts small blind $0.01
ChristopherDang: posts big blind $0.02
*** HOLE CARDS ***
Dealt to Lorpugo [Kh Qs]
klinger96: raises $0.04 to $0.06
Mister-Bik: calls $0.06
donrux_mocrym: folds 
teteush1140: raises $0.73 to $0.79 and is all-in
Lorpugo: folds 
ChristopherDang: folds 
klinger96: raises $0.11 to $0.90 and is all-in
Mister-Bik: folds 
Uncalled bet ($0.11) returned to klinger96
*** FLOP *** [Qc 3d 5c]
*** TURN *** [Qc 3d 5c] [2d]
*** RIVER *** [Qc 3d 5c 2d] [4d]
*** SHOW DOWN ***
klinger96: shows [Ad Jh] (a straight, Ace to Five)
teteush1140: shows [Ks 9h] (high card King)
klinger96 collected $1.61 from pot
*** SUMMARY ***
Total pot $1.67 | Rake $0.06 
Board [Qc 3d 5c 2d 4d]
Seat 1: donrux_mocrym folded before Flop (didn't bet)
Seat 2: teteush1140 (button) showed [Ks 9h] and lost with high card King
Seat 3: Lorpugo (small blind) folded before Flop
Seat 4: ChristopherDang (big blind) folded before Flop
Seat 5: klinger96 showed [Ad Jh] and won ($1.61) with a straight, Ace to Five
Seat 6: Mister-Bik folded before Flop



PokerStars Hand #241346341461:  Hold'em No Limit ($0.01/$0.02 USD) - 2023/01/23 13:59:36 ET
Table 'Wurm II' 6-max Seat #3 is the button
Seat 1: donrux_mocrym ($5.01 in chips) 
Seat 3: Lorpugo ($1.97 in chips) 
Seat 4: ChristopherDang ($1.86 in chips) 
Seat 5: klinger96 ($1.72 in chips) 
Seat 6: Mister-Bik ($2.05 in chips) 
ChristopherDang: posts small blind $0.01
klinger96: posts big blind $0.02
*** HOLE CARDS ***
Dealt to Lorpugo [4c 2s]
Mister-Bik: folds 
donrux_mocrym: folds 
Lorpugo: folds 
ChristopherDang: folds 
Uncalled bet ($0.01) returned to klinger96
klinger96 collected $0.02 from pot
*** SUMMARY ***
Total pot $0.02 | Rake $0 
Seat 1: donrux_mocrym folded before Flop (didn't bet)
Seat 3: Lorpugo (button) folded before Flop (didn't bet)
Seat 4: ChristopherDang (small blind) folded before Flop
Seat 5: klinger96 (big blind) collected ($0.02)
Seat 6: Mister-Bik folded before Flop (didn't bet)



PokerStars Hand #241346346974:  Hold'em No Limit ($0.01/$0.02 USD) - 2023/01/23 13:59:55 ET
Table 'Wurm II' 6-max Seat #4 is the button
Seat 1: donrux_mocrym ($5.01 in chips) 
Seat 3: Lorpugo ($1.97 in chips) 
Seat 4: ChristopherDang ($1.85 in chips) 
Seat 5: klinger96 ($1.73 in chips) 
Seat 6: Mister-Bik ($2.05 in chips) 
klinger96: posts small blind $0.01
Mister-Bik: posts big blind $0.02
*** HOLE CARDS ***
Dealt to Lorpugo [6c 7d]
donrux_mocrym: raises $0.04 to $0.06
Lorpugo: folds 
ChristopherDang: calls $0.06
klinger96: folds 
Mister-Bik: folds 
*** FLOP *** [8c 8s 4s]
donrux_mocrym: bets $0.07
ChristopherDang: raises $0.13 to $0.20
donrux_mocrym: folds 
Uncalled bet ($0.13) returned to ChristopherDang
ChristopherDang collected $0.28 from pot
ChristopherDang: doesn't show hand 
*** SUMMARY ***
Total pot $0.29 | Rake $0.01 
Board [8c 8s 4s]
Seat 1: donrux_mocrym folded on the Flop
Seat 3: Lorpugo folded before Flop (didn't bet)
Seat 4: ChristopherDang (button) collected ($0.28)
Seat 5: klinger96 (small blind) folded before Flop
Seat 6: Mister-Bik (big blind) folded before Flop



PokerStars Hand #241346357704:  Hold'em No Limit ($0.01/$0.02 USD) - 2023/01/23 14:00:30 ET
Table 'Wurm II' 6-max Seat #5 is the button
Seat 1: donrux_mocrym ($4.88 in chips) 
Seat 3: Lorpugo ($1.97 in chips) 
Seat 4: ChristopherDang ($2 in chips) 
Seat 5: klinger96 ($1.72 in chips) 
Seat 6: Mister-Bik ($2.03 in chips) 
Mister-Bik: posts small blind $0.01
donrux_mocrym: posts big blind $0.02
*** HOLE CARDS ***
Dealt to Lorpugo [Ad Jc]
Lorpugo: raises $0.03 to $0.05
ChristopherDang: folds 
klinger96: folds 
Mister-Bik: folds 
donrux_mocrym: folds 
Uncalled bet ($0.03) returned to Lorpugo
Lorpugo collected $0.05 from pot
Lorpugo: doesn't show hand 
*** SUMMARY ***
Total pot $0.05 | Rake $0 
Seat 1: donrux_mocrym (big blind) folded before Flop
Seat 3: Lorpugo collected ($0.05)
Seat 4: ChristopherDang folded before Flop (didn't bet)
Seat 5: klinger96 (button) folded before Flop (didn't bet)
Seat 6: Mister-Bik (small blind) folded before Flop



PokerStars Hand #241346362615:  Hold'em No Limit ($0.01/$0.02 USD) - 2023/01/23 14:00:46 ET
Table 'Wurm II' 6-max Seat #6 is the button
Seat 1: donrux_mocrym ($4.86 in chips) 
Seat 2: teteush1140 ($1 in chips) 
Seat 3: Lorpugo ($2 in chips) 
Seat 4: ChristopherDang ($2 in chips) 
Seat 5: klinger96 ($1.72 in chips) 
Seat 6: Mister-Bik ($2.02 in chips) 
donrux_mocrym: posts small blind $0.01
teteush1140: posts big blind $0.02
*** HOLE CARDS ***
Dealt to Lorpugo [Js Kc]
Lorpugo: folds 
ChristopherDang: folds 
klinger96: folds 
Mister-Bik: folds 
donrux_mocrym: folds 
Uncalled bet ($0.01) returned to teteush1140
teteush1140 collected $0.02 from pot
*** SUMMARY ***
Total pot $0.02 | Rake $0 
Seat 1: donrux_mocrym (small blind) folded before Flop
Seat 2: teteush1140 (big blind) collected ($0.02)
Seat 3: Lorpugo folded before Flop (didn't bet)
Seat 4: ChristopherDang folded before Flop (didn't bet)
Seat 5: klinger96 folded before Flop (didn't bet)
Seat 6: Mister-Bik (button) folded before Flop (didn't bet)



PokerStars Hand #241346365102:  Hold'em No Limit ($0.01/$0.02 USD) - 2023/01/23 14:00:54 ET
Table 'Wurm II' 6-max Seat #1 is the button
Seat 1: donrux_mocrym ($4.85 in chips) 
Seat 2: teteush1140 ($1.01 in chips) 
Seat 3: Lorpugo ($2 in chips) 
Seat 4: ChristopherDang ($2 in chips) 
Seat 5: klinger96 ($1.72 in chips) 
Seat 6: Mister-Bik ($2.02 in chips) 
teteush1140: posts small blind $0.01
Lorpugo: posts big blind $0.02
*** HOLE CARDS ***
Dealt to Lorpugo [3s Qs]
ChristopherDang: folds 
klinger96: folds 
Mister-Bik: folds 
donrux_mocrym: folds 
teteush1140: calls $0.01
Lorpugo: checks 
*** FLOP *** [5d Tc Qc]
teteush1140: bets $0.02
Lorpugo: calls $0.02
*** TURN *** [5d Tc Qc] [Jc]
teteush1140: bets $0.02
Lorpugo: raises $0.02 to $0.04
teteush1140: calls $0.02
*** RIVER *** [5d Tc Qc Jc] [7s]
teteush1140: checks 
Lorpugo: bets $0.02
teteush1140: calls $0.02
*** SHOW DOWN ***
Lorpugo: shows [3s Qs] (a pair of Queens)
teteush1140: mucks hand 
Lorpugo collected $0.19 from pot
*** SUMMARY ***
Total pot $0.20 | Rake $0.01 
Board [5d Tc Qc Jc 7s]
Seat 1: donrux_mocrym (button) folded before Flop (didn't bet)
Seat 2: teteush1140 (small blind) mucked [8s 8c]
Seat 3: Lorpugo (big blind) showed [3s Qs] and won ($0.19) with a pair of Queens
Seat 4: ChristopherDang folded before Flop (didn't bet)
Seat 5: klinger96 folded before Flop (didn't bet)
Seat 6: Mister-Bik folded before Flop (didn't bet)



PokerStars Hand #241346377535:  Hold'em No Limit ($0.01/$0.02 USD) - 2023/01/23 14:01:32 ET
Table 'Wurm II' 6-max Seat #2 is the button
Seat 1: donrux_mocrym ($4.85 in chips) 
Seat 2: teteush1140 ($0.91 in chips) 
Seat 3: Lorpugo ($2.09 in chips) 
Seat 4: ChristopherDang ($2 in chips) 
Seat 5: klinger96 ($1.72 in chips) 
Seat 6: Mister-Bik ($2.02 in chips) 
Lorpugo: posts small blind $0.01
ChristopherDang: posts big blind $0.02
*** HOLE CARDS ***
Dealt to Lorpugo [8s 4c]
klinger96: calls $0.02
Mister-Bik: folds 
donrux_mocrym: folds 
teteush1140: calls $0.02
Lorpugo: folds 
ChristopherDang: checks 
*** FLOP *** [9s Ks 5s]
ChristopherDang: checks 
klinger96: checks 
teteush1140: bets $0.04
ChristopherDang: folds 
klinger96: folds 
Uncalled bet ($0.04) returned to teteush1140
teteush1140 collected $0.07 from pot
*** SUMMARY ***
Total pot $0.07 | Rake $0 
Board [9s Ks 5s]
Seat 1: donrux_mocrym folded before Flop (didn't bet)
Seat 2: teteush1140 (button) collected ($0.07)
Seat 3: Lorpugo (small blind) folded before Flop
Seat 4: ChristopherDang (big blind) folded on the Flop
Seat 5: klinger96 folded on the Flop
Seat 6: Mister-Bik folded before Flop (didn't bet)



PokerStars Hand #241346392113:  Hold'em No Limit ($0.01/$0.02 USD) - 2023/01/23 14:02:10 ET
Table 'Wurm II' 6-max Seat #3 is the button
Seat 1: donrux_mocrym ($4.85 in chips) 
Seat 2: teteush1140 ($0.96 in chips) 
Seat 3: Lorpugo ($2.08 in chips) 
Seat 4: ChristopherDang ($1.98 in chips) 
Seat 5: klinger96 ($1.70 in chips) 
Seat 6: Mister-Bik ($2.02 in chips) 
ChristopherDang: posts small blind $0.01
klinger96: posts big blind $0.02
*** HOLE CARDS ***
Dealt to Lorpugo [2c 9s]
Mister-Bik: folds 
donrux_mocrym: raises $0.04 to $0.06
teteush1140: raises $0.04 to $0.10
Lorpugo: folds 
ChristopherDang: folds 
klinger96: folds 
donrux_mocrym: calls $0.04
*** FLOP *** [5s 8s 5h]
donrux_mocrym: checks 
teteush1140: bets $0.11
donrux_mocrym: folds 
Uncalled bet ($0.11) returned to teteush1140
teteush1140 collected $0.22 from pot
*** SUMMARY ***
Total pot $0.23 | Rake $0.01 
Board [5s 8s 5h]
Seat 1: donrux_mocrym folded on the Flop
Seat 2: teteush1140 collected ($0.22)
Seat 3: Lorpugo (button) folded before Flop (didn't bet)
Seat 4: ChristopherDang (small blind) folded before Flop
Seat 5: klinger96 (big blind) folded before Flop
Seat 6: Mister-Bik folded before Flop (didn't bet)



PokerStars Hand #241346403044:  Hold'em No Limit ($0.01/$0.02 USD) - 2023/01/23 14:02:40 ET
Table 'Wurm II' 6-max Seat #4 is the button
Seat 1: donrux_mocrym ($4.75 in chips) 
Seat 2: teteush1140 ($1.08 in chips) 
Seat 3: Lorpugo ($2.08 in chips) 
Seat 4: ChristopherDang ($1.97 in chips) 
Seat 5: klinger96 ($1.68 in chips) 
Seat 6: Mister-Bik ($2.02 in chips) 
klinger96: posts small blind $0.01
Mister-Bik: posts big blind $0.02
*** HOLE CARDS ***
Dealt to Lorpugo [Ks Ah]
donrux_mocrym: folds 
teteush1140: calls $0.02
Lorpugo: raises $0.08 to $0.10
ChristopherDang: folds 
klinger96: folds 
Mister-Bik: calls $0.08
teteush1140: calls $0.08
*** FLOP *** [6d 8s 5s]
Mister-Bik: checks 
teteush1140: bets $0.06
Lorpugo: calls $0.06
Mister-Bik: calls $0.06
*** TURN *** [6d 8s 5s] [2s]
Mister-Bik: checks 
teteush1140: bets $0.24
Lorpugo: calls $0.24
Mister-Bik: folds 
*** RIVER *** [6d 8s 5s 2s] [4d]
teteush1140: bets $0.68 and is all-in
Lorpugo: folds 
Uncalled bet ($0.68) returned to teteush1140
teteush1140 collected $0.94 from pot
*** SUMMARY ***
Total pot $0.97 | Rake $0.03 
Board [6d 8s 5s 2s 4d]
Seat 1: donrux_mocrym folded before Flop (didn't bet)
Seat 2: teteush1140 collected ($0.94)
Seat 3: Lorpugo folded on the River
Seat 4: ChristopherDang (button) folded before Flop (didn't bet)
Seat 5: klinger96 (small blind) folded before Flop
Seat 6: Mister-Bik (big blind) folded on the Turn



PokerStars Hand #241346425064:  Hold'em No Limit ($0.01/$0.02 USD) - 2023/01/23 14:03:36 ET
Table 'Wurm II' 6-max Seat #5 is the button
Seat 1: donrux_mocrym ($4.75 in chips) 
Seat 2: teteush1140 ($1.62 in chips) 
Seat 3: Lorpugo ($1.68 in chips) 
Seat 4: ChristopherDang ($1.97 in chips) 
Seat 5: klinger96 ($1.67 in chips) 
Seat 6: Mister-Bik ($1.86 in chips) 
Mister-Bik: posts small blind $0.01
donrux_mocrym: posts big blind $0.02
*** HOLE CARDS ***
Dealt to Lorpugo [7h 3h]
teteush1140: calls $0.02
Lorpugo: folds 
ChristopherDang: folds 
klinger96: folds 
Mister-Bik: raises $0.04 to $0.06
donrux_mocrym: calls $0.04
teteush1140: calls $0.04
*** FLOP *** [5d 5h 2d]
Mister-Bik: checks 
donrux_mocrym: checks 
teteush1140: checks 
*** TURN *** [5d 5h 2d] [3s]
Mister-Bik: checks 
donrux_mocrym: bets $0.09
teteush1140: raises $0.09 to $0.18
Mister-Bik: folds 
donrux_mocrym: folds 
Uncalled bet ($0.09) returned to teteush1140
teteush1140 collected $0.35 from pot
*** SUMMARY ***
Total pot $0.36 | Rake $0.01 
Board [5d 5h 2d 3s]
Seat 1: donrux_mocrym (big blind) folded on the Turn
Seat 2: teteush1140 collected ($0.35)
Seat 3: Lorpugo folded before Flop (didn't bet)
Seat 4: ChristopherDang folded before Flop (didn't bet)
Seat 5: klinger96 (button) folded before Flop (didn't bet)
Seat 6: Mister-Bik (small blind) folded on the Turn



PokerStars Hand #241346448136:  Hold'em No Limit ($0.01/$0.02 USD) - 2023/01/23 14:04:35 ET
Table 'Wurm II' 6-max Seat #6 is the button
Seat 1: donrux_mocrym ($4.60 in chips) 
Seat 2: teteush1140 ($1.82 in chips) 
Seat 3: Lorpugo ($1.68 in chips) 
Seat 4: ChristopherDang ($1.97 in chips) 
Seat 5: klinger96 ($1.67 in chips) 
Seat 6: Mister-Bik ($1.80 in chips) 
donrux_mocrym: posts small blind $0.01
teteush1140: posts big blind $0.02
*** HOLE CARDS ***
Dealt to Lorpugo [Qs 4h]
Lorpugo: folds 
ChristopherDang: folds 
klinger96: calls $0.02
Mister-Bik: raises $0.07 to $0.09
donrux_mocrym: folds 
teteush1140: folds 
klinger96: calls $0.07
*** FLOP *** [Jd Kd 3s]
klinger96: checks 
Mister-Bik: bets $0.10
klinger96: folds 
Uncalled bet ($0.10) returned to Mister-Bik
Mister-Bik collected $0.20 from pot
Mister-Bik: doesn't show hand 
*** SUMMARY ***
Total pot $0.21 | Rake $0.01 
Board [Jd Kd 3s]
Seat 1: donrux_mocrym (small blind) folded before Flop
Seat 2: teteush1140 (big blind) folded before Flop
Seat 3: Lorpugo folded before Flop (didn't bet)
Seat 4: ChristopherDang folded before Flop (didn't bet)
Seat 5: klinger96 folded on the Flop
Seat 6: Mister-Bik (button) collected ($0.20)



PokerStars Hand #241346466720:  Hold'em No Limit ($0.01/$0.02 USD) - 2023/01/23 14:05:22 ET
Table 'Wurm II' 6-max Seat #1 is the button
Seat 1: donrux_mocrym ($4.59 in chips) 
Seat 2: teteush1140 ($1.80 in chips) 
Seat 3: Lorpugo ($1.68 in chips) 
Seat 4: ChristopherDang ($1.97 in chips) 
Seat 5: klinger96 ($1.58 in chips) 
Seat 6: Mister-Bik ($1.91 in chips) 
teteush1140: posts small blind $0.01
Lorpugo: posts big blind $0.02
*** HOLE CARDS ***
Dealt to Lorpugo [Kc Th]
ChristopherDang: folds 
klinger96: folds 
Mister-Bik: folds 
ChristopherDang leaves the table
donrux_mocrym: raises $0.04 to $0.06
teteush1140: folds 
Lorpugo: calls $0.04
*** FLOP *** [Ah 9c 5c]
Lorpugo: checks 
donrux_mocrym: bets $0.07
Lorpugo: calls $0.07
*** TURN *** [Ah 9c 5c] [6s]
Lorpugo: checks 
donrux_mocrym: checks 
*** RIVER *** [Ah 9c 5c 6s] [8h]
Raul1974105 joins the table at seat #4 
Lorpugo: bets $0.20
donrux_mocrym: folds 
Uncalled bet ($0.20) returned to Lorpugo
Lorpugo collected $0.26 from pot
Lorpugo: doesn't show hand 
*** SUMMARY ***
Total pot $0.27 | Rake $0.01 
Board [Ah 9c 5c 6s 8h]
Seat 1: donrux_mocrym (button) folded on the River
Seat 2: teteush1140 (small blind) folded before Flop
Seat 3: Lorpugo (big blind) collected ($0.26)
Seat 4: ChristopherDang folded before Flop (didn't bet)
Seat 5: klinger96 folded before Flop (didn't bet)
Seat 6: Mister-Bik folded before Flop (didn't bet)



PokerStars Hand #241346488492:  Hold'em No Limit ($0.01/$0.02 USD) - 2023/01/23 14:06:17 ET
Table 'Wurm II' 6-max Seat #2 is the button
Seat 1: donrux_mocrym ($4.46 in chips) 
Seat 2: teteush1140 ($1.79 in chips) 
Seat 3: Lorpugo ($1.81 in chips) 
Seat 4: Raul1974105 ($2 in chips) 
Seat 5: klinger96 ($1.58 in chips) 
Seat 6: Mister-Bik ($1.91 in chips) 
Lorpugo: posts small blind $0.01
Raul1974105: posts big blind $0.02
*** HOLE CARDS ***
Dealt to Lorpugo [Ks 4c]
klinger96: folds 
Mister-Bik: folds 
donrux_mocrym: raises $0.04 to $0.06
teteush1140: folds 
Lorpugo: folds 
Raul1974105: folds 
Uncalled bet ($0.04) returned to donrux_mocrym
donrux_mocrym collected $0.05 from pot
*** SUMMARY ***
Total pot $0.05 | Rake $0 
Seat 1: donrux_mocrym collected ($0.05)
Seat 2: teteush1140 (button) folded before Flop (didn't bet)
Seat 3: Lorpugo (small blind) folded before Flop
Seat 4: Raul1974105 (big blind) folded before Flop
Seat 5: klinger96 folded before Flop (didn't bet)
Seat 6: Mister-Bik folded before Flop (didn't bet)



PokerStars Hand #241346500593:  Hold'em No Limit ($0.01/$0.02 USD) - 2023/01/23 14:06:48 ET
Table 'Wurm II' 6-max Seat #3 is the button
Seat 1: donrux_mocrym ($4.49 in chips) 
Seat 2: teteush1140 ($1.79 in chips) 
Seat 3: Lorpugo ($1.80 in chips) 
Seat 4: Raul1974105 ($2 in chips) 
Seat 5: klinger96 ($1.58 in chips) 
Seat 6: Mister-Bik ($1.91 in chips) 
Raul1974105: posts small blind $0.01
klinger96: posts big blind $0.02
*** HOLE CARDS ***
Dealt to Lorpugo [As Th]
Mister-Bik: raises $0.04 to $0.06
donrux_mocrym: folds 
teteush1140: folds 
Lorpugo: calls $0.06
Raul1974105: folds 
klinger96: folds 
*** FLOP *** [4h 3c Qh]
Mister-Bik: checks 
Lorpugo: bets $0.05
Mister-Bik: folds 
Uncalled bet ($0.05) returned to Lorpugo
Lorpugo collected $0.14 from pot
Lorpugo: doesn't show hand 
*** SUMMARY ***
Total pot $0.15 | Rake $0.01 
Board [4h 3c Qh]
Seat 1: donrux_mocrym folded before Flop (didn't bet)
Seat 2: teteush1140 folded before Flop (didn't bet)
Seat 3: Lorpugo (button) collected ($0.14)
Seat 4: Raul1974105 (small blind) folded before Flop
Seat 5: klinger96 (big blind) folded before Flop
Seat 6: Mister-Bik folded on the Flop



PokerStars Hand #241346511591:  Hold'em No Limit ($0.01/$0.02 USD) - 2023/01/23 14:07:15 ET
Table 'Wurm II' 6-max Seat #4 is the button
Seat 1: donrux_mocrym ($4.49 in chips) 
Seat 2: teteush1140 ($1.79 in chips) 
Seat 3: Lorpugo ($1.88 in chips) 
Seat 4: Raul1974105 ($2 in chips) 
Seat 5: klinger96 ($1.56 in chips) 
Seat 6: Mister-Bik ($1.85 in chips) 
klinger96: posts small blind $0.01
Mister-Bik: posts big blind $0.02
*** HOLE CARDS ***
Dealt to Lorpugo [Js 7c]
donrux_mocrym: raises $0.04 to $0.06
teteush1140: folds 
Lorpugo: folds 
Raul1974105: folds 
klinger96: folds 
Mister-Bik: folds 
Uncalled bet ($0.04) returned to donrux_mocrym
donrux_mocrym collected $0.05 from pot
*** SUMMARY ***
Total pot $0.05 | Rake $0 
Seat 1: donrux_mocrym collected ($0.05)
Seat 2: teteush1140 folded before Flop (didn't bet)
Seat 3: Lorpugo folded before Flop (didn't bet)
Seat 4: Raul1974105 (button) folded before Flop (didn't bet)
Seat 5: klinger96 (small blind) folded before Flop
Seat 6: Mister-Bik (big blind) folded before Flop



PokerStars Hand #241346520806:  Hold'em No Limit ($0.01/$0.02 USD) - 2023/01/23 14:07:39 ET
Table 'Wurm II' 6-max Seat #5 is the button
Seat 1: donrux_mocrym ($4.52 in chips) 
Seat 2: teteush1140 ($1.79 in chips) 
Seat 3: Lorpugo ($1.88 in chips) 
Seat 4: Raul1974105 ($2 in chips) 
Seat 5: klinger96 ($1.55 in chips) 
Seat 6: Mister-Bik ($1.83 in chips) 
Mister-Bik: posts small blind $0.01
donrux_mocrym: posts big blind $0.02
*** HOLE CARDS ***
Dealt to Lorpugo [Kc 8h]
teteush1140: calls $0.02
Lorpugo: folds 
Raul1974105: raises $0.08 to $0.10
klinger96: folds 
Mister-Bik: folds 
donrux_mocrym: folds 
teteush1140: calls $0.08
*** FLOP *** [5c 4h 6h]
teteush1140: checks 
Raul1974105: bets $0.11
teteush1140: folds 
Uncalled bet ($0.11) returned to Raul1974105
Raul1974105 collected $0.22 from pot
Raul1974105: doesn't show hand 
*** SUMMARY ***
Total pot $0.23 | Rake $0.01 
Board [5c 4h 6h]
Seat 1: donrux_mocrym (big blind) folded before Flop
Seat 2: teteush1140 folded on the Flop
Seat 3: Lorpugo folded before Flop (didn't bet)
Seat 4: Raul1974105 collected ($0.22)
Seat 5: klinger96 (button) folded before Flop (didn't bet)
Seat 6: Mister-Bik (small blind) folded before Flop



PokerStars Hand #241346536417:  Hold'em No Limit ($0.01/$0.02 USD) - 2023/01/23 14:08:18 ET
Table 'Wurm II' 6-max Seat #6 is the button
Seat 1: donrux_mocrym ($4.50 in chips) 
Seat 2: teteush1140 ($1.69 in chips) 
Seat 3: Lorpugo ($1.88 in chips) 
Seat 4: Raul1974105 ($2.12 in chips) 
Seat 5: klinger96 ($1.55 in chips) 
Seat 6: Mister-Bik ($1.82 in chips) 
donrux_mocrym: posts small blind $0.01
teteush1140: posts big blind $0.02
*** HOLE CARDS ***
Dealt to Lorpugo [Qd Ad]
Lorpugo: raises $0.03 to $0.05
Raul1974105: folds 
klinger96: folds 
Mister-Bik: folds 
donrux_mocrym: folds 
teteush1140: raises $0.03 to $0.08
Lorpugo: raises $0.17 to $0.25
teteush1140: raises $0.17 to $0.42
Lorpugo: calls $0.17
*** FLOP *** [2h Js Jh]
teteush1140: bets $0.41
Lorpugo: folds 
Uncalled bet ($0.41) returned to teteush1140
teteush1140 collected $0.82 from pot
*** SUMMARY ***
Total pot $0.85 | Rake $0.03 
Board [2h Js Jh]
Seat 1: donrux_mocrym (small blind) folded before Flop
Seat 2: teteush1140 (big blind) collected ($0.82)
Seat 3: Lorpugo folded on the Flop
Seat 4: Raul1974105 folded before Flop (didn't bet)
Seat 5: klinger96 folded before Flop (didn't bet)
Seat 6: Mister-Bik (button) folded before Flop (didn't bet)



PokerStars Hand #241346549493:  Hold'em No Limit ($0.01/$0.02 USD) - 2023/01/23 14:08:51 ET
Table 'Wurm II' 6-max Seat #1 is the button
Seat 1: donrux_mocrym ($4.49 in chips) 
Seat 2: teteush1140 ($2.09 in chips) 
Seat 3: Lorpugo ($1.46 in chips) 
Seat 4: Raul1974105 ($2.12 in chips) 
Seat 5: klinger96 ($1.55 in chips) 
Seat 6: Mister-Bik ($1.82 in chips) 
teteush1140: posts small blind $0.01
Lorpugo: posts big blind $0.02
*** HOLE CARDS ***
Dealt to Lorpugo [8h 3h]
Raul1974105: folds 
klinger96: folds 
Mister-Bik: folds 
donrux_mocrym: folds 
teteush1140: calls $0.01
Lorpugo: checks 
*** FLOP *** [9s 5h 8c]
teteush1140: checks 
Lorpugo: bets $0.04
teteush1140: calls $0.04
*** TURN *** [9s 5h 8c] [Kh]
teteush1140: checks 
Lorpugo: bets $0.12
teteush1140: calls $0.12
*** RIVER *** [9s 5h 8c Kh] [Td]
teteush1140: checks 
Lorpugo: checks 
*** SHOW DOWN ***
teteush1140: shows [Tc Kd] (two pair, Kings and Tens)
Lorpugo: mucks hand 
teteush1140 collected $0.35 from pot
*** SUMMARY ***
Total pot $0.36 | Rake $0.01 
Board [9s 5h 8c Kh Td]
Seat 1: donrux_mocrym (button) folded before Flop (didn't bet)
Seat 2: teteush1140 (small blind) showed [Tc Kd] and won ($0.35) with two pair, Kings and Tens
Seat 3: Lorpugo (big blind) mucked [8h 3h]
Seat 4: Raul1974105 folded before Flop (didn't bet)
Seat 5: klinger96 folded before Flop (didn't bet)
Seat 6: Mister-Bik folded before Flop (didn't bet)



PokerStars Hand #241346566329:  Hold'em No Limit ($0.01/$0.02 USD) - 2023/01/23 14:09:33 ET
Table 'Wurm II' 6-max Seat #2 is the button
Seat 1: donrux_mocrym ($4.49 in chips) 
Seat 2: teteush1140 ($2.26 in chips) 
Seat 3: Lorpugo ($1.28 in chips) 
Seat 4: Raul1974105 ($2.12 in chips) 
Seat 5: klinger96 ($1.55 in chips) 
Seat 6: Mister-Bik ($1.82 in chips) 
Lorpugo: posts small blind $0.01
Raul1974105: posts big blind $0.02
*** HOLE CARDS ***
Dealt to Lorpugo [Ah Jd]
klinger96: folds 
Mister-Bik: raises $0.04 to $0.06
donrux_mocrym: folds 
teteush1140: calls $0.06
Lorpugo: raises $0.20 to $0.26
Raul1974105: folds 
Mister-Bik: calls $0.20
teteush1140: calls $0.20
*** FLOP *** [Kc Ad Ks]
Lorpugo: checks 
Mister-Bik: checks 
teteush1140: bets $2 and is all-in
Lorpugo: calls $1.02 and is all-in
Mister-Bik: folds 
Uncalled bet ($0.98) returned to teteush1140
*** TURN *** [Kc Ad Ks] [Td]
*** RIVER *** [Kc Ad Ks Td] [7h]
*** SHOW DOWN ***
Lorpugo: shows [Ah Jd] (two pair, Aces and Kings)
teteush1140: shows [Ac 3h] (two pair, Aces and Kings - lower kicker)
Lorpugo collected $2.74 from pot
*** SUMMARY ***
Total pot $2.84 | Rake $0.10 
Board [Kc Ad Ks Td 7h]
Seat 1: donrux_mocrym folded before Flop (didn't bet)
Seat 2: teteush1140 (button) showed [Ac 3h] and lost with two pair, Aces and Kings
Seat 3: Lorpugo (small blind) showed [Ah Jd] and won ($2.74) with two pair, Aces and Kings
Seat 4: Raul1974105 (big blind) folded before Flop
Seat 5: klinger96 folded before Flop (didn't bet)
Seat 6: Mister-Bik folded on the Flop



PokerStars Hand #241346586745:  Hold'em No Limit ($0.01/$0.02 USD) - 2023/01/23 14:10:24 ET
Table 'Wurm II' 6-max Seat #3 is the button
Seat 1: donrux_mocrym ($4.49 in chips) 
Seat 2: teteush1140 ($0.98 in chips) 
Seat 3: Lorpugo ($2.74 in chips) 
Seat 4: Raul1974105 ($2.10 in chips) 
Seat 5: klinger96 ($1.55 in chips) 
Seat 6: Mister-Bik ($2 in chips) 
Raul1974105: posts small blind $0.01
klinger96: posts big blind $0.02
*** HOLE CARDS ***
Dealt to Lorpugo [2c 4h]
Mister-Bik: folds 
donrux_mocrym: raises $0.04 to $0.06
teteush1140: raises $0.04 to $0.10
Lorpugo: folds 
Raul1974105: folds 
klinger96: folds 
donrux_mocrym: calls $0.04
*** FLOP *** [6h Ah Qc]
donrux_mocrym: checks 
teteush1140: checks 
*** TURN *** [6h Ah Qc] [7h]
donrux_mocrym: checks 
teteush1140: checks 
*** RIVER *** [6h Ah Qc 7h] [4d]
donrux_mocrym: checks 
teteush1140: bets $0.11
donrux_mocrym: calls $0.11
*** SHOW DOWN ***
teteush1140: shows [Jc Kh] (high card Ace)
donrux_mocrym: shows [6s 5s] (a pair of Sixes)
donrux_mocrym collected $0.43 from pot
*** SUMMARY ***
Total pot $0.45 | Rake $0.02 
Board [6h Ah Qc 7h 4d]
Seat 1: donrux_mocrym showed [6s 5s] and won ($0.43) with a pair of Sixes
Seat 2: teteush1140 showed [Jc Kh] and lost with high card Ace
Seat 3: Lorpugo (button) folded before Flop (didn't bet)
Seat 4: Raul1974105 (small blind) folded before Flop
Seat 5: klinger96 (big blind) folded before Flop
Seat 6: Mister-Bik folded before Flop (didn't bet)



PokerStars Hand #241346600606:  Hold'em No Limit ($0.01/$0.02 USD) - 2023/01/23 14:10:59 ET
Table 'Wurm II' 6-max Seat #4 is the button
Seat 1: donrux_mocrym ($4.71 in chips) 
Seat 2: teteush1140 ($0.77 in chips) 
Seat 3: Lorpugo ($2.74 in chips) 
Seat 4: Raul1974105 ($2.09 in chips) 
Seat 5: klinger96 ($1.53 in chips) 
Seat 6: Mister-Bik ($2 in chips) 
klinger96: posts small blind $0.01
Mister-Bik: posts big blind $0.02
*** HOLE CARDS ***
Dealt to Lorpugo [Jc 7c]
donrux_mocrym: folds 
teteush1140: folds 
Lorpugo: raises $0.03 to $0.05
Raul1974105: folds 
klinger96: folds 
Mister-Bik: calls $0.03
*** FLOP *** [Jd 6s Js]
Mister-Bik: checks 
Lorpugo: bets $0.06
Mister-Bik: calls $0.06
*** TURN *** [Jd 6s Js] [Qh]
Mister-Bik: checks 
Lorpugo: bets $0.15
Mister-Bik: folds 
Uncalled bet ($0.15) returned to Lorpugo
Lorpugo collected $0.22 from pot
Lorpugo: doesn't show hand 
*** SUMMARY ***
Total pot $0.23 | Rake $0.01 
Board [Jd 6s Js Qh]
Seat 1: donrux_mocrym folded before Flop (didn't bet)
Seat 2: teteush1140 folded before Flop (didn't bet)
Seat 3: Lorpugo collected ($0.22)
Seat 4: Raul1974105 (button) folded before Flop (didn't bet)
Seat 5: klinger96 (small blind) folded before Flop
Seat 6: Mister-Bik (big blind) folded on the Turn



PokerStars Hand #241346620452:  Hold'em No Limit ($0.01/$0.02 USD) - 2023/01/23 14:11:49 ET
Table 'Wurm II' 6-max Seat #5 is the button
Seat 1: donrux_mocrym ($4.71 in chips) 
Seat 2: teteush1140 ($0.77 in chips) 
Seat 3: Lorpugo ($2.85 in chips) 
Seat 4: Raul1974105 ($2.09 in chips) 
Seat 5: klinger96 ($1.52 in chips) 
Seat 6: Mister-Bik ($1.89 in chips) 
Mister-Bik: posts small blind $0.01
donrux_mocrym: posts big blind $0.02
*** HOLE CARDS ***
Dealt to Lorpugo [9s 7c]
teteush1140: raises $0.04 to $0.06
Lorpugo: folds 
Raul1974105: calls $0.06
klinger96: raises $0.04 to $0.10
Mister-Bik: folds 
donrux_mocrym: folds 
teteush1140: calls $0.04
Raul1974105: calls $0.04
*** FLOP *** [Jd 7d 4c]
teteush1140: checks 
Raul1974105: checks 
klinger96: checks 
*** TURN *** [Jd 7d 4c] [Kc]
teteush1140: checks 
Raul1974105: checks 
klinger96: checks 
*** RIVER *** [Jd 7d 4c Kc] [2d]
teteush1140: checks 
Raul1974105: checks 
klinger96: checks 
*** SHOW DOWN ***
teteush1140: shows [Ac 3c] (high card Ace)
Raul1974105: shows [Ts Td] (a pair of Tens)
klinger96: mucks hand 
Raul1974105 collected $0.32 from pot
*** SUMMARY ***
Total pot $0.33 | Rake $0.01 
Board [Jd 7d 4c Kc 2d]
Seat 1: donrux_mocrym (big blind) folded before Flop
Seat 2: teteush1140 showed [Ac 3c] and lost with high card Ace
Seat 3: Lorpugo folded before Flop (didn't bet)
Seat 4: Raul1974105 showed [Ts Td] and won ($0.32) with a pair of Tens
Seat 5: klinger96 (button) mucked [Ad Tc]
Seat 6: Mister-Bik (small blind) folded before Flop



PokerStars Hand #241346644241:  Hold'em No Limit ($0.01/$0.02 USD) - 2023/01/23 14:12:49 ET
Table 'Wurm II' 6-max Seat #6 is the button
Seat 1: donrux_mocrym ($4.69 in chips) 
Seat 2: teteush1140 ($0.67 in chips) 
Seat 3: Lorpugo ($2.85 in chips) 
Seat 4: Raul1974105 ($2.31 in chips) 
Seat 5: klinger96 ($1.42 in chips) 
Seat 6: Mister-Bik ($1.88 in chips) 
donrux_mocrym: posts small blind $0.01
teteush1140: posts big blind $0.02
*** HOLE CARDS ***
Dealt to Lorpugo [3s 4c]
Lorpugo: folds 
Raul1974105: folds 
klinger96: calls $0.02
Mister-Bik: folds 
donrux_mocrym: calls $0.01
teteush1140: checks 
*** FLOP *** [8s Jh 2h]
donrux_mocrym: checks 
teteush1140: checks 
klinger96: checks 
*** TURN *** [8s Jh 2h] [6s]
donrux_mocrym: bets $0.03
teteush1140: folds 
klinger96: calls $0.03
*** RIVER *** [8s Jh 2h 6s] [4h]
donrux_mocrym: checks 
klinger96: checks 
*** SHOW DOWN ***
donrux_mocrym: shows [Kc 5d] (high card King)
klinger96: mucks hand 
donrux_mocrym collected $0.12 from pot
*** SUMMARY ***
Total pot $0.12 | Rake $0 
Board [8s Jh 2h 6s 4h]
Seat 1: donrux_mocrym (small blind) showed [Kc 5d] and won ($0.12) with high card King
Seat 2: teteush1140 (big blind) folded on the Turn
Seat 3: Lorpugo folded before Flop (didn't bet)
Seat 4: Raul1974105 folded before Flop (didn't bet)
Seat 5: klinger96 mucked [Qs 9s]
Seat 6: Mister-Bik (button) folded before Flop (didn't bet)



PokerStars Hand #241346662345:  Hold'em No Limit ($0.01/$0.02 USD) - 2023/01/23 14:13:34 ET
Table 'Wurm II' 6-max Seat #1 is the button
Seat 1: donrux_mocrym ($4.76 in chips) 
Seat 2: teteush1140 ($0.65 in chips) 
Seat 3: Lorpugo ($2.85 in chips) 
Seat 4: Raul1974105 ($2.31 in chips) 
Seat 5: klinger96 ($1.37 in chips) 
Seat 6: Mister-Bik ($1.88 in chips) 
teteush1140: posts small blind $0.01
Lorpugo: posts big blind $0.02
*** HOLE CARDS ***
Dealt to Lorpugo [Qs 9s]
Raul1974105: folds 
klinger96: folds 
Mister-Bik: raises $0.04 to $0.06
donrux_mocrym: folds 
teteush1140: folds 
Lorpugo: calls $0.04
*** FLOP *** [4s Js 5s]
Lorpugo: checks 
Mister-Bik: bets $0.07
Lorpugo: raises $0.11 to $0.18
Mister-Bik: calls $0.11
*** TURN *** [4s Js 5s] [7h]
Lorpugo: bets $0.50
Mister-Bik: calls $0.50
*** RIVER *** [4s Js 5s 7h] [7d]
Lorpugo: bets $2.11 and is all-in
Mister-Bik: folds 
Uncalled bet ($2.11) returned to Lorpugo
Lorpugo collected $1.44 from pot
Lorpugo: doesn't show hand 
*** SUMMARY ***
Total pot $1.49 | Rake $0.05 
Board [4s Js 5s 7h 7d]
Seat 1: donrux_mocrym (button) folded before Flop (didn't bet)
Seat 2: teteush1140 (small blind) folded before Flop
Seat 3: Lorpugo (big blind) collected ($1.44)
Seat 4: Raul1974105 folded before Flop (didn't bet)
Seat 5: klinger96 folded before Flop (didn't bet)
Seat 6: Mister-Bik folded on the River



PokerStars Hand #241346688625:  Hold'em No Limit ($0.01/$0.02 USD) - 2023/01/23 14:14:41 ET
Table 'Wurm II' 6-max Seat #2 is the button
Seat 1: donrux_mocrym ($4.76 in chips) 
Seat 2: teteush1140 ($0.64 in chips) 
Seat 3: Lorpugo ($3.55 in chips) 
Seat 4: Raul1974105 ($2.31 in chips) 
Seat 5: klinger96 ($1.37 in chips) 
Seat 6: Mister-Bik ($2 in chips) 
Lorpugo: posts small blind $0.01
Raul1974105: posts big blind $0.02
*** HOLE CARDS ***
Dealt to Lorpugo [2h Jh]
klinger96: folds 
Mister-Bik: raises $0.04 to $0.06
donrux_mocrym: folds 
teteush1140: raises $0.58 to $0.64 and is all-in
Lorpugo: folds 
Raul1974105: folds 
Mister-Bik: calls $0.58
*** FLOP *** [5c 3c Kc]
*** TURN *** [5c 3c Kc] [4d]
*** RIVER *** [5c 3c Kc 4d] [Ah]
*** SHOW DOWN ***
Mister-Bik: shows [7d 7h] (a pair of Sevens)
teteush1140: shows [5s 5h] (three of a kind, Fives)
teteush1140 collected $1.26 from pot
*** SUMMARY ***
Total pot $1.31 | Rake $0.05 
Board [5c 3c Kc 4d Ah]
Seat 1: donrux_mocrym folded before Flop (didn't bet)
Seat 2: teteush1140 (button) showed [5s 5h] and won ($1.26) with three of a kind, Fives
Seat 3: Lorpugo (small blind) folded before Flop
Seat 4: Raul1974105 (big blind) folded before Flop
Seat 5: klinger96 folded before Flop (didn't bet)
Seat 6: Mister-Bik showed [7d 7h] and lost with a pair of Sevens



PokerStars Hand #241346702266:  Hold'em No Limit ($0.01/$0.02 USD) - 2023/01/23 14:15:14 ET
Table 'Wurm II' 6-max Seat #3 is the button
Seat 1: donrux_mocrym ($4.76 in chips) 
Seat 2: teteush1140 ($1.26 in chips) 
Seat 3: Lorpugo ($3.54 in chips) 
Seat 4: Raul1974105 ($2.29 in chips) 
Seat 5: klinger96 ($1.37 in chips) 
Seat 6: Mister-Bik ($2 in chips) 
Raul1974105: posts small blind $0.01
klinger96: posts big blind $0.02
*** HOLE CARDS ***
Dealt to Lorpugo [8d Tc]
Mister-Bik: raises $0.04 to $0.06
donrux_mocrym: folds 
teteush1140: calls $0.06
Lorpugo: folds 
Raul1974105: folds 
klinger96: folds 
*** FLOP *** [5h Jd 3d]
Mister-Bik: bets $0.07
teteush1140: folds 
Uncalled bet ($0.07) returned to Mister-Bik
Mister-Bik collected $0.14 from pot
Mister-Bik: doesn't show hand 
*** SUMMARY ***
Total pot $0.15 | Rake $0.01 
Board [5h Jd 3d]
Seat 1: donrux_mocrym folded before Flop (didn't bet)
Seat 2: teteush1140 folded on the Flop
Seat 3: Lorpugo (button) folded before Flop (didn't bet)
Seat 4: Raul1974105 (small blind) folded before Flop
Seat 5: klinger96 (big blind) folded before Flop
Seat 6: Mister-Bik collected ($0.14)



PokerStars Hand #241346719578:  Hold'em No Limit ($0.01/$0.02 USD) - 2023/01/23 14:15:57 ET
Table 'Wurm II' 6-max Seat #4 is the button
Seat 1: donrux_mocrym ($4.76 in chips) 
Seat 2: teteush1140 ($1.20 in chips) 
Seat 3: Lorpugo ($3.54 in chips) 
Seat 4: Raul1974105 ($2.28 in chips) 
Seat 5: klinger96 ($1.35 in chips) 
Seat 6: Mister-Bik ($2.08 in chips) 
klinger96: posts small blind $0.01
Mister-Bik: posts big blind $0.02
*** HOLE CARDS ***
Dealt to Lorpugo [2s 3h]
donrux_mocrym: folds 
teteush1140: calls $0.02
Lorpugo: folds 
Raul1974105: folds 
klinger96: folds 
Mister-Bik: checks 
*** FLOP *** [6h Qs Jd]
klinger96 leaves the table
Mister-Bik: bets $0.03
teteush1140: folds 
Uncalled bet ($0.03) returned to Mister-Bik
Mister-Bik collected $0.05 from pot
Mister-Bik: doesn't show hand 
*** SUMMARY ***
Total pot $0.05 | Rake $0 
Board [6h Qs Jd]
Seat 1: donrux_mocrym folded before Flop (didn't bet)
Seat 2: teteush1140 folded on the Flop
Seat 3: Lorpugo folded before Flop (didn't bet)
Seat 4: Raul1974105 (button) folded before Flop (didn't bet)
Seat 5: klinger96 (small blind) folded before Flop
Seat 6: Mister-Bik (big blind) collected ($0.05)



PokerStars Hand #241346737589:  Hold'em No Limit ($0.01/$0.02 USD) - 2023/01/23 14:16:42 ET
Table 'Wurm II' 6-max Seat #6 is the button
Seat 1: donrux_mocrym ($4.76 in chips) 
Seat 2: teteush1140 ($1.18 in chips) 
Seat 3: Lorpugo ($3.54 in chips) 
Seat 4: Raul1974105 ($2.28 in chips) 
Seat 6: Mister-Bik ($2.11 in chips) 
donrux_mocrym: posts small blind $0.01
teteush1140: posts big blind $0.02
*** HOLE CARDS ***
Dealt to Lorpugo [Ah 6s]
Lorpugo: raises $0.02 to $0.04
Raul1974105: folds 
Mister-Bik: folds 
Mister-Bik leaves the table
donrux_mocrym: raises $0.04 to $0.08
teteush1140: folds 
Lorpugo: calls $0.04
*** FLOP *** [Kc 7s Ks]
donrux_mocrym: bets $0.09
Lorpugo: folds 
Uncalled bet ($0.09) returned to donrux_mocrym
donrux_mocrym collected $0.17 from pot
*** SUMMARY ***
Total pot $0.18 | Rake $0.01 
Board [Kc 7s Ks]
Seat 1: donrux_mocrym (small blind) collected ($0.17)
Seat 2: teteush1140 (big blind) folded before Flop
Seat 3: Lorpugo folded on the Flop
Seat 4: Raul1974105 folded before Flop (didn't bet)
Seat 6: Mister-Bik (button) folded before Flop (didn't bet)



PokerStars Hand #241346747591:  Hold'em No Limit ($0.01/$0.02 USD) - 2023/01/23 14:17:07 ET
Table 'Wurm II' 6-max Seat #1 is the button
Seat 1: donrux_mocrym ($4.85 in chips) 
Seat 2: teteush1140 ($1.16 in chips) 
Seat 3: Lorpugo ($3.46 in chips) 
Seat 4: Raul1974105 ($2.28 in chips) 
teteush1140: posts small blind $0.01
Lorpugo: posts big blind $0.02
*** HOLE CARDS ***
Dealt to Lorpugo [6h 2h]
nicolas1690 joins the table at seat #5 
Raul1974105: folds 
donrux_mocrym: folds 
EricIdle joins the table at seat #6 
teteush1140: raises $0.06 to $0.08
Lorpugo: folds 
Uncalled bet ($0.06) returned to teteush1140
teteush1140 collected $0.04 from pot
*** SUMMARY ***
Total pot $0.04 | Rake $0 
Seat 1: donrux_mocrym (button) folded before Flop (didn't bet)
Seat 2: teteush1140 (small blind) collected ($0.04)
Seat 3: Lorpugo (big blind) folded before Flop
Seat 4: Raul1974105 folded before Flop (didn't bet)



PokerStars Hand #241346754059:  Hold'em No Limit ($0.01/$0.02 USD) - 2023/01/23 14:17:24 ET
Table 'Wurm II' 6-max Seat #2 is the button
Seat 1: donrux_mocrym ($4.85 in chips) 
Seat 2: teteush1140 ($1.18 in chips) 
Seat 3: Lorpugo ($3.44 in chips) 
Seat 4: Raul1974105 ($2.28 in chips) 
Lorpugo: posts small blind $0.01
Raul1974105: posts big blind $0.02
*** HOLE CARDS ***
Dealt to Lorpugo [9d 7s]
donrux_mocrym: raises $0.04 to $0.06
teteush1140: raises $0.04 to $0.10
Lorpugo: folds 
Raul1974105: folds 
donrux_mocrym: calls $0.04
*** FLOP *** [Qd 7c 4s]
donrux_mocrym: checks 
teteush1140: bets $0.02
donrux_mocrym: raises $0.26 to $0.28
teteush1140: folds 
Uncalled bet ($0.26) returned to donrux_mocrym
donrux_mocrym collected $0.26 from pot
*** SUMMARY ***
Total pot $0.27 | Rake $0.01 
Board [Qd 7c 4s]
Seat 1: donrux_mocrym collected ($0.26)
Seat 2: teteush1140 (button) folded on the Flop
Seat 3: Lorpugo (small blind) folded before Flop
Seat 4: Raul1974105 (big blind) folded before Flop



PokerStars Hand #241346774426:  Hold'em No Limit ($0.01/$0.02 USD) - 2023/01/23 14:18:15 ET
Table 'Wurm II' 6-max Seat #3 is the button
Seat 1: donrux_mocrym ($4.99 in chips) 
Seat 2: teteush1140 ($1.06 in chips) 
Seat 3: Lorpugo ($3.43 in chips) 
Seat 4: Raul1974105 ($2.26 in chips) 
Seat 6: EricIdle ($2 in chips) 
Raul1974105: posts small blind $0.01
EricIdle: posts big blind $0.02
*** HOLE CARDS ***
Dealt to Lorpugo [Qd 3c]
donrux_mocrym: folds 
teteush1140: calls $0.02
Lorpugo: folds 
Raul1974105: folds 
EricIdle: raises $0.06 to $0.08
teteush1140: calls $0.06
*** FLOP *** [2h Jc 9s]
EricIdle: bets $0.10
teteush1140: calls $0.10
*** TURN *** [2h Jc 9s] [6h]
EricIdle: checks 
teteush1140: bets $0.18
EricIdle: folds 
Uncalled bet ($0.18) returned to teteush1140
teteush1140 collected $0.36 from pot
*** SUMMARY ***
Total pot $0.37 | Rake $0.01 
Board [2h Jc 9s 6h]
Seat 1: donrux_mocrym folded before Flop (didn't bet)
Seat 2: teteush1140 collected ($0.36)
Seat 3: Lorpugo (button) folded before Flop (didn't bet)
Seat 4: Raul1974105 (small blind) folded before Flop
Seat 6: EricIdle (big blind) folded on the Turn



PokerStars Hand #241346793962:  Hold'em No Limit ($0.01/$0.02 USD) - 2023/01/23 14:19:03 ET
Table 'Wurm II' 6-max Seat #4 is the button
Seat 1: donrux_mocrym ($4.99 in chips) 
Seat 2: teteush1140 ($1.24 in chips) 
Seat 3: Lorpugo ($3.43 in chips) 
Seat 4: Raul1974105 ($2.25 in chips) 
Seat 6: EricIdle ($1.82 in chips) 
EricIdle: posts small blind $0.01
donrux_mocrym: posts big blind $0.02
*** HOLE CARDS ***
Dealt to Lorpugo [9h Qd]
teteush1140: folds 
Lorpugo: raises $0.02 to $0.04
Raul1974105: folds 
EricIdle: folds 
donrux_mocrym: folds 
Uncalled bet ($0.02) returned to Lorpugo
Lorpugo collected $0.05 from pot
Lorpugo: doesn't show hand 
*** SUMMARY ***
Total pot $0.05 | Rake $0 
Seat 1: donrux_mocrym (big blind) folded before Flop
Seat 2: teteush1140 folded before Flop (didn't bet)
Seat 3: Lorpugo collected ($0.05)
Seat 4: Raul1974105 (button) folded before Flop (didn't bet)
Seat 6: EricIdle (small blind) folded before Flop



PokerStars Hand #241346801892:  Hold'em No Limit ($0.01/$0.02 USD) - 2023/01/23 14:19:23 ET
Table 'Wurm II' 6-max Seat #6 is the button
Seat 1: donrux_mocrym ($4.97 in chips) 
Seat 2: teteush1140 ($1.24 in chips) 
Seat 3: Lorpugo ($3.46 in chips) 
Seat 4: Raul1974105 ($2.25 in chips) 
Seat 6: EricIdle ($1.81 in chips) 
donrux_mocrym: posts small blind $0.01
teteush1140: posts big blind $0.02
*** HOLE CARDS ***
Dealt to Lorpugo [5c 2h]
Lorpugo: folds 
Raul1974105: folds 
EricIdle: raises $0.04 to $0.06
donrux_mocrym: raises $0.14 to $0.20
teteush1140: calls $0.18
EricIdle: calls $0.14
*** FLOP *** [4s 9c Kh]
donrux_mocrym: bets $0.20
teteush1140: folds 
EricIdle: folds 
Uncalled bet ($0.20) returned to donrux_mocrym
donrux_mocrym collected $0.58 from pot
*** SUMMARY ***
Total pot $0.60 | Rake $0.02 
Board [4s 9c Kh]
Seat 1: donrux_mocrym (small blind) collected ($0.58)
Seat 2: teteush1140 (big blind) folded on the Flop
Seat 3: Lorpugo folded before Flop (didn't bet)
Seat 4: Raul1974105 folded before Flop (didn't bet)
Seat 6: EricIdle (button) folded on the Flop



PokerStars Hand #241346817442:  Hold'em No Limit ($0.01/$0.02 USD) - 2023/01/23 14:20:01 ET
Table 'Wurm II' 6-max Seat #1 is the button
Seat 1: donrux_mocrym ($5.35 in chips) 
Seat 2: teteush1140 ($1.04 in chips) 
Seat 3: Lorpugo ($3.46 in chips) 
Seat 4: Raul1974105 ($2.25 in chips) 
Seat 5: nicolas1690 ($1.70 in chips) 
Seat 6: EricIdle ($1.80 in chips) 
teteush1140: posts small blind $0.01
Lorpugo: posts big blind $0.02
nicolas1690: posts big blind $0.02
*** HOLE CARDS ***
Dealt to Lorpugo [Ah 7h]
Raul1974105: folds 
nicolas1690: checks 
EricIdle: calls $0.02
donrux_mocrym: folds 
teteush1140: folds 
Lorpugo: raises $0.08 to $0.10
nicolas1690: folds 
EricIdle: folds 
Uncalled bet ($0.08) returned to Lorpugo
Lorpugo collected $0.07 from pot
Lorpugo: doesn't show hand 
*** SUMMARY ***
Total pot $0.07 | Rake $0 
Seat 1: donrux_mocrym (button) folded before Flop (didn't bet)
Seat 2: teteush1140 (small blind) folded before Flop
Seat 3: Lorpugo (big blind) collected ($0.07)
Seat 4: Raul1974105 folded before Flop (didn't bet)
Seat 5: nicolas1690 folded before Flop (didn't bet)
Seat 6: EricIdle folded before Flop



PokerStars Hand #241346830834:  Hold'em No Limit ($0.01/$0.02 USD) - 2023/01/23 14:20:35 ET
Table 'Wurm II' 6-max Seat #2 is the button
Seat 1: donrux_mocrym ($5.35 in chips) 
Seat 2: teteush1140 ($1.03 in chips) 
Seat 3: Lorpugo ($3.51 in chips) 
Seat 4: Raul1974105 ($2.25 in chips) 
Seat 5: nicolas1690 ($1.68 in chips) 
Seat 6: EricIdle ($1.78 in chips) 
Lorpugo: posts small blind $0.01
Raul1974105: posts big blind $0.02
*** HOLE CARDS ***
Dealt to Lorpugo [Jc Qs]
nicolas1690: folds 
EricIdle: folds 
donrux_mocrym: folds 
teteush1140: calls $0.02
Lorpugo: raises $0.08 to $0.10
Raul1974105: folds 
teteush1140: calls $0.08
*** FLOP *** [Ac 9c Kc]
Lorpugo: checks 
teteush1140: checks 
*** TURN *** [Ac 9c Kc] [4d]
Lorpugo: bets $0.11
teteush1140: folds 
Uncalled bet ($0.11) returned to Lorpugo
Lorpugo collected $0.21 from pot
Lorpugo: doesn't show hand 
*** SUMMARY ***
Total pot $0.22 | Rake $0.01 
Board [Ac 9c Kc 4d]
Seat 1: donrux_mocrym folded before Flop (didn't bet)
Seat 2: teteush1140 (button) folded on the Turn
Seat 3: Lorpugo (small blind) collected ($0.21)
Seat 4: Raul1974105 (big blind) folded before Flop
Seat 5: nicolas1690 folded before Flop (didn't bet)
Seat 6: EricIdle folded before Flop (didn't bet)



PokerStars Hand #241346843990:  Hold'em No Limit ($0.01/$0.02 USD) - 2023/01/23 14:21:08 ET
Table 'Wurm II' 6-max Seat #3 is the button
Seat 1: donrux_mocrym ($5.35 in chips) 
Seat 2: teteush1140 ($0.93 in chips) 
Seat 3: Lorpugo ($3.62 in chips) 
Seat 4: Raul1974105 ($2.23 in chips) 
Seat 5: nicolas1690 ($1.68 in chips) 
Seat 6: EricIdle ($1.78 in chips) 
Raul1974105: posts small blind $0.01
nicolas1690: posts big blind $0.02
*** HOLE CARDS ***
Dealt to Lorpugo [3d 5c]
EricIdle: folds 
donrux_mocrym: raises $0.04 to $0.06
teteush1140: calls $0.06
Lorpugo: folds 
Raul1974105: folds 
nicolas1690: folds 
*** FLOP *** [7s 3h 7c]
donrux_mocrym: bets $0.07
teteush1140: folds 
Uncalled bet ($0.07) returned to donrux_mocrym
donrux_mocrym collected $0.14 from pot
*** SUMMARY ***
Total pot $0.15 | Rake $0.01 
Board [7s 3h 7c]
Seat 1: donrux_mocrym collected ($0.14)
Seat 2: teteush1140 folded on the Flop
Seat 3: Lorpugo (button) folded before Flop (didn't bet)
Seat 4: Raul1974105 (small blind) folded before Flop
Seat 5: nicolas1690 (big blind) folded before Flop
Seat 6: EricIdle folded before Flop (didn't bet)



PokerStars Hand #241346861162:  Hold'em No Limit ($0.01/$0.02 USD) - 2023/01/23 14:21:51 ET
Table 'Wurm II' 6-max Seat #4 is the button
Seat 1: donrux_mocrym ($5.43 in chips) 
Seat 2: teteush1140 ($0.87 in chips) 
Seat 3: Lorpugo ($3.62 in chips) 
Seat 4: Raul1974105 ($2.22 in chips) 
Seat 5: nicolas1690 ($1.66 in chips) 
Seat 6: EricIdle ($1.78 in chips) 
nicolas1690: posts small blind $0.01
EricIdle: posts big blind $0.02
*** HOLE CARDS ***
Dealt to Lorpugo [5s 4d]
donrux_mocrym: folds 
donrux_mocrym leaves the table
teteush1140: raises $0.85 to $0.87 and is all-in
Lorpugo: folds 
Raul1974105: folds 
nicolas1690: folds 
EricIdle: folds 
Uncalled bet ($0.85) returned to teteush1140
teteush1140 collected $0.05 from pot
*** SUMMARY ***
Total pot $0.05 | Rake $0 
Seat 1: donrux_mocrym folded before Flop (didn't bet)
Seat 2: teteush1140 collected ($0.05)
Seat 3: Lorpugo folded before Flop (didn't bet)
Seat 4: Raul1974105 (button) folded before Flop (didn't bet)
Seat 5: nicolas1690 (small blind) folded before Flop
Seat 6: EricIdle (big blind) folded before Flop



PokerStars Hand #241346874892:  Hold'em No Limit ($0.01/$0.02 USD) - 2023/01/23 14:22:25 ET
Table 'Wurm II' 6-max Seat #5 is the button
Seat 2: teteush1140 ($0.90 in chips) 
Seat 3: Lorpugo ($3.62 in chips) 
Seat 4: Raul1974105 ($2.22 in chips) 
Seat 5: nicolas1690 ($1.65 in chips) 
Seat 6: EricIdle ($1.76 in chips) 
EricIdle: posts small blind $0.01
teteush1140: posts big blind $0.02
*** HOLE CARDS ***
Dealt to Lorpugo [Th Kh]
Lorpugo: raises $0.02 to $0.04
Raul1974105: raises $0.14 to $0.18
nicolas1690: folds 
EricIdle: folds 
teteush1140: raises $0.72 to $0.90 and is all-in
Lorpugo: folds 
Raul1974105: folds 
Uncalled bet ($0.72) returned to teteush1140
teteush1140 collected $0.41 from pot
*** SUMMARY ***
Total pot $0.41 | Rake $0 
Seat 2: teteush1140 (big blind) collected ($0.41)
Seat 3: Lorpugo folded before Flop
Seat 4: Raul1974105 folded before Flop
Seat 5: nicolas1690 (button) folded before Flop (didn't bet)
Seat 6: EricIdle (small blind) folded before Flop



PokerStars Hand #241346885668:  Hold'em No Limit ($0.01/$0.02 USD) - 2023/01/23 14:22:52 ET
Table 'Wurm II' 6-max Seat #6 is the button
Seat 2: teteush1140 ($1.13 in chips) 
Seat 3: Lorpugo ($3.58 in chips) 
Seat 4: Raul1974105 ($2.04 in chips) 
Seat 5: nicolas1690 ($1.65 in chips) 
Seat 6: EricIdle ($1.75 in chips) 
teteush1140: posts small blind $0.01
Lorpugo: posts big blind $0.02
*** HOLE CARDS ***
Dealt to Lorpugo [6h 2d]
Raul1974105: folds 
nicolas1690: raises $0.03 to $0.05
EricIdle: calls $0.05
teteush1140: folds 
Lorpugo: folds 
*** FLOP *** [Qs Jd 9d]
nicolas1690: bets $0.12
EricIdle: folds 
Uncalled bet ($0.12) returned to nicolas1690
nicolas1690 collected $0.13 from pot
*** SUMMARY ***
Total pot $0.13 | Rake $0 
Board [Qs Jd 9d]
Seat 2: teteush1140 (small blind) folded before Flop
Seat 3: Lorpugo (big blind) folded before Flop
Seat 4: Raul1974105 folded before Flop (didn't bet)
Seat 5: nicolas1690 collected ($0.13)
Seat 6: EricIdle (button) folded on the Flop



PokerStars Hand #241346896830:  Hold'em No Limit ($0.01/$0.02 USD) - 2023/01/23 14:23:20 ET
Table 'Wurm II' 6-max Seat #2 is the button
Seat 2: teteush1140 ($1.12 in chips) 
Seat 3: Lorpugo ($3.56 in chips) 
Seat 4: Raul1974105 ($2.04 in chips) 
Seat 5: nicolas1690 ($1.73 in chips) 
Seat 6: EricIdle ($1.70 in chips) 
Lorpugo: posts small blind $0.01
Raul1974105: posts big blind $0.02
*** HOLE CARDS ***
Dealt to Lorpugo [Jc 8s]
nicolas1690: folds 
EricIdle: raises $0.04 to $0.06
alfa4c8c joins the table at seat #1 
teteush1140: raises $0.04 to $0.10
Lorpugo: folds 
Raul1974105: folds 
EricIdle: calls $0.04
*** FLOP *** [2h 3h Ac]
EricIdle: checks 
teteush1140: bets $0.04
EricIdle: folds 
Uncalled bet ($0.04) returned to teteush1140
teteush1140 collected $0.22 from pot
*** SUMMARY ***
Total pot $0.23 | Rake $0.01 
Board [2h 3h Ac]
Seat 2: teteush1140 (button) collected ($0.22)
Seat 3: Lorpugo (small blind) folded before Flop
Seat 4: Raul1974105 (big blind) folded before Flop
Seat 5: nicolas1690 folded before Flop (didn't bet)
Seat 6: EricIdle folded on the Flop



PokerStars Hand #241346907644:  Hold'em No Limit ($0.01/$0.02 USD) - 2023/01/23 14:23:46 ET
Table 'Wurm II' 6-max Seat #3 is the button
Seat 1: alfa4c8c ($1.60 in chips) 
Seat 2: teteush1140 ($1.24 in chips) 
Seat 3: Lorpugo ($3.55 in chips) 
Seat 4: Raul1974105 ($2.02 in chips) 
Seat 5: nicolas1690 ($1.73 in chips) 
Seat 6: EricIdle ($1.90 in chips) 
Raul1974105: posts small blind $0.01
nicolas1690: posts big blind $0.02
alfa4c8c: posts big blind $0.02
*** HOLE CARDS ***
Dealt to Lorpugo [Td Qh]
EricIdle: folds 
alfa4c8c: raises $0.02 to $0.04
teteush1140: folds 
Lorpugo: calls $0.04
Raul1974105: folds 
nicolas1690: calls $0.02
*** FLOP *** [8h Jc Tc]
nicolas1690: checks 
alfa4c8c: checks 
Lorpugo: bets $0.07
nicolas1690: calls $0.07
alfa4c8c: folds 
*** TURN *** [8h Jc Tc] [7c]
nicolas1690: bets $0.08
Lorpugo: folds 
Uncalled bet ($0.08) returned to nicolas1690
nicolas1690 collected $0.26 from pot
*** SUMMARY ***
Total pot $0.27 | Rake $0.01 
Board [8h Jc Tc 7c]
Seat 1: alfa4c8c folded on the Flop
Seat 2: teteush1140 folded before Flop (didn't bet)
Seat 3: Lorpugo (button) folded on the Turn
Seat 4: Raul1974105 (small blind) folded before Flop
Seat 5: nicolas1690 (big blind) collected ($0.26)
Seat 6: EricIdle folded before Flop (didn't bet)



PokerStars Hand #241346924273:  Hold'em No Limit ($0.01/$0.02 USD) - 2023/01/23 14:24:27 ET
Table 'Wurm II' 6-max Seat #4 is the button
Seat 1: alfa4c8c ($1.56 in chips) 
Seat 2: teteush1140 ($1.24 in chips) 
Seat 3: Lorpugo ($3.44 in chips) 
Seat 4: Raul1974105 ($2.01 in chips) 
Seat 5: nicolas1690 ($1.88 in chips) 
Seat 6: EricIdle ($1.90 in chips) 
nicolas1690: posts small blind $0.01
EricIdle: posts big blind $0.02
*** HOLE CARDS ***
Dealt to Lorpugo [5h Tc]
alfa4c8c: calls $0.02
teteush1140: calls $0.02
Lorpugo: folds 
Raul1974105: folds 
nicolas1690: folds 
EricIdle: raises $0.08 to $0.10
alfa4c8c: calls $0.08
teteush1140: calls $0.08
*** FLOP *** [Ah As Qd]
EricIdle: bets $0.18
alfa4c8c: folds 
teteush1140: folds 
Uncalled bet ($0.18) returned to EricIdle
EricIdle collected $0.30 from pot
EricIdle: doesn't show hand 
*** SUMMARY ***
Total pot $0.31 | Rake $0.01 
Board [Ah As Qd]
Seat 1: alfa4c8c folded on the Flop
Seat 2: teteush1140 folded on the Flop
Seat 3: Lorpugo folded before Flop (didn't bet)
Seat 4: Raul1974105 (button) folded before Flop (didn't bet)
Seat 5: nicolas1690 (small blind) folded before Flop
Seat 6: EricIdle (big blind) collected ($0.30)



PokerStars Hand #241346943682:  Hold'em No Limit ($0.01/$0.02 USD) - 2023/01/23 14:25:15 ET
Table 'Wurm II' 6-max Seat #5 is the button
Seat 1: alfa4c8c ($1.46 in chips) 
Seat 2: teteush1140 ($1.14 in chips) 
Seat 3: Lorpugo ($3.44 in chips) 
Seat 4: Raul1974105 ($2.01 in chips) 
Seat 5: nicolas1690 ($1.87 in chips) 
Seat 6: EricIdle ($2.10 in chips) 
EricIdle: posts small blind $0.01
alfa4c8c: posts big blind $0.02
*** HOLE CARDS ***
Dealt to Lorpugo [Qc 4d]
teteush1140: folds 
Lorpugo: folds 
Raul1974105: folds 
nicolas1690: folds 
EricIdle: raises $0.04 to $0.06
alfa4c8c: calls $0.04
*** FLOP *** [2h 8h 3s]
EricIdle: bets $0.08
alfa4c8c: calls $0.08
*** TURN *** [2h 8h 3s] [5c]
EricIdle: checks 
alfa4c8c: bets $0.18
EricIdle: folds 
Uncalled bet ($0.18) returned to alfa4c8c
alfa4c8c collected $0.27 from pot
alfa4c8c: doesn't show hand 
*** SUMMARY ***
Total pot $0.28 | Rake $0.01 
Board [2h 8h 3s 5c]
Seat 1: alfa4c8c (big blind) collected ($0.27)
Seat 2: teteush1140 folded before Flop (didn't bet)
Seat 3: Lorpugo folded before Flop (didn't bet)
Seat 4: Raul1974105 folded before Flop (didn't bet)
Seat 5: nicolas1690 (button) folded before Flop (didn't bet)
Seat 6: EricIdle (small blind) folded on the Turn



PokerStars Hand #241346961851:  Hold'em No Limit ($0.01/$0.02 USD) - 2023/01/23 14:26:00 ET
Table 'Wurm II' 6-max Seat #6 is the button
Seat 1: alfa4c8c ($1.59 in chips) 
Seat 2: teteush1140 ($1.14 in chips) 
Seat 3: Lorpugo ($3.44 in chips) 
Seat 4: Raul1974105 ($2.01 in chips) 
Seat 5: nicolas1690 ($1.87 in chips) 
Seat 6: EricIdle ($1.96 in chips) 
alfa4c8c: posts small blind $0.01
teteush1140: posts big blind $0.02
*** HOLE CARDS ***
Dealt to Lorpugo [Qd 6s]
Lorpugo: folds 
Raul1974105: folds 
nicolas1690: raises $0.03 to $0.05
EricIdle: raises $0.09 to $0.14
alfa4c8c: folds 
teteush1140: folds 
nicolas1690: calls $0.09
*** FLOP *** [3d Kc 8d]
nicolas1690: checks 
EricIdle: bets $0.14
nicolas1690: folds 
Uncalled bet ($0.14) returned to EricIdle
EricIdle collected $0.30 from pot
EricIdle: doesn't show hand 
*** SUMMARY ***
Total pot $0.31 | Rake $0.01 
Board [3d Kc 8d]
Seat 1: alfa4c8c (small blind) folded before Flop
Seat 2: teteush1140 (big blind) folded before Flop
Seat 3: Lorpugo folded before Flop (didn't bet)
Seat 4: Raul1974105 folded before Flop (didn't bet)
Seat 5: nicolas1690 folded on the Flop
Seat 6: EricIdle (button) collected ($0.30)



PokerStars Hand #241346975675:  Hold'em No Limit ($0.01/$0.02 USD) - 2023/01/23 14:26:34 ET
Table 'Wurm II' 6-max Seat #1 is the button
Seat 1: alfa4c8c ($1.58 in chips) 
Seat 2: teteush1140 ($1.12 in chips) 
Seat 3: Lorpugo ($3.44 in chips) 
Seat 4: Raul1974105 ($2.01 in chips) 
Seat 5: nicolas1690 ($1.73 in chips) 
Seat 6: EricIdle ($2.12 in chips) 
teteush1140: posts small blind $0.01
Lorpugo: posts big blind $0.02
*** HOLE CARDS ***
Dealt to Lorpugo [Kh Ts]
Raul1974105: folds 
nicolas1690: raises $0.03 to $0.05
EricIdle: folds 
alfa4c8c: folds 
teteush1140: folds 
Lorpugo: calls $0.03
*** FLOP *** [Th Jh 4c]
Lorpugo: checks 
nicolas1690: bets $0.04
Lorpugo: calls $0.04
*** TURN *** [Th Jh 4c] [7s]
Lorpugo: checks 
nicolas1690: bets $0.06
Lorpugo: calls $0.06
*** RIVER *** [Th Jh 4c 7s] [2h]
Lorpugo: checks 
nicolas1690: bets $0.09
Lorpugo: calls $0.09
*** SHOW DOWN ***
nicolas1690: shows [Td Jd] (two pair, Jacks and Tens)
Lorpugo: mucks hand 
nicolas1690 collected $0.47 from pot
*** SUMMARY ***
Total pot $0.49 | Rake $0.02 
Board [Th Jh 4c 7s 2h]
Seat 1: alfa4c8c (button) folded before Flop (didn't bet)
Seat 2: teteush1140 (small blind) folded before Flop
Seat 3: Lorpugo (big blind) mucked [Kh Ts]
Seat 4: Raul1974105 folded before Flop (didn't bet)
Seat 5: nicolas1690 showed [Td Jd] and won ($0.47) with two pair, Jacks and Tens
Seat 6: EricIdle folded before Flop (didn't bet)



PokerStars Hand #241346993887:  Hold'em No Limit ($0.01/$0.02 USD) - 2023/01/23 14:27:20 ET
Table 'Wurm II' 6-max Seat #2 is the button
Seat 1: alfa4c8c ($1.58 in chips) 
Seat 2: teteush1140 ($1.11 in chips) 
Seat 3: Lorpugo ($3.20 in chips) 
Seat 4: Raul1974105 ($2.01 in chips) 
Seat 5: nicolas1690 ($1.96 in chips) 
Seat 6: EricIdle ($2.12 in chips) 
Lorpugo: posts small blind $0.01
Raul1974105: posts big blind $0.02
*** HOLE CARDS ***
Dealt to Lorpugo [Jc Qh]
nicolas1690: folds 
EricIdle: folds 
alfa4c8c: raises $0.02 to $0.04
teteush1140: raises $0.02 to $0.06
Lorpugo: folds 
Raul1974105: folds 
alfa4c8c: calls $0.02
*** FLOP *** [2s Ah 7d]
alfa4c8c: bets $0.02
teteush1140: calls $0.02
*** TURN *** [2s Ah 7d] [8d]
alfa4c8c: bets $0.02
teteush1140: calls $0.02
*** RIVER *** [2s Ah 7d 8d] [8s]
alfa4c8c: bets $0.02
teteush1140: calls $0.02
*** SHOW DOWN ***
alfa4c8c: shows [Kd Js] (a pair of Eights)
teteush1140: shows [6c 6h] (two pair, Eights and Sixes)
teteush1140 collected $0.26 from pot
*** SUMMARY ***
Total pot $0.27 | Rake $0.01 
Board [2s Ah 7d 8d 8s]
Seat 1: alfa4c8c showed [Kd Js] and lost with a pair of Eights
Seat 2: teteush1140 (button) showed [6c 6h] and won ($0.26) with two pair, Eights and Sixes
Seat 3: Lorpugo (small blind) folded before Flop
Seat 4: Raul1974105 (big blind) folded before Flop
Seat 5: nicolas1690 folded before Flop (didn't bet)
Seat 6: EricIdle folded before Flop (didn't bet)



PokerStars Hand #241347020056:  Hold'em No Limit ($0.01/$0.02 USD) - 2023/01/23 14:28:26 ET
Table 'Wurm II' 6-max Seat #3 is the button
Seat 1: alfa4c8c ($1.46 in chips) 
Seat 2: teteush1140 ($1.25 in chips) 
Seat 3: Lorpugo ($3.19 in chips) 
Seat 4: Raul1974105 ($2 in chips) 
Seat 5: nicolas1690 ($1.96 in chips) 
Seat 6: EricIdle ($2.12 in chips) 
Raul1974105: posts small blind $0.01
nicolas1690: posts big blind $0.02
*** HOLE CARDS ***
Dealt to Lorpugo [Jc 4c]
EricIdle: folds 
alfa4c8c: calls $0.02
teteush1140: folds 
Lorpugo: folds 
Raul1974105: folds 
nicolas1690: checks 
*** FLOP *** [9h 9c 8s]
nicolas1690: checks 
alfa4c8c: checks 
*** TURN *** [9h 9c 8s] [Qs]
nicolas1690: bets $0.02
alfa4c8c: calls $0.02
*** RIVER *** [9h 9c 8s Qs] [3h]
nicolas1690: checks 
alfa4c8c: bets $0.02
nicolas1690: calls $0.02
*** SHOW DOWN ***
alfa4c8c: shows [9s 4d] (three of a kind, Nines)
nicolas1690: mucks hand 
alfa4c8c collected $0.13 from pot
*** SUMMARY ***
Total pot $0.13 | Rake $0 
Board [9h 9c 8s Qs 3h]
Seat 1: alfa4c8c showed [9s 4d] and won ($0.13) with three of a kind, Nines
Seat 2: teteush1140 folded before Flop (didn't bet)
Seat 3: Lorpugo (button) folded before Flop (didn't bet)
Seat 4: Raul1974105 (small blind) folded before Flop
Seat 5: nicolas1690 (big blind) mucked [8h 2h]
Seat 6: EricIdle folded before Flop (didn't bet)



PokerStars Hand #241347045841:  Hold'em No Limit ($0.01/$0.02 USD) - 2023/01/23 14:29:30 ET
Table 'Wurm II' 6-max Seat #4 is the button
Seat 1: alfa4c8c ($1.53 in chips) 
Seat 2: teteush1140 ($1.25 in chips) 
Seat 3: Lorpugo ($3.19 in chips) 
Seat 4: Raul1974105 ($2 in chips) 
Seat 5: nicolas1690 ($1.90 in chips) 
Seat 6: EricIdle ($2.12 in chips) 
nicolas1690: posts small blind $0.01
EricIdle: posts big blind $0.02
*** HOLE CARDS ***
Dealt to Lorpugo [2d Jc]
alfa4c8c: calls $0.02
teteush1140: folds 
Lorpugo: folds 
Raul1974105: folds 
nicolas1690: calls $0.01
EricIdle: raises $0.08 to $0.10
alfa4c8c: calls $0.08
nicolas1690: folds 
*** FLOP *** [7h 7s 5d]
EricIdle: bets $0.12
alfa4c8c: calls $0.12
*** TURN *** [7h 7s 5d] [9h]
EricIdle: checks 
alfa4c8c: bets $0.12
EricIdle: folds 
Uncalled bet ($0.12) returned to alfa4c8c
alfa4c8c collected $0.44 from pot
alfa4c8c: doesn't show hand 
*** SUMMARY ***
Total pot $0.46 | Rake $0.02 
Board [7h 7s 5d 9h]
Seat 1: alfa4c8c collected ($0.44)
Seat 2: teteush1140 folded before Flop (didn't bet)
Seat 3: Lorpugo folded before Flop (didn't bet)
Seat 4: Raul1974105 (button) folded before Flop (didn't bet)
Seat 5: nicolas1690 (small blind) folded before Flop
Seat 6: EricIdle (big blind) folded on the Turn



PokerStars Hand #241347076676:  Hold'em No Limit ($0.01/$0.02 USD) - 2023/01/23 14:30:47 ET
Table 'Wurm II' 6-max Seat #5 is the button
Seat 1: alfa4c8c ($1.75 in chips) 
Seat 2: teteush1140 ($1.25 in chips) 
Seat 3: Lorpugo ($3.19 in chips) 
Seat 4: Raul1974105 ($2 in chips) 
Seat 5: nicolas1690 ($1.88 in chips) 
Seat 6: EricIdle ($1.90 in chips) 
EricIdle: posts small blind $0.01
alfa4c8c: posts big blind $0.02
*** HOLE CARDS ***
Dealt to Lorpugo [2s 6h]
teteush1140: folds 
Lorpugo: folds 
Raul1974105: raises $0.03 to $0.05
nicolas1690: folds 
EricIdle: folds 
alfa4c8c: calls $0.03
*** FLOP *** [Js 8d Qd]
alfa4c8c: checks 
Raul1974105: checks 
*** TURN *** [Js 8d Qd] [4s]
alfa4c8c: checks 
Raul1974105: checks 
*** RIVER *** [Js 8d Qd 4s] [5d]
alfa4c8c: checks 
Raul1974105: checks 
*** SHOW DOWN ***
alfa4c8c: shows [Kd 2c] (high card King)
Raul1974105: shows [Ah 3h] (high card Ace)
Raul1974105 collected $0.11 from pot
*** SUMMARY ***
Total pot $0.11 | Rake $0 
Board [Js 8d Qd 4s 5d]
Seat 1: alfa4c8c (big blind) showed [Kd 2c] and lost with high card King
Seat 2: teteush1140 folded before Flop (didn't bet)
Seat 3: Lorpugo folded before Flop (didn't bet)
Seat 4: Raul1974105 showed [Ah 3h] and won ($0.11) with high card Ace
Seat 5: nicolas1690 (button) folded before Flop (didn't bet)
Seat 6: EricIdle (small blind) folded before Flop



PokerStars Hand #241347098916:  Hold'em No Limit ($0.01/$0.02 USD) - 2023/01/23 14:31:41 ET
Table 'Wurm II' 6-max Seat #6 is the button
Seat 1: alfa4c8c ($1.70 in chips) 
Seat 2: teteush1140 ($1.25 in chips) 
Seat 3: Lorpugo ($3.19 in chips) 
Seat 4: Raul1974105 ($2.06 in chips) 
Seat 5: nicolas1690 ($1.88 in chips) 
Seat 6: EricIdle ($1.89 in chips) 
alfa4c8c: posts small blind $0.01
teteush1140: posts big blind $0.02
*** HOLE CARDS ***
Dealt to Lorpugo [7h Kd]
Lorpugo: folds 
Raul1974105: folds 
nicolas1690: folds 
EricIdle: folds 
alfa4c8c: calls $0.01
teteush1140: checks 
*** FLOP *** [9s 4h Jc]
alfa4c8c: checks 
teteush1140: checks 
*** TURN *** [9s 4h Jc] [Ad]
alfa4c8c: checks 
teteush1140: checks 
*** RIVER *** [9s 4h Jc Ad] [As]
alfa4c8c: bets $0.02
teteush1140: calls $0.02
*** SHOW DOWN ***
alfa4c8c: shows [5d Ks] (a pair of Aces)
teteush1140: mucks hand 
alfa4c8c collected $0.08 from pot
*** SUMMARY ***
Total pot $0.08 | Rake $0 
Board [9s 4h Jc Ad As]
Seat 1: alfa4c8c (small blind) showed [5d Ks] and won ($0.08) with a pair of Aces
Seat 2: teteush1140 (big blind) mucked [6d Qh]
Seat 3: Lorpugo folded before Flop (didn't bet)
Seat 4: Raul1974105 folded before Flop (didn't bet)
Seat 5: nicolas1690 folded before Flop (didn't bet)
Seat 6: EricIdle (button) folded before Flop (didn't bet)



PokerStars Hand #241347124499:  Hold'em No Limit ($0.01/$0.02 USD) - 2023/01/23 14:32:45 ET
Table 'Wurm II' 6-max Seat #1 is the button
Seat 1: alfa4c8c ($1.74 in chips) 
Seat 2: teteush1140 ($1.21 in chips) 
Seat 3: Lorpugo ($3.19 in chips) 
Seat 4: Raul1974105 ($2.06 in chips) 
Seat 5: nicolas1690 ($1.88 in chips) 
Seat 6: EricIdle ($1.89 in chips) 
teteush1140: posts small blind $0.01
Lorpugo: posts big blind $0.02
*** HOLE CARDS ***
Dealt to Lorpugo [7s 6c]
Raul1974105: folds 
nicolas1690: folds 
EricIdle: folds 
alfa4c8c: folds 
teteush1140: calls $0.01
Lorpugo: checks 
*** FLOP *** [Tc Jd 3h]
teteush1140: checks 
Lorpugo: checks 
*** TURN *** [Tc Jd 3h] [9c]
teteush1140: bets $0.02
Lorpugo: folds 
Uncalled bet ($0.02) returned to teteush1140
teteush1140 collected $0.04 from pot
*** SUMMARY ***
Total pot $0.04 | Rake $0 
Board [Tc Jd 3h 9c]
Seat 1: alfa4c8c (button) folded before Flop (didn't bet)
Seat 2: teteush1140 (small blind) collected ($0.04)
Seat 3: Lorpugo (big blind) folded on the Turn
Seat 4: Raul1974105 folded before Flop (didn't bet)
Seat 5: nicolas1690 folded before Flop (didn't bet)
Seat 6: EricIdle folded before Flop (didn't bet)



PokerStars Hand #241347147985:  Hold'em No Limit ($0.01/$0.02 USD) - 2023/01/23 14:33:43 ET
Table 'Wurm II' 6-max Seat #2 is the button
Seat 1: alfa4c8c ($1.74 in chips) 
Seat 2: teteush1140 ($1.23 in chips) 
Seat 3: Lorpugo ($3.17 in chips) 
Seat 4: Raul1974105 ($2.06 in chips) 
Seat 5: nicolas1690 ($1.88 in chips) 
Seat 6: EricIdle ($1.89 in chips) 
Lorpugo: posts small blind $0.01
Raul1974105: posts big blind $0.02
*** HOLE CARDS ***
Dealt to Lorpugo [8h Js]
nicolas1690: folds 
EricIdle: folds 
alfa4c8c: raises $0.02 to $0.04
teteush1140: folds 
Lorpugo: folds 
Raul1974105: folds 
Uncalled bet ($0.02) returned to alfa4c8c
alfa4c8c collected $0.05 from pot
alfa4c8c: doesn't show hand 
*** SUMMARY ***
Total pot $0.05 | Rake $0 
Seat 1: alfa4c8c collected ($0.05)
Seat 2: teteush1140 (button) folded before Flop (didn't bet)
Seat 3: Lorpugo (small blind) folded before Flop
Seat 4: Raul1974105 (big blind) folded before Flop
Seat 5: nicolas1690 folded before Flop (didn't bet)
Seat 6: EricIdle folded before Flop (didn't bet)



PokerStars Hand #241347156786:  Hold'em No Limit ($0.01/$0.02 USD) - 2023/01/23 14:34:05 ET
Table 'Wurm II' 6-max Seat #3 is the button
Seat 1: alfa4c8c ($1.77 in chips) 
Seat 2: teteush1140 ($1.23 in chips) 
Seat 3: Lorpugo ($3.16 in chips) 
Seat 4: Raul1974105 ($2.04 in chips) 
Seat 5: nicolas1690 ($1.88 in chips) 
Seat 6: EricIdle ($1.89 in chips) 
Raul1974105: posts small blind $0.01
nicolas1690: posts big blind $0.02
*** HOLE CARDS ***
Dealt to Lorpugo [Kh 8c]
EricIdle: folds 
alfa4c8c: raises $0.02 to $0.04
teteush1140: calls $0.04
Lorpugo: folds 
Raul1974105: raises $0.17 to $0.21
nicolas1690: folds 
alfa4c8c: folds 
teteush1140: calls $0.17
*** FLOP *** [Ah Ks Jh]
Raul1974105: bets $0.23
teteush1140: raises $0.79 to $1.02 and is all-in
Raul1974105: calls $0.79
*** TURN *** [Ah Ks Jh] [Js]
*** RIVER *** [Ah Ks Jh Js] [4d]
*** SHOW DOWN ***
Raul1974105: shows [Kd Ac] (two pair, Aces and Kings)
teteush1140: shows [6h Ad] (two pair, Aces and Jacks)
Raul1974105 collected $2.43 from pot
*** SUMMARY ***
Total pot $2.52 | Rake $0.09 
Board [Ah Ks Jh Js 4d]
Seat 1: alfa4c8c folded before Flop
Seat 2: teteush1140 showed [6h Ad] and lost with two pair, Aces and Jacks
Seat 3: Lorpugo (button) folded before Flop (didn't bet)
Seat 4: Raul1974105 (small blind) showed [Kd Ac] and won ($2.43) with two pair, Aces and Kings
Seat 5: nicolas1690 (big blind) folded before Flop
Seat 6: EricIdle folded before Flop (didn't bet)



PokerStars Hand #241347179449:  Hold'em No Limit ($0.01/$0.02 USD) - 2023/01/23 14:35:01 ET
Table 'Wurm II' 6-max Seat #4 is the button
Seat 1: alfa4c8c ($1.73 in chips) 
Seat 3: Lorpugo ($3.16 in chips) 
Seat 4: Raul1974105 ($3.24 in chips) 
Seat 5: nicolas1690 ($1.86 in chips) 
Seat 6: EricIdle ($1.89 in chips) 
nicolas1690: posts small blind $0.01
EricIdle: posts big blind $0.02
*** HOLE CARDS ***
Dealt to Lorpugo [7h 4c]
alfa4c8c: calls $0.02
Lorpugo: folds 
Raul1974105: folds 
teteush1140 is disconnected 
nicolas1690: raises $0.08 to $0.10
EricIdle: folds 
alfa4c8c: calls $0.08
*** FLOP *** [Qh 8d Qc]
nicolas1690: checks 
alfa4c8c: bets $0.02
nicolas1690: calls $0.02
*** TURN *** [Qh 8d Qc] [Kc]
nicolas1690: checks 
alfa4c8c: checks 
*** RIVER *** [Qh 8d Qc Kc] [Ac]
nicolas1690: bets $0.19
alfa4c8c: folds 
Uncalled bet ($0.19) returned to nicolas1690
nicolas1690 collected $0.25 from pot
*** SUMMARY ***
Total pot $0.26 | Rake $0.01 
Board [Qh 8d Qc Kc Ac]
Seat 1: alfa4c8c folded on the River
Seat 3: Lorpugo folded before Flop (didn't bet)
Seat 4: Raul1974105 (button) folded before Flop (didn't bet)
Seat 5: nicolas1690 (small blind) collected ($0.25)
Seat 6: EricIdle (big blind) folded before Flop



PokerStars Hand #241347204972:  Hold'em No Limit ($0.01/$0.02 USD) - 2023/01/23 14:36:03 ET
Table 'Wurm II' 6-max Seat #5 is the button
Seat 1: alfa4c8c ($1.61 in chips) 
Seat 3: Lorpugo ($3.16 in chips) 
Seat 4: Raul1974105 ($3.24 in chips) 
Seat 5: nicolas1690 ($1.99 in chips) 
Seat 6: EricIdle ($1.87 in chips) 
EricIdle: posts small blind $0.01
alfa4c8c: posts big blind $0.02
*** HOLE CARDS ***
Dealt to Lorpugo [2c Ks]
Lorpugo: folds 
Raul1974105: folds 
nicolas1690: folds 
teteush1140 is disconnected 
EricIdle: raises $0.04 to $0.06
alfa4c8c: calls $0.04
*** FLOP *** [Js 9d Jh]
EricIdle: bets $0.08
alfa4c8c: folds 
Uncalled bet ($0.08) returned to EricIdle
EricIdle collected $0.12 from pot
EricIdle: doesn't show hand 
*** SUMMARY ***
Total pot $0.12 | Rake $0 
Board [Js 9d Jh]
Seat 1: alfa4c8c (big blind) folded on the Flop
Seat 3: Lorpugo folded before Flop (didn't bet)
Seat 4: Raul1974105 folded before Flop (didn't bet)
Seat 5: nicolas1690 (button) folded before Flop (didn't bet)
Seat 6: EricIdle (small blind) collected ($0.12)



