PokerStars Hand #241369595968: Tournament #3537189712, $0.23+$0.02 USD Hold'em No Limit - Level I (10/20) - 2023/01/24 15:06:24 ET
Table '3537189712 1' 3-max Seat #1 is the button
Seat 1: SuperMan1613 (500 in chips) 
Seat 2: kostroma1234 (500 in chips) 
Seat 3: Lorpugo (500 in chips) 
kostroma1234: posts small blind 10
Lorpugo: posts big blind 20
*** HOLE CARDS ***
Dealt to Lorpugo [8d 5d]
SuperMan1613: raises 480 to 500 and is all-in
kostroma1234: calls 490 and is all-in
Lorpugo: folds 
*** FLOP *** [6c Jc Kh]
*** TURN *** [6c Jc Kh] [Jd]
*** RIVER *** [6c Jc Kh Jd] [3h]
*** SHOW DOWN ***
kostroma1234: shows [4s Ad] (a pair of Jacks)
SuperMan1613: shows [Ks Qd] (two pair, Kings and Jacks)
SuperMan1613 collected 1020 from pot
kostroma1234 finished the tournament in 3rd place
*** SUMMARY ***
Total pot 1020 | Rake 0 
Board [6c Jc Kh Jd 3h]
Seat 1: SuperMan1613 (button) showed [Ks Qd] and won (1020) with two pair, Kings and Jacks
Seat 2: kostroma1234 (small blind) showed [4s Ad] and lost with a pair of Jacks
Seat 3: Lorpugo (big blind) folded before Flop



PokerStars Hand #241369604010: Tournament #3537189712, $0.23+$0.02 USD Hold'em No Limit - Level I (10/20) - 2023/01/24 15:06:43 ET
Table '3537189712 1' 3-max Seat #3 is the button
Seat 1: SuperMan1613 (1020 in chips) 
Seat 3: Lorpugo (480 in chips) 
Lorpugo: posts small blind 10
SuperMan1613: posts big blind 20
*** HOLE CARDS ***
Dealt to Lorpugo [2s 9d]
Lorpugo: folds 
Uncalled bet (10) returned to SuperMan1613
SuperMan1613 collected 20 from pot
*** SUMMARY ***
Total pot 20 | Rake 0 
Seat 1: SuperMan1613 (big blind) collected (20)
Seat 3: Lorpugo (button) (small blind) folded before Flop



PokerStars Hand #241369606163: Tournament #3537189712, $0.23+$0.02 USD Hold'em No Limit - Level I (10/20) - 2023/01/24 15:06:48 ET
Table '3537189712 1' 3-max Seat #1 is the button
Seat 1: SuperMan1613 (1030 in chips) 
Seat 3: Lorpugo (470 in chips) 
SuperMan1613: posts small blind 10
Lorpugo: posts big blind 20
*** HOLE CARDS ***
Dealt to Lorpugo [7c Th]
SuperMan1613: raises 20 to 40
Lorpugo: calls 20
*** FLOP *** [3c Tc 6d]
Lorpugo: checks 
SuperMan1613: bets 20
Lorpugo: raises 60 to 80
SuperMan1613: calls 60
*** TURN *** [3c Tc 6d] [5d]
Lorpugo: bets 180
SuperMan1613: folds 
Uncalled bet (180) returned to Lorpugo
Lorpugo collected 240 from pot
Lorpugo: doesn't show hand 
*** SUMMARY ***
Total pot 240 | Rake 0 
Board [3c Tc 6d 5d]
Seat 1: SuperMan1613 (button) (small blind) folded on the Turn
Seat 3: Lorpugo (big blind) collected (240)



PokerStars Hand #241369616740: Tournament #3537189712, $0.23+$0.02 USD Hold'em No Limit - Level I (10/20) - 2023/01/24 15:07:13 ET
Table '3537189712 1' 3-max Seat #3 is the button
Seat 1: SuperMan1613 (910 in chips) 
Seat 3: Lorpugo (590 in chips) 
Lorpugo: posts small blind 10
SuperMan1613: posts big blind 20
*** HOLE CARDS ***
Dealt to Lorpugo [Kd 5h]
Lorpugo: raises 20 to 40
SuperMan1613: calls 20
*** FLOP *** [Kh 5s 5d]
SuperMan1613: bets 20
Lorpugo: calls 20
*** TURN *** [Kh 5s 5d] [7c]
SuperMan1613: checks 
Lorpugo: checks 
*** RIVER *** [Kh 5s 5d 7c] [7d]
SuperMan1613: checks 
Lorpugo: bets 80
SuperMan1613: folds 
Uncalled bet (80) returned to Lorpugo
Lorpugo collected 120 from pot
Lorpugo: doesn't show hand 
*** SUMMARY ***
Total pot 120 | Rake 0 
Board [Kh 5s 5d 7c 7d]
Seat 1: SuperMan1613 (big blind) folded on the River
Seat 3: Lorpugo (button) (small blind) collected (120)



PokerStars Hand #241369627974: Tournament #3537189712, $0.23+$0.02 USD Hold'em No Limit - Level I (10/20) - 2023/01/24 15:07:39 ET
Table '3537189712 1' 3-max Seat #1 is the button
Seat 1: SuperMan1613 (850 in chips) 
Seat 3: Lorpugo (650 in chips) 
SuperMan1613: posts small blind 10
Lorpugo: posts big blind 20
*** HOLE CARDS ***
Dealt to Lorpugo [2s 7h]
SuperMan1613: raises 20 to 40
Lorpugo: folds 
Uncalled bet (20) returned to SuperMan1613
SuperMan1613 collected 40 from pot
*** SUMMARY ***
Total pot 40 | Rake 0 
Seat 1: SuperMan1613 (button) (small blind) collected (40)
Seat 3: Lorpugo (big blind) folded before Flop



PokerStars Hand #241369630491: Tournament #3537189712, $0.23+$0.02 USD Hold'em No Limit - Level I (10/20) - 2023/01/24 15:07:45 ET
Table '3537189712 1' 3-max Seat #3 is the button
Seat 1: SuperMan1613 (870 in chips) 
Seat 3: Lorpugo (630 in chips) 
Lorpugo: posts small blind 10
SuperMan1613: posts big blind 20
*** HOLE CARDS ***
Dealt to Lorpugo [Td Kc]
Lorpugo: raises 30 to 50
SuperMan1613: calls 30
*** FLOP *** [6d Jh 8h]
SuperMan1613: bets 820 and is all-in
Lorpugo: folds 
Uncalled bet (820) returned to SuperMan1613
SuperMan1613 collected 100 from pot
*** SUMMARY ***
Total pot 100 | Rake 0 
Board [6d Jh 8h]
Seat 1: SuperMan1613 (big blind) collected (100)
Seat 3: Lorpugo (button) (small blind) folded on the Flop



PokerStars Hand #241369636223: Tournament #3537189712, $0.23+$0.02 USD Hold'em No Limit - Level I (10/20) - 2023/01/24 15:07:59 ET
Table '3537189712 1' 3-max Seat #1 is the button
Seat 1: SuperMan1613 (920 in chips) 
Seat 3: Lorpugo (580 in chips) 
SuperMan1613: posts small blind 10
Lorpugo: posts big blind 20
*** HOLE CARDS ***
Dealt to Lorpugo [Qs 4c]
SuperMan1613: folds 
Uncalled bet (10) returned to Lorpugo
Lorpugo collected 20 from pot
Lorpugo: doesn't show hand 
*** SUMMARY ***
Total pot 20 | Rake 0 
Seat 1: SuperMan1613 (button) (small blind) folded before Flop
Seat 3: Lorpugo (big blind) collected (20)



PokerStars Hand #241369638201: Tournament #3537189712, $0.23+$0.02 USD Hold'em No Limit - Level I (10/20) - 2023/01/24 15:08:04 ET
Table '3537189712 1' 3-max Seat #3 is the button
Seat 1: SuperMan1613 (910 in chips) 
Seat 3: Lorpugo (590 in chips) 
Lorpugo: posts small blind 10
SuperMan1613: posts big blind 20
*** HOLE CARDS ***
Dealt to Lorpugo [Qd Jh]
Lorpugo: raises 30 to 50
SuperMan1613: folds 
Uncalled bet (30) returned to Lorpugo
Lorpugo collected 40 from pot
Lorpugo: doesn't show hand 
*** SUMMARY ***
Total pot 40 | Rake 0 
Seat 1: SuperMan1613 (big blind) folded before Flop
Seat 3: Lorpugo (button) (small blind) collected (40)



PokerStars Hand #241369641506: Tournament #3537189712, $0.23+$0.02 USD Hold'em No Limit - Level I (10/20) - 2023/01/24 15:08:11 ET
Table '3537189712 1' 3-max Seat #1 is the button
Seat 1: SuperMan1613 (890 in chips) 
Seat 3: Lorpugo (610 in chips) 
SuperMan1613: posts small blind 10
Lorpugo: posts big blind 20
*** HOLE CARDS ***
Dealt to Lorpugo [6c 5c]
SuperMan1613: calls 10
Lorpugo: checks 
*** FLOP *** [Qc 6d 7s]
Lorpugo: checks 
SuperMan1613: bets 20
Lorpugo: calls 20
*** TURN *** [Qc 6d 7s] [2h]
Lorpugo: checks 
SuperMan1613: bets 20
Lorpugo: calls 20
*** RIVER *** [Qc 6d 7s 2h] [6h]
Lorpugo: checks 
SuperMan1613: bets 20
Lorpugo: raises 80 to 100
SuperMan1613: calls 80
*** SHOW DOWN ***
Lorpugo: shows [6c 5c] (three of a kind, Sixes)
SuperMan1613: mucks hand 
Lorpugo collected 320 from pot
*** SUMMARY ***
Total pot 320 | Rake 0 
Board [Qc 6d 7s 2h 6h]
Seat 1: SuperMan1613 (button) (small blind) mucked [7d As]
Seat 3: Lorpugo (big blind) showed [6c 5c] and won (320) with three of a kind, Sixes



PokerStars Hand #241369654605: Tournament #3537189712, $0.23+$0.02 USD Hold'em No Limit - Level II (15/30) - 2023/01/24 15:08:43 ET
Table '3537189712 1' 3-max Seat #3 is the button
Seat 1: SuperMan1613 (730 in chips) 
Seat 3: Lorpugo (770 in chips) 
Lorpugo: posts small blind 15
SuperMan1613: posts big blind 30
*** HOLE CARDS ***
Dealt to Lorpugo [9d Kc]
Lorpugo: raises 30 to 60
SuperMan1613: calls 30
*** FLOP *** [Js 4d Qc]
SuperMan1613: checks 
Lorpugo: bets 30
SuperMan1613: folds 
Uncalled bet (30) returned to Lorpugo
Lorpugo collected 120 from pot
Lorpugo: doesn't show hand 
*** SUMMARY ***
Total pot 120 | Rake 0 
Board [Js 4d Qc]
Seat 1: SuperMan1613 (big blind) folded on the Flop
Seat 3: Lorpugo (button) (small blind) collected (120)



PokerStars Hand #241369660091: Tournament #3537189712, $0.23+$0.02 USD Hold'em No Limit - Level II (15/30) - 2023/01/24 15:08:56 ET
Table '3537189712 1' 3-max Seat #1 is the button
Seat 1: SuperMan1613 (670 in chips) 
Seat 3: Lorpugo (830 in chips) 
SuperMan1613: posts small blind 15
Lorpugo: posts big blind 30
*** HOLE CARDS ***
Dealt to Lorpugo [6s 5s]
SuperMan1613: raises 30 to 60
Lorpugo: calls 30
*** FLOP *** [4d 7d 7h]
Lorpugo: checks 
SuperMan1613: checks 
*** TURN *** [4d 7d 7h] [8s]
Lorpugo: bets 30
SuperMan1613: calls 30
*** RIVER *** [4d 7d 7h 8s] [3h]
Lorpugo: bets 120
SuperMan1613: raises 120 to 240
Lorpugo: raises 500 to 740 and is all-in
SuperMan1613: calls 340 and is all-in
Uncalled bet (160) returned to Lorpugo
*** SHOW DOWN ***
Lorpugo: shows [6s 5s] (a straight, Four to Eight)
SuperMan1613: shows [9c 7s] (three of a kind, Sevens)
Lorpugo collected 1340 from pot
SuperMan1613 finished the tournament in 2nd place
Lorpugo wins the tournament and receives $0.50 - congratulations!
*** SUMMARY ***
Total pot 1340 | Rake 0 
Board [4d 7d 7h 8s 3h]
Seat 1: SuperMan1613 (button) (small blind) showed [9c 7s] and lost with three of a kind, Sevens
Seat 3: Lorpugo (big blind) showed [6s 5s] and won (1340) with a straight, Four to Eight



