PokerStars Hand #241353444401: Tournament #3536813794, $1.84+$0.16 USD Hold'em No Limit - Level I (10/20) - 2023/01/23 19:05:01 ET
Table '3536813794 1' 3-max Seat #1 is the button
Seat 1: Lorpugo (500 in chips) 
Seat 2: Ink Color (500 in chips) 
Seat 3: pallas5192 (500 in chips) 
Ink Color: posts small blind 10
pallas5192: posts big blind 20
*** HOLE CARDS ***
Dealt to Lorpugo [8c 9h]
Lorpugo: raises 30 to 50
Ink Color: folds 
pallas5192: raises 30 to 80
Lorpugo: calls 30
*** FLOP *** [3d 2s 8s]
pallas5192: bets 80
Lorpugo: raises 340 to 420 and is all-in
pallas5192: calls 340 and is all-in
*** TURN *** [3d 2s 8s] [9d]
*** RIVER *** [3d 2s 8s 9d] [Js]
*** SHOW DOWN ***
pallas5192: shows [Jh Jc] (three of a kind, Jacks)
Lorpugo: shows [8c 9h] (two pair, Nines and Eights)
pallas5192 collected 1010 from pot
Lorpugo finished the tournament in 3rd place
*** SUMMARY ***
Total pot 1010 | Rake 0 
Board [3d 2s 8s 9d Js]
Seat 1: Lorpugo (button) showed [8c 9h] and lost with two pair, Nines and Eights
Seat 2: Ink Color (small blind) folded before Flop
Seat 3: pallas5192 (big blind) showed [Jh Jc] and won (1010) with three of a kind, Jacks



