PokerStars Hand #241659314513: Tournament #3543845092, $0.92+$0.08 USD Hold'em No Limit - Level I (10/20) - 2023/02/06 13:39:10 ET
Table '3543845092 1' 3-max Seat #1 is the button
Seat 1: lalaboy32 (500 in chips) is sitting out
Seat 2: Lorpugo (500 in chips) 
Seat 3: Vfcnthnen (500 in chips) 
Lorpugo: posts small blind 10
Vfcnthnen: posts big blind 20
*** HOLE CARDS ***
Dealt to Lorpugo [7d 2h]
lalaboy32: folds 
Lorpugo: folds 
Uncalled bet (10) returned to Vfcnthnen
Vfcnthnen collected 20 from pot
Vfcnthnen: doesn't show hand 
*** SUMMARY ***
Total pot 20 | Rake 0 
Seat 1: lalaboy32 (button) folded before Flop (didn't bet)
Seat 2: Lorpugo (small blind) folded before Flop
Seat 3: Vfcnthnen (big blind) collected (20)



PokerStars Hand #241659316388: Tournament #3543845092, $0.92+$0.08 USD Hold'em No Limit - Level I (10/20) - 2023/02/06 13:39:15 ET
Table '3543845092 1' 3-max Seat #2 is the button
Seat 1: lalaboy32 (500 in chips) is sitting out
Seat 2: Lorpugo (490 in chips) 
Seat 3: Vfcnthnen (510 in chips) 
Vfcnthnen: posts small blind 10
lalaboy32: posts big blind 20
*** HOLE CARDS ***
Dealt to Lorpugo [Jc 8c]
Lorpugo: raises 30 to 50
Vfcnthnen: folds 
lalaboy32: folds 
Uncalled bet (30) returned to Lorpugo
Lorpugo collected 50 from pot
Lorpugo: doesn't show hand 
lalaboy32 is disconnected 
lalaboy32 has returned
*** SUMMARY ***
Total pot 50 | Rake 0 
Seat 1: lalaboy32 (big blind) folded before Flop
Seat 2: Lorpugo (button) collected (50)
Seat 3: Vfcnthnen (small blind) folded before Flop



PokerStars Hand #241659319315: Tournament #3543845092, $0.92+$0.08 USD Hold'em No Limit - Level I (10/20) - 2023/02/06 13:39:22 ET
Table '3543845092 1' 3-max Seat #3 is the button
Seat 1: lalaboy32 (480 in chips) 
Seat 2: Lorpugo (520 in chips) 
Seat 3: Vfcnthnen (500 in chips) 
lalaboy32: posts small blind 10
Lorpugo: posts big blind 20
*** HOLE CARDS ***
Dealt to Lorpugo [Js 8s]
Vfcnthnen: folds 
lalaboy32: calls 10
Lorpugo: raises 60 to 80
lalaboy32: raises 400 to 480 and is all-in
Lorpugo: folds 
Uncalled bet (400) returned to lalaboy32
lalaboy32 collected 160 from pot
lalaboy32: doesn't show hand 
*** SUMMARY ***
Total pot 160 | Rake 0 
Seat 1: lalaboy32 (small blind) collected (160)
Seat 2: Lorpugo (big blind) folded before Flop
Seat 3: Vfcnthnen (button) folded before Flop (didn't bet)



PokerStars Hand #241659328126: Tournament #3543845092, $0.92+$0.08 USD Hold'em No Limit - Level I (10/20) - 2023/02/06 13:39:44 ET
Table '3543845092 1' 3-max Seat #1 is the button
Seat 1: lalaboy32 (560 in chips) 
Seat 2: Lorpugo (440 in chips) 
Seat 3: Vfcnthnen (500 in chips) 
Lorpugo: posts small blind 10
Vfcnthnen: posts big blind 20
*** HOLE CARDS ***
Dealt to Lorpugo [Qd 7s]
lalaboy32: raises 40 to 60
Lorpugo: folds 
Vfcnthnen: calls 40
*** FLOP *** [2h 2s 3d]
Vfcnthnen: checks 
lalaboy32: bets 120
Vfcnthnen: folds 
Uncalled bet (120) returned to lalaboy32
lalaboy32 collected 130 from pot
lalaboy32: doesn't show hand 
*** SUMMARY ***
Total pot 130 | Rake 0 
Board [2h 2s 3d]
Seat 1: lalaboy32 (button) collected (130)
Seat 2: Lorpugo (small blind) folded before Flop
Seat 3: Vfcnthnen (big blind) folded on the Flop



PokerStars Hand #241659335008: Tournament #3543845092, $0.92+$0.08 USD Hold'em No Limit - Level I (10/20) - 2023/02/06 13:40:02 ET
Table '3543845092 1' 3-max Seat #2 is the button
Seat 1: lalaboy32 (630 in chips) 
Seat 2: Lorpugo (430 in chips) 
Seat 3: Vfcnthnen (440 in chips) 
Vfcnthnen: posts small blind 10
lalaboy32: posts big blind 20
*** HOLE CARDS ***
Dealt to Lorpugo [Tc 2c]
Lorpugo: folds 
Vfcnthnen: folds 
Uncalled bet (10) returned to lalaboy32
lalaboy32 collected 20 from pot
lalaboy32: doesn't show hand 
*** SUMMARY ***
Total pot 20 | Rake 0 
Seat 1: lalaboy32 (big blind) collected (20)
Seat 2: Lorpugo (button) folded before Flop (didn't bet)
Seat 3: Vfcnthnen (small blind) folded before Flop



PokerStars Hand #241659338127: Tournament #3543845092, $0.92+$0.08 USD Hold'em No Limit - Level I (10/20) - 2023/02/06 13:40:09 ET
Table '3543845092 1' 3-max Seat #3 is the button
Seat 1: lalaboy32 (640 in chips) 
Seat 2: Lorpugo (430 in chips) 
Seat 3: Vfcnthnen (430 in chips) 
lalaboy32: posts small blind 10
Lorpugo: posts big blind 20
*** HOLE CARDS ***
Dealt to Lorpugo [6d 8c]
Vfcnthnen: folds 
lalaboy32: calls 10
Lorpugo: checks 
*** FLOP *** [4h 9h 7c]
lalaboy32: bets 20
Lorpugo: raises 40 to 60
lalaboy32: folds 
Uncalled bet (40) returned to Lorpugo
Lorpugo collected 80 from pot
Lorpugo: doesn't show hand 
*** SUMMARY ***
Total pot 80 | Rake 0 
Board [4h 9h 7c]
Seat 1: lalaboy32 (small blind) folded on the Flop
Seat 2: Lorpugo (big blind) collected (80)
Seat 3: Vfcnthnen (button) folded before Flop (didn't bet)



PokerStars Hand #241659344253: Tournament #3543845092, $0.92+$0.08 USD Hold'em No Limit - Level I (10/20) - 2023/02/06 13:40:24 ET
Table '3543845092 1' 3-max Seat #1 is the button
Seat 1: lalaboy32 (600 in chips) 
Seat 2: Lorpugo (470 in chips) 
Seat 3: Vfcnthnen (430 in chips) 
Lorpugo: posts small blind 10
Vfcnthnen: posts big blind 20
*** HOLE CARDS ***
Dealt to Lorpugo [Th Ks]
lalaboy32: calls 20
Lorpugo: raises 60 to 80
Vfcnthnen: folds 
lalaboy32: calls 60
*** FLOP *** [Qd 2c Kd]
Lorpugo: bets 59
lalaboy32: calls 59
*** TURN *** [Qd 2c Kd] [2d]
Lorpugo: bets 331 and is all-in
lalaboy32: folds 
Uncalled bet (331) returned to Lorpugo
Lorpugo collected 298 from pot
Lorpugo: doesn't show hand 
*** SUMMARY ***
Total pot 298 | Rake 0 
Board [Qd 2c Kd 2d]
Seat 1: lalaboy32 (button) folded on the Turn
Seat 2: Lorpugo (small blind) collected (298)
Seat 3: Vfcnthnen (big blind) folded before Flop



PokerStars Hand #241659358334: Tournament #3543845092, $0.92+$0.08 USD Hold'em No Limit - Level I (10/20) - 2023/02/06 13:40:59 ET
Table '3543845092 1' 3-max Seat #2 is the button
Seat 1: lalaboy32 (461 in chips) 
Seat 2: Lorpugo (629 in chips) 
Seat 3: Vfcnthnen (410 in chips) 
Vfcnthnen: posts small blind 10
lalaboy32: posts big blind 20
*** HOLE CARDS ***
Dealt to Lorpugo [5s 9h]
Lorpugo: folds 
Vfcnthnen: raises 40 to 60
lalaboy32: raises 401 to 461 and is all-in
Vfcnthnen: calls 350 and is all-in
Uncalled bet (51) returned to lalaboy32
*** FLOP *** [2d 9d Qc]
*** TURN *** [2d 9d Qc] [5d]
*** RIVER *** [2d 9d Qc 5d] [8c]
*** SHOW DOWN ***
Vfcnthnen: shows [Ah Kd] (high card Ace)
lalaboy32: shows [Jh Ad] (high card Ace - lower kicker)
Vfcnthnen collected 820 from pot
*** SUMMARY ***
Total pot 820 | Rake 0 
Board [2d 9d Qc 5d 8c]
Seat 1: lalaboy32 (big blind) showed [Jh Ad] and lost with high card Ace
Seat 2: Lorpugo (button) folded before Flop (didn't bet)
Seat 3: Vfcnthnen (small blind) showed [Ah Kd] and won (820) with high card Ace



PokerStars Hand #241659367543: Tournament #3543845092, $0.92+$0.08 USD Hold'em No Limit - Level II (15/30) - 2023/02/06 13:41:21 ET
Table '3543845092 1' 3-max Seat #3 is the button
Seat 1: lalaboy32 (51 in chips) 
Seat 2: Lorpugo (629 in chips) 
Seat 3: Vfcnthnen (820 in chips) 
lalaboy32: posts small blind 15
Lorpugo: posts big blind 30
*** HOLE CARDS ***
Dealt to Lorpugo [2d 4d]
Vfcnthnen: folds 
lalaboy32: raises 21 to 51 and is all-in
Lorpugo: calls 21
*** FLOP *** [Js 8h Jh]
*** TURN *** [Js 8h Jh] [As]
*** RIVER *** [Js 8h Jh As] [Qh]
*** SHOW DOWN ***
lalaboy32: shows [7c 9h] (a pair of Jacks)
Lorpugo: shows [2d 4d] (a pair of Jacks - lower kicker)
lalaboy32 collected 102 from pot
*** SUMMARY ***
Total pot 102 | Rake 0 
Board [Js 8h Jh As Qh]
Seat 1: lalaboy32 (small blind) showed [7c 9h] and won (102) with a pair of Jacks
Seat 2: Lorpugo (big blind) showed [2d 4d] and lost with a pair of Jacks
Seat 3: Vfcnthnen (button) folded before Flop (didn't bet)



PokerStars Hand #241659372584: Tournament #3543845092, $0.92+$0.08 USD Hold'em No Limit - Level II (15/30) - 2023/02/06 13:41:34 ET
Table '3543845092 1' 3-max Seat #1 is the button
Seat 1: lalaboy32 (102 in chips) 
Seat 2: Lorpugo (578 in chips) 
Seat 3: Vfcnthnen (820 in chips) 
Lorpugo: posts small blind 15
Vfcnthnen: posts big blind 30
*** HOLE CARDS ***
Dealt to Lorpugo [Ts As]
lalaboy32: raises 72 to 102 and is all-in
Lorpugo: raises 476 to 578 and is all-in
Vfcnthnen: calls 548
*** FLOP *** [Kc Kd 7h]
*** TURN *** [Kc Kd 7h] [Ah]
*** RIVER *** [Kc Kd 7h Ah] [5c]
*** SHOW DOWN ***
Lorpugo: shows [Ts As] (two pair, Aces and Kings)
Vfcnthnen: shows [Th Tc] (two pair, Kings and Tens)
Lorpugo collected 952 from side pot
lalaboy32: shows [5s Jd] (two pair, Kings and Fives)
Lorpugo collected 306 from main pot
lalaboy32 finished the tournament in 3rd place
*** SUMMARY ***
Total pot 1258 Main pot 306. Side pot 952. | Rake 0 
Board [Kc Kd 7h Ah 5c]
Seat 1: lalaboy32 (button) showed [5s Jd] and lost with two pair, Kings and Fives
Seat 2: Lorpugo (small blind) showed [Ts As] and won (1258) with two pair, Aces and Kings
Seat 3: Vfcnthnen (big blind) showed [Th Tc] and lost with two pair, Kings and Tens



PokerStars Hand #241659381493: Tournament #3543845092, $0.92+$0.08 USD Hold'em No Limit - Level II (15/30) - 2023/02/06 13:41:56 ET
Table '3543845092 1' 3-max Seat #3 is the button
Seat 2: Lorpugo (1258 in chips) 
Seat 3: Vfcnthnen (242 in chips) 
Vfcnthnen: posts small blind 15
Lorpugo: posts big blind 30
*** HOLE CARDS ***
Dealt to Lorpugo [8c 3c]
Vfcnthnen: folds 
Uncalled bet (15) returned to Lorpugo
Lorpugo collected 30 from pot
Lorpugo: doesn't show hand 
*** SUMMARY ***
Total pot 30 | Rake 0 
Seat 2: Lorpugo (big blind) collected (30)
Seat 3: Vfcnthnen (button) (small blind) folded before Flop



PokerStars Hand #241659382878: Tournament #3543845092, $0.92+$0.08 USD Hold'em No Limit - Level II (15/30) - 2023/02/06 13:41:59 ET
Table '3543845092 1' 3-max Seat #2 is the button
Seat 2: Lorpugo (1273 in chips) 
Seat 3: Vfcnthnen (227 in chips) 
Lorpugo: posts small blind 15
Vfcnthnen: posts big blind 30
*** HOLE CARDS ***
Dealt to Lorpugo [7h 2c]
Lorpugo: folds 
Uncalled bet (15) returned to Vfcnthnen
Vfcnthnen collected 30 from pot
Vfcnthnen: doesn't show hand 
*** SUMMARY ***
Total pot 30 | Rake 0 
Seat 2: Lorpugo (button) (small blind) folded before Flop
Seat 3: Vfcnthnen (big blind) collected (30)



PokerStars Hand #241659384895: Tournament #3543845092, $0.92+$0.08 USD Hold'em No Limit - Level II (15/30) - 2023/02/06 13:42:04 ET
Table '3543845092 1' 3-max Seat #3 is the button
Seat 2: Lorpugo (1258 in chips) 
Seat 3: Vfcnthnen (242 in chips) 
Vfcnthnen: posts small blind 15
Lorpugo: posts big blind 30
*** HOLE CARDS ***
Dealt to Lorpugo [Tc 7h]
Vfcnthnen: raises 212 to 242 and is all-in
Lorpugo: folds 
Uncalled bet (212) returned to Vfcnthnen
Vfcnthnen collected 60 from pot
Vfcnthnen: doesn't show hand 
*** SUMMARY ***
Total pot 60 | Rake 0 
Seat 2: Lorpugo (big blind) folded before Flop
Seat 3: Vfcnthnen (button) (small blind) collected (60)



PokerStars Hand #241659391122: Tournament #3543845092, $0.92+$0.08 USD Hold'em No Limit - Level II (15/30) - 2023/02/06 13:42:19 ET
Table '3543845092 1' 3-max Seat #2 is the button
Seat 2: Lorpugo (1228 in chips) 
Seat 3: Vfcnthnen (272 in chips) 
Lorpugo: posts small blind 15
Vfcnthnen: posts big blind 30
*** HOLE CARDS ***
Dealt to Lorpugo [2d 8d]
Lorpugo: calls 15
Vfcnthnen: checks 
*** FLOP *** [3d 4h 2s]
Vfcnthnen: checks 
Lorpugo: bets 30
Vfcnthnen: calls 30
*** TURN *** [3d 4h 2s] [Qh]
Vfcnthnen: checks 
Lorpugo: bets 60
Vfcnthnen: calls 60
*** RIVER *** [3d 4h 2s Qh] [5h]
Vfcnthnen: checks 
Lorpugo: checks 
*** SHOW DOWN ***
Vfcnthnen: shows [7h 3s] (a pair of Threes)
Lorpugo: mucks hand 
Vfcnthnen collected 240 from pot
*** SUMMARY ***
Total pot 240 | Rake 0 
Board [3d 4h 2s Qh 5h]
Seat 2: Lorpugo (button) (small blind) mucked [2d 8d]
Seat 3: Vfcnthnen (big blind) showed [7h 3s] and won (240) with a pair of Threes



PokerStars Hand #241659402567: Tournament #3543845092, $0.92+$0.08 USD Hold'em No Limit - Level II (15/30) - 2023/02/06 13:42:48 ET
Table '3543845092 1' 3-max Seat #3 is the button
Seat 2: Lorpugo (1108 in chips) 
Seat 3: Vfcnthnen (392 in chips) 
Vfcnthnen: posts small blind 15
Lorpugo: posts big blind 30
*** HOLE CARDS ***
Dealt to Lorpugo [4d Tc]
Vfcnthnen: raises 362 to 392 and is all-in
Lorpugo: folds 
Uncalled bet (362) returned to Vfcnthnen
Vfcnthnen collected 60 from pot
Vfcnthnen: doesn't show hand 
*** SUMMARY ***
Total pot 60 | Rake 0 
Seat 2: Lorpugo (big blind) folded before Flop
Seat 3: Vfcnthnen (button) (small blind) collected (60)



PokerStars Hand #241659404839: Tournament #3543845092, $0.92+$0.08 USD Hold'em No Limit - Level II (15/30) - 2023/02/06 13:42:53 ET
Table '3543845092 1' 3-max Seat #2 is the button
Seat 2: Lorpugo (1078 in chips) 
Seat 3: Vfcnthnen (422 in chips) 
Lorpugo: posts small blind 15
Vfcnthnen: posts big blind 30
*** HOLE CARDS ***
Dealt to Lorpugo [9d Ts]
Lorpugo: raises 30 to 60
Vfcnthnen: calls 30
*** FLOP *** [6h 9s Td]
Vfcnthnen: checks 
Lorpugo: bets 79
Vfcnthnen: raises 283 to 362 and is all-in
Lorpugo: calls 283
*** TURN *** [6h 9s Td] [Jc]
*** RIVER *** [6h 9s Td Jc] [Jd]
*** SHOW DOWN ***
Vfcnthnen: shows [9h 8c] (two pair, Jacks and Nines)
Lorpugo: shows [9d Ts] (two pair, Jacks and Tens)
Lorpugo collected 844 from pot
Vfcnthnen finished the tournament in 2nd place
Lorpugo wins the tournament and receives $2.00 - congratulations!
*** SUMMARY ***
Total pot 844 | Rake 0 
Board [6h 9s Td Jc Jd]
Seat 2: Lorpugo (button) (small blind) showed [9d Ts] and won (844) with two pair, Jacks and Tens
Seat 3: Vfcnthnen (big blind) showed [9h 8c] and lost with two pair, Jacks and Nines



