PokerStars Hand #241388480458: Tournament #3537642270, $0.23+$0.02 USD Hold'em No Limit - Level I (10/20) - 2023/01/25 13:30:29 ET
Table '3537642270 1' 3-max Seat #1 is the button
Seat 1: zlikovski (500 in chips) 
Seat 2: videog40 (500 in chips) 
Seat 3: Lorpugo (500 in chips) 
videog40: posts small blind 10
Lorpugo: posts big blind 20
*** HOLE CARDS ***
Dealt to Lorpugo [Qh 4s]
zlikovski: folds 
videog40: raises 20 to 40
Lorpugo: calls 20
*** FLOP *** [3d 9h 8s]
videog40: checks 
Lorpugo: bets 26
videog40: folds 
Uncalled bet (26) returned to Lorpugo
Lorpugo collected 80 from pot
Lorpugo: doesn't show hand 
*** SUMMARY ***
Total pot 80 | Rake 0 
Board [3d 9h 8s]
Seat 1: zlikovski (button) folded before Flop (didn't bet)
Seat 2: videog40 (small blind) folded on the Flop
Seat 3: Lorpugo (big blind) collected (80)



PokerStars Hand #241388500397: Tournament #3537642270, $0.23+$0.02 USD Hold'em No Limit - Level I (10/20) - 2023/01/25 13:31:22 ET
Table '3537642270 1' 3-max Seat #2 is the button
Seat 1: zlikovski (500 in chips) 
Seat 2: videog40 (460 in chips) 
Seat 3: Lorpugo (540 in chips) 
Lorpugo: posts small blind 10
zlikovski: posts big blind 20
*** HOLE CARDS ***
Dealt to Lorpugo [4s Jh]
videog40: raises 20 to 40
Lorpugo: folds 
zlikovski: calls 20
*** FLOP *** [2c 9s 5c]
zlikovski: checks 
videog40: checks 
*** TURN *** [2c 9s 5c] [7d]
zlikovski: checks 
videog40: checks 
*** RIVER *** [2c 9s 5c 7d] [Ac]
zlikovski: checks 
videog40: bets 420 and is all-in
zlikovski: folds 
Uncalled bet (420) returned to videog40
videog40 collected 90 from pot
*** SUMMARY ***
Total pot 90 | Rake 0 
Board [2c 9s 5c 7d Ac]
Seat 1: zlikovski (big blind) folded on the River
Seat 2: videog40 (button) collected (90)
Seat 3: Lorpugo (small blind) folded before Flop



PokerStars Hand #241388521179: Tournament #3537642270, $0.23+$0.02 USD Hold'em No Limit - Level I (10/20) - 2023/01/25 13:32:16 ET
Table '3537642270 1' 3-max Seat #3 is the button
Seat 1: zlikovski (460 in chips) 
Seat 2: videog40 (510 in chips) 
Seat 3: Lorpugo (530 in chips) 
zlikovski: posts small blind 10
videog40: posts big blind 20
*** HOLE CARDS ***
Dealt to Lorpugo [5h Kd]
Lorpugo: folds 
zlikovski: folds 
Uncalled bet (10) returned to videog40
videog40 collected 20 from pot
*** SUMMARY ***
Total pot 20 | Rake 0 
Seat 1: zlikovski (small blind) folded before Flop
Seat 2: videog40 (big blind) collected (20)
Seat 3: Lorpugo (button) folded before Flop (didn't bet)



PokerStars Hand #241388524140: Tournament #3537642270, $0.23+$0.02 USD Hold'em No Limit - Level I (10/20) - 2023/01/25 13:32:23 ET
Table '3537642270 1' 3-max Seat #1 is the button
Seat 1: zlikovski (450 in chips) 
Seat 2: videog40 (520 in chips) 
Seat 3: Lorpugo (530 in chips) 
videog40: posts small blind 10
Lorpugo: posts big blind 20
*** HOLE CARDS ***
Dealt to Lorpugo [4h Ks]
zlikovski: folds 
videog40: folds 
Uncalled bet (10) returned to Lorpugo
Lorpugo collected 20 from pot
Lorpugo: doesn't show hand 
*** SUMMARY ***
Total pot 20 | Rake 0 
Seat 1: zlikovski (button) folded before Flop (didn't bet)
Seat 2: videog40 (small blind) folded before Flop
Seat 3: Lorpugo (big blind) collected (20)



PokerStars Hand #241388532556: Tournament #3537642270, $0.23+$0.02 USD Hold'em No Limit - Level II (15/30) - 2023/01/25 13:32:45 ET
Table '3537642270 1' 3-max Seat #2 is the button
Seat 1: zlikovski (450 in chips) 
Seat 2: videog40 (510 in chips) 
Seat 3: Lorpugo (540 in chips) 
Lorpugo: posts small blind 15
zlikovski: posts big blind 30
*** HOLE CARDS ***
Dealt to Lorpugo [2s 7d]
videog40: folds 
Lorpugo: folds 
Uncalled bet (15) returned to zlikovski
zlikovski collected 30 from pot
zlikovski: doesn't show hand 
*** SUMMARY ***
Total pot 30 | Rake 0 
Seat 1: zlikovski (big blind) collected (30)
Seat 2: videog40 (button) folded before Flop (didn't bet)
Seat 3: Lorpugo (small blind) folded before Flop



PokerStars Hand #241388536619: Tournament #3537642270, $0.23+$0.02 USD Hold'em No Limit - Level II (15/30) - 2023/01/25 13:32:55 ET
Table '3537642270 1' 3-max Seat #3 is the button
Seat 1: zlikovski (465 in chips) 
Seat 2: videog40 (510 in chips) 
Seat 3: Lorpugo (525 in chips) 
zlikovski: posts small blind 15
videog40: posts big blind 30
*** HOLE CARDS ***
Dealt to Lorpugo [Ks 4d]
Lorpugo: folds 
zlikovski: folds 
Uncalled bet (15) returned to videog40
videog40 collected 30 from pot
*** SUMMARY ***
Total pot 30 | Rake 0 
Seat 1: zlikovski (small blind) folded before Flop
Seat 2: videog40 (big blind) collected (30)
Seat 3: Lorpugo (button) folded before Flop (didn't bet)



PokerStars Hand #241388539454: Tournament #3537642270, $0.23+$0.02 USD Hold'em No Limit - Level II (15/30) - 2023/01/25 13:33:03 ET
Table '3537642270 1' 3-max Seat #1 is the button
Seat 1: zlikovski (450 in chips) 
Seat 2: videog40 (525 in chips) 
Seat 3: Lorpugo (525 in chips) 
videog40: posts small blind 15
Lorpugo: posts big blind 30
*** HOLE CARDS ***
Dealt to Lorpugo [Kd Ad]
zlikovski: folds 
videog40: folds 
Uncalled bet (15) returned to Lorpugo
Lorpugo collected 30 from pot
Lorpugo: doesn't show hand 
*** SUMMARY ***
Total pot 30 | Rake 0 
Seat 1: zlikovski (button) folded before Flop (didn't bet)
Seat 2: videog40 (small blind) folded before Flop
Seat 3: Lorpugo (big blind) collected (30)



PokerStars Hand #241388542930: Tournament #3537642270, $0.23+$0.02 USD Hold'em No Limit - Level II (15/30) - 2023/01/25 13:33:12 ET
Table '3537642270 1' 3-max Seat #2 is the button
Seat 1: zlikovski (450 in chips) 
Seat 2: videog40 (510 in chips) 
Seat 3: Lorpugo (540 in chips) 
Lorpugo: posts small blind 15
zlikovski: posts big blind 30
*** HOLE CARDS ***
Dealt to Lorpugo [6s 6h]
videog40: folds 
Lorpugo: raises 45 to 75
zlikovski: calls 45
*** FLOP *** [8c 4h Td]
Lorpugo: bets 50
zlikovski: calls 50
*** TURN *** [8c 4h Td] [9s]
Lorpugo: checks 
zlikovski: checks 
*** RIVER *** [8c 4h Td 9s] [5c]
Lorpugo: checks 
zlikovski: checks 
*** SHOW DOWN ***
Lorpugo: shows [6s 6h] (a pair of Sixes)
zlikovski: shows [Qd 8d] (a pair of Eights)
zlikovski collected 250 from pot
*** SUMMARY ***
Total pot 250 | Rake 0 
Board [8c 4h Td 9s 5c]
Seat 1: zlikovski (big blind) showed [Qd 8d] and won (250) with a pair of Eights
Seat 2: videog40 (button) folded before Flop (didn't bet)
Seat 3: Lorpugo (small blind) showed [6s 6h] and lost with a pair of Sixes



PokerStars Hand #241388565322: Tournament #3537642270, $0.23+$0.02 USD Hold'em No Limit - Level II (15/30) - 2023/01/25 13:34:10 ET
Table '3537642270 1' 3-max Seat #3 is the button
Seat 1: zlikovski (575 in chips) 
Seat 2: videog40 (510 in chips) 
Seat 3: Lorpugo (415 in chips) 
zlikovski: posts small blind 15
videog40: posts big blind 30
*** HOLE CARDS ***
Dealt to Lorpugo [5h 6h]
Lorpugo: raises 30 to 60
zlikovski: raises 515 to 575 and is all-in
videog40: folds 
Lorpugo: folds 
Uncalled bet (515) returned to zlikovski
zlikovski collected 150 from pot
zlikovski: doesn't show hand 
*** SUMMARY ***
Total pot 150 | Rake 0 
Seat 1: zlikovski (small blind) collected (150)
Seat 2: videog40 (big blind) folded before Flop
Seat 3: Lorpugo (button) folded before Flop



PokerStars Hand #241388575224: Tournament #3537642270, $0.23+$0.02 USD Hold'em No Limit - Level III (20/40) - 2023/01/25 13:34:36 ET
Table '3537642270 1' 3-max Seat #1 is the button
Seat 1: zlikovski (665 in chips) 
Seat 2: videog40 (480 in chips) 
Seat 3: Lorpugo (355 in chips) 
videog40: posts small blind 20
Lorpugo: posts big blind 40
*** HOLE CARDS ***
Dealt to Lorpugo [3s 3h]
zlikovski: folds 
videog40: calls 20
Lorpugo: raises 315 to 355 and is all-in
videog40: folds 
Uncalled bet (315) returned to Lorpugo
Lorpugo collected 80 from pot
Lorpugo: doesn't show hand 
*** SUMMARY ***
Total pot 80 | Rake 0 
Seat 1: zlikovski (button) folded before Flop (didn't bet)
Seat 2: videog40 (small blind) folded before Flop
Seat 3: Lorpugo (big blind) collected (80)



PokerStars Hand #241388583161: Tournament #3537642270, $0.23+$0.02 USD Hold'em No Limit - Level III (20/40) - 2023/01/25 13:34:57 ET
Table '3537642270 1' 3-max Seat #2 is the button
Seat 1: zlikovski (665 in chips) 
Seat 2: videog40 (440 in chips) 
Seat 3: Lorpugo (395 in chips) 
Lorpugo: posts small blind 20
zlikovski: posts big blind 40
*** HOLE CARDS ***
Dealt to Lorpugo [4d Kh]
videog40: raises 400 to 440 and is all-in
Lorpugo: folds 
zlikovski: folds 
Uncalled bet (400) returned to videog40
videog40 collected 100 from pot
*** SUMMARY ***
Total pot 100 | Rake 0 
Seat 1: zlikovski (big blind) folded before Flop
Seat 2: videog40 (button) collected (100)
Seat 3: Lorpugo (small blind) folded before Flop



PokerStars Hand #241388592270: Tournament #3537642270, $0.23+$0.02 USD Hold'em No Limit - Level III (20/40) - 2023/01/25 13:35:20 ET
Table '3537642270 1' 3-max Seat #3 is the button
Seat 1: zlikovski (625 in chips) 
Seat 2: videog40 (500 in chips) 
Seat 3: Lorpugo (375 in chips) 
zlikovski: posts small blind 20
videog40: posts big blind 40
*** HOLE CARDS ***
Dealt to Lorpugo [4h Jh]
Lorpugo: folds 
zlikovski: calls 20
videog40: checks 
*** FLOP *** [Kh Jd 9d]
zlikovski: checks 
videog40: checks 
*** TURN *** [Kh Jd 9d] [2c]
zlikovski: checks 
videog40: bets 40
zlikovski: calls 40
*** RIVER *** [Kh Jd 9d 2c] [Ac]
zlikovski: checks 
videog40: bets 40
zlikovski: calls 40
*** SHOW DOWN ***
videog40: shows [6d Js] (a pair of Jacks)
zlikovski: mucks hand 
videog40 collected 240 from pot
*** SUMMARY ***
Total pot 240 | Rake 0 
Board [Kh Jd 9d 2c Ac]
Seat 1: zlikovski (small blind) mucked [9s Qc]
Seat 2: videog40 (big blind) showed [6d Js] and won (240) with a pair of Jacks
Seat 3: Lorpugo (button) folded before Flop (didn't bet)



PokerStars Hand #241388610964: Tournament #3537642270, $0.23+$0.02 USD Hold'em No Limit - Level III (20/40) - 2023/01/25 13:36:09 ET
Table '3537642270 1' 3-max Seat #1 is the button
Seat 1: zlikovski (505 in chips) 
Seat 2: videog40 (620 in chips) 
Seat 3: Lorpugo (375 in chips) 
videog40: posts small blind 20
Lorpugo: posts big blind 40
*** HOLE CARDS ***
Dealt to Lorpugo [Qc 9h]
zlikovski: folds 
videog40: folds 
Uncalled bet (20) returned to Lorpugo
Lorpugo collected 40 from pot
Lorpugo: doesn't show hand 
*** SUMMARY ***
Total pot 40 | Rake 0 
Seat 1: zlikovski (button) folded before Flop (didn't bet)
Seat 2: videog40 (small blind) folded before Flop
Seat 3: Lorpugo (big blind) collected (40)



PokerStars Hand #241388614060: Tournament #3537642270, $0.23+$0.02 USD Hold'em No Limit - Level III (20/40) - 2023/01/25 13:36:16 ET
Table '3537642270 1' 3-max Seat #2 is the button
Seat 1: zlikovski (505 in chips) 
Seat 2: videog40 (600 in chips) 
Seat 3: Lorpugo (395 in chips) 
Lorpugo: posts small blind 20
zlikovski: posts big blind 40
*** HOLE CARDS ***
Dealt to Lorpugo [6d Th]
videog40: raises 560 to 600 and is all-in
Lorpugo: folds 
zlikovski: folds 
Uncalled bet (560) returned to videog40
videog40 collected 100 from pot
*** SUMMARY ***
Total pot 100 | Rake 0 
Seat 1: zlikovski (big blind) folded before Flop
Seat 2: videog40 (button) collected (100)
Seat 3: Lorpugo (small blind) folded before Flop



PokerStars Hand #241388619255: Tournament #3537642270, $0.23+$0.02 USD Hold'em No Limit - Level III (20/40) - 2023/01/25 13:36:30 ET
Table '3537642270 1' 3-max Seat #3 is the button
Seat 1: zlikovski (465 in chips) 
Seat 2: videog40 (660 in chips) 
Seat 3: Lorpugo (375 in chips) 
zlikovski: posts small blind 20
videog40: posts big blind 40
*** HOLE CARDS ***
Dealt to Lorpugo [Kd Ah]
Lorpugo: raises 335 to 375 and is all-in
zlikovski: folds 
videog40: folds 
Uncalled bet (335) returned to Lorpugo
Lorpugo collected 100 from pot
Lorpugo: doesn't show hand 
*** SUMMARY ***
Total pot 100 | Rake 0 
Seat 1: zlikovski (small blind) folded before Flop
Seat 2: videog40 (big blind) folded before Flop
Seat 3: Lorpugo (button) collected (100)



PokerStars Hand #241388626660: Tournament #3537642270, $0.23+$0.02 USD Hold'em No Limit - Level IV (30/60) - 2023/01/25 13:36:49 ET
Table '3537642270 1' 3-max Seat #1 is the button
Seat 1: zlikovski (445 in chips) 
Seat 2: videog40 (620 in chips) 
Seat 3: Lorpugo (435 in chips) 
videog40: posts small blind 30
Lorpugo: posts big blind 60
*** HOLE CARDS ***
Dealt to Lorpugo [2h 8s]
zlikovski: folds 
videog40: raises 60 to 120
Lorpugo: folds 
Uncalled bet (60) returned to videog40
videog40 collected 120 from pot
*** SUMMARY ***
Total pot 120 | Rake 0 
Seat 1: zlikovski (button) folded before Flop (didn't bet)
Seat 2: videog40 (small blind) collected (120)
Seat 3: Lorpugo (big blind) folded before Flop



PokerStars Hand #241388631156: Tournament #3537642270, $0.23+$0.02 USD Hold'em No Limit - Level IV (30/60) - 2023/01/25 13:37:01 ET
Table '3537642270 1' 3-max Seat #2 is the button
Seat 1: zlikovski (445 in chips) 
Seat 2: videog40 (680 in chips) 
Seat 3: Lorpugo (375 in chips) 
Lorpugo: posts small blind 30
zlikovski: posts big blind 60
*** HOLE CARDS ***
Dealt to Lorpugo [3d 3s]
videog40: calls 60
Lorpugo: raises 315 to 375 and is all-in
zlikovski: folds 
videog40: folds 
Uncalled bet (315) returned to Lorpugo
Lorpugo collected 180 from pot
Lorpugo: doesn't show hand 
*** SUMMARY ***
Total pot 180 | Rake 0 
Seat 1: zlikovski (big blind) folded before Flop
Seat 2: videog40 (button) folded before Flop
Seat 3: Lorpugo (small blind) collected (180)



PokerStars Hand #241388641066: Tournament #3537642270, $0.23+$0.02 USD Hold'em No Limit - Level IV (30/60) - 2023/01/25 13:37:27 ET
Table '3537642270 1' 3-max Seat #3 is the button
Seat 1: zlikovski (385 in chips) 
Seat 2: videog40 (620 in chips) 
Seat 3: Lorpugo (495 in chips) 
zlikovski: posts small blind 30
videog40: posts big blind 60
*** HOLE CARDS ***
Dealt to Lorpugo [Jh 6h]
Lorpugo: folds 
zlikovski: raises 325 to 385 and is all-in
videog40: folds 
Uncalled bet (325) returned to zlikovski
zlikovski collected 120 from pot
zlikovski: doesn't show hand 
*** SUMMARY ***
Total pot 120 | Rake 0 
Seat 1: zlikovski (small blind) collected (120)
Seat 2: videog40 (big blind) folded before Flop
Seat 3: Lorpugo (button) folded before Flop (didn't bet)



PokerStars Hand #241388645580: Tournament #3537642270, $0.23+$0.02 USD Hold'em No Limit - Level IV (30/60) - 2023/01/25 13:37:39 ET
Table '3537642270 1' 3-max Seat #1 is the button
Seat 1: zlikovski (445 in chips) 
Seat 2: videog40 (560 in chips) 
Seat 3: Lorpugo (495 in chips) 
videog40: posts small blind 30
Lorpugo: posts big blind 60
*** HOLE CARDS ***
Dealt to Lorpugo [Js 7h]
zlikovski: folds 
videog40: raises 60 to 120
Lorpugo: calls 60
*** FLOP *** [2c Jd Qd]
videog40: checks 
Lorpugo: bets 120
videog40: folds 
Uncalled bet (120) returned to Lorpugo
Lorpugo collected 240 from pot
Lorpugo: doesn't show hand 
*** SUMMARY ***
Total pot 240 | Rake 0 
Board [2c Jd Qd]
Seat 1: zlikovski (button) folded before Flop (didn't bet)
Seat 2: videog40 (small blind) folded on the Flop
Seat 3: Lorpugo (big blind) collected (240)



PokerStars Hand #241388654748: Tournament #3537642270, $0.23+$0.02 USD Hold'em No Limit - Level IV (30/60) - 2023/01/25 13:38:03 ET
Table '3537642270 1' 3-max Seat #2 is the button
Seat 1: zlikovski (445 in chips) 
Seat 2: videog40 (440 in chips) 
Seat 3: Lorpugo (615 in chips) 
Lorpugo: posts small blind 30
zlikovski: posts big blind 60
*** HOLE CARDS ***
Dealt to Lorpugo [6c 9s]
videog40: raises 60 to 120
Lorpugo: folds 
zlikovski: raises 325 to 445 and is all-in
videog40: folds 
Uncalled bet (325) returned to zlikovski
zlikovski collected 270 from pot
zlikovski: doesn't show hand 
*** SUMMARY ***
Total pot 270 | Rake 0 
Seat 1: zlikovski (big blind) collected (270)
Seat 2: videog40 (button) folded before Flop
Seat 3: Lorpugo (small blind) folded before Flop



PokerStars Hand #241388665001: Tournament #3537642270, $0.23+$0.02 USD Hold'em No Limit - Level IV (30/60) - 2023/01/25 13:38:29 ET
Table '3537642270 1' 3-max Seat #3 is the button
Seat 1: zlikovski (595 in chips) 
Seat 2: videog40 (320 in chips) 
Seat 3: Lorpugo (585 in chips) 
zlikovski: posts small blind 30
videog40: posts big blind 60
*** HOLE CARDS ***
Dealt to Lorpugo [8s 5c]
Lorpugo: folds 
zlikovski: folds 
Uncalled bet (30) returned to videog40
videog40 collected 60 from pot
*** SUMMARY ***
Total pot 60 | Rake 0 
Seat 1: zlikovski (small blind) folded before Flop
Seat 2: videog40 (big blind) collected (60)
Seat 3: Lorpugo (button) folded before Flop (didn't bet)



PokerStars Hand #241388671190: Tournament #3537642270, $0.23+$0.02 USD Hold'em No Limit - Level V (40/80) - 2023/01/25 13:38:45 ET
Table '3537642270 1' 3-max Seat #1 is the button
Seat 1: zlikovski (565 in chips) 
Seat 2: videog40 (350 in chips) 
Seat 3: Lorpugo (585 in chips) 
videog40: posts small blind 40
Lorpugo: posts big blind 80
*** HOLE CARDS ***
Dealt to Lorpugo [Ad 4d]
zlikovski: raises 485 to 565 and is all-in
videog40: folds 
Lorpugo: calls 485
*** FLOP *** [Ks Kd 3c]
*** TURN *** [Ks Kd 3c] [Ah]
*** RIVER *** [Ks Kd 3c Ah] [Tc]
*** SHOW DOWN ***
Lorpugo: shows [Ad 4d] (two pair, Aces and Kings)
zlikovski: shows [Jh Ac] (two pair, Aces and Kings - Jack kicker)
zlikovski collected 1170 from pot
*** SUMMARY ***
Total pot 1170 | Rake 0 
Board [Ks Kd 3c Ah Tc]
Seat 1: zlikovski (button) showed [Jh Ac] and won (1170) with two pair, Aces and Kings
Seat 2: videog40 (small blind) folded before Flop
Seat 3: Lorpugo (big blind) showed [Ad 4d] and lost with two pair, Aces and Kings



PokerStars Hand #241388681595: Tournament #3537642270, $0.23+$0.02 USD Hold'em No Limit - Level V (40/80) - 2023/01/25 13:39:12 ET
Table '3537642270 1' 3-max Seat #2 is the button
Seat 1: zlikovski (1170 in chips) 
Seat 2: videog40 (310 in chips) 
Seat 3: Lorpugo (20 in chips) 
Lorpugo: posts small blind 20 and is all-in
zlikovski: posts big blind 80
*** HOLE CARDS ***
Dealt to Lorpugo [7h Jd]
videog40: folds 
Uncalled bet (60) returned to zlikovski
*** FLOP *** [Ts 2d 8h]
*** TURN *** [Ts 2d 8h] [6d]
*** RIVER *** [Ts 2d 8h 6d] [Jh]
*** SHOW DOWN ***
Lorpugo: shows [7h Jd] (a pair of Jacks)
zlikovski: shows [9s 8c] (a pair of Eights)
Lorpugo collected 40 from pot
*** SUMMARY ***
Total pot 40 | Rake 0 
Board [Ts 2d 8h 6d Jh]
Seat 1: zlikovski (big blind) showed [9s 8c] and lost with a pair of Eights
Seat 2: videog40 (button) folded before Flop (didn't bet)
Seat 3: Lorpugo (small blind) showed [7h Jd] and won (40) with a pair of Jacks



PokerStars Hand #241388686011: Tournament #3537642270, $0.23+$0.02 USD Hold'em No Limit - Level V (40/80) - 2023/01/25 13:39:24 ET
Table '3537642270 1' 3-max Seat #3 is the button
Seat 1: zlikovski (1150 in chips) 
Seat 2: videog40 (310 in chips) 
Seat 3: Lorpugo (40 in chips) 
zlikovski: posts small blind 40
videog40: posts big blind 80
*** HOLE CARDS ***
Dealt to Lorpugo [Jd 6d]
Lorpugo: calls 40 and is all-in
zlikovski: folds 
Uncalled bet (40) returned to videog40
*** FLOP *** [5h Ts 5s]
*** TURN *** [5h Ts 5s] [9s]
*** RIVER *** [5h Ts 5s 9s] [4s]
*** SHOW DOWN ***
videog40: shows [4h Tc] (two pair, Tens and Fives)
Lorpugo: shows [Jd 6d] (a pair of Fives)
videog40 collected 120 from pot
Lorpugo finished the tournament in 3rd place
*** SUMMARY ***
Total pot 120 | Rake 0 
Board [5h Ts 5s 9s 4s]
Seat 1: zlikovski (small blind) folded before Flop
Seat 2: videog40 (big blind) showed [4h Tc] and won (120) with two pair, Tens and Fives
Seat 3: Lorpugo (button) showed [Jd 6d] and lost with a pair of Fives



