PokerStars Hand #241639766911:  Hold'em No Limit ($0.01/$0.02 USD) - 2023/02/05 15:16:57 ET
Table 'Lanzia III' 6-max Seat #3 is the button
Seat 2: pabloadrian5 ($2.62 in chips) 
Seat 3: mariaolip ($0.91 in chips) 
Seat 4: AsuDePica666 ($3.25 in chips) 
Seat 5: Lorpugo ($1.60 in chips) 
Seat 6: Dr.F33LGXXD ($2.10 in chips) 
AsuDePica666: posts small blind $0.01
Lorpugo: posts big blind $0.02
*** HOLE CARDS ***
Dealt to Lorpugo [Jc Qc]
Dr.F33LGXXD: calls $0.02
pabloadrian5: folds 
mariaolip: folds 
AsuDePica666: folds 
Lorpugo: checks 
*** FLOP *** [6c 7h 7s]
Lorpugo: checks 
Dr.F33LGXXD: checks 
*** TURN *** [6c 7h 7s] [4c]
Lorpugo: bets $0.05
Dr.F33LGXXD: folds 
Uncalled bet ($0.05) returned to Lorpugo
Lorpugo collected $0.05 from pot
Lorpugo: doesn't show hand 
*** SUMMARY ***
Total pot $0.05 | Rake $0 
Board [6c 7h 7s 4c]
Seat 2: pabloadrian5 folded before Flop (didn't bet)
Seat 3: mariaolip (button) folded before Flop (didn't bet)
Seat 4: AsuDePica666 (small blind) folded before Flop
Seat 5: Lorpugo (big blind) collected ($0.05)
Seat 6: Dr.F33LGXXD folded on the Turn



PokerStars Hand #241639785210:  Hold'em No Limit ($0.01/$0.02 USD) - 2023/02/05 15:17:31 ET
Table 'Lanzia III' 6-max Seat #4 is the button
Seat 2: pabloadrian5 ($2.62 in chips) 
Seat 3: mariaolip ($0.91 in chips) 
Seat 4: AsuDePica666 ($3.24 in chips) 
Seat 5: Lorpugo ($1.63 in chips) 
Lorpugo: posts small blind $0.01
pabloadrian5: posts big blind $0.02
*** HOLE CARDS ***
Dealt to Lorpugo [3h 8h]
mariaolip: folds 
AsuDePica666: folds 
Dr.F33LGXXD leaves the table
Lorpugo: folds 
Uncalled bet ($0.01) returned to pabloadrian5
pabloadrian5 collected $0.02 from pot
pabloadrian5: doesn't show hand 
*** SUMMARY ***
Total pot $0.02 | Rake $0 
Seat 2: pabloadrian5 (big blind) collected ($0.02)
Seat 3: mariaolip folded before Flop (didn't bet)
Seat 4: AsuDePica666 (button) folded before Flop (didn't bet)
Seat 5: Lorpugo (small blind) folded before Flop



PokerStars Hand #241639789379:  Hold'em No Limit ($0.01/$0.02 USD) - 2023/02/05 15:17:39 ET
Table 'Lanzia III' 6-max Seat #5 is the button
Seat 2: pabloadrian5 ($2.63 in chips) 
Seat 3: mariaolip ($0.91 in chips) 
Seat 4: AsuDePica666 ($3.24 in chips) 
Seat 5: Lorpugo ($1.62 in chips) 
pabloadrian5: posts small blind $0.01
mariaolip: posts big blind $0.02
*** HOLE CARDS ***
Dealt to Lorpugo [Qh 9h]
robertorln72 joins the table at seat #6 
AsuDePica666: folds 
Lorpugo: raises $0.02 to $0.04
pabloadrian5: folds 
mariaolip: calls $0.02
*** FLOP *** [Td 3h Jh]
mariaolip: checks 
Lorpugo: bets $0.07
mariaolip: folds 
Uncalled bet ($0.07) returned to Lorpugo
Lorpugo collected $0.09 from pot
Lorpugo: doesn't show hand 
*** SUMMARY ***
Total pot $0.09 | Rake $0 
Board [Td 3h Jh]
Seat 2: pabloadrian5 (small blind) folded before Flop
Seat 3: mariaolip (big blind) folded on the Flop
Seat 4: AsuDePica666 folded before Flop (didn't bet)
Seat 5: Lorpugo (button) collected ($0.09)



PokerStars Hand #241639810833:  Hold'em No Limit ($0.01/$0.02 USD) - 2023/02/05 15:18:20 ET
Table 'Lanzia III' 6-max Seat #2 is the button
Seat 2: pabloadrian5 ($2.62 in chips) 
Seat 3: mariaolip ($0.87 in chips) 
Seat 4: AsuDePica666 ($3.24 in chips) 
Seat 5: Lorpugo ($1.67 in chips) 
Seat 6: robertorln72 ($1.80 in chips) 
mariaolip: posts small blind $0.01
AsuDePica666: posts big blind $0.02
robertorln72: posts big blind $0.02
*** HOLE CARDS ***
Dealt to Lorpugo [Kd Qs]
Lorpugo: raises $0.03 to $0.05
robertorln72: raises $0.11 to $0.16
pabloadrian5: folds 
mariaolip: folds 
AsuDePica666: folds 
Lorpugo: calls $0.11
*** FLOP *** [As 7c Td]
Lorpugo: checks 
robertorln72: bets $0.17
Lorpugo: folds 
Uncalled bet ($0.17) returned to robertorln72
robertorln72 collected $0.34 from pot
*** SUMMARY ***
Total pot $0.35 | Rake $0.01 
Board [As 7c Td]
Seat 2: pabloadrian5 (button) folded before Flop (didn't bet)
Seat 3: mariaolip (small blind) folded before Flop
Seat 4: AsuDePica666 (big blind) folded before Flop
Seat 5: Lorpugo folded on the Flop
Seat 6: robertorln72 collected ($0.34)



PokerStars Hand #241639829417:  Hold'em No Limit ($0.01/$0.02 USD) - 2023/02/05 15:18:55 ET
Table 'Lanzia III' 6-max Seat #3 is the button
Seat 2: pabloadrian5 ($2.62 in chips) 
Seat 3: mariaolip ($0.86 in chips) 
Seat 4: AsuDePica666 ($3.22 in chips) 
Seat 5: Lorpugo ($1.51 in chips) 
Seat 6: robertorln72 ($1.98 in chips) 
AsuDePica666: posts small blind $0.01
Lorpugo: posts big blind $0.02
*** HOLE CARDS ***
Dealt to Lorpugo [2h Ks]
robertorln72: raises $1.96 to $1.98 and is all-in
pabloadrian5: folds 
mariaolip: folds 
AsuDePica666: folds 
Lorpugo: folds 
Uncalled bet ($1.96) returned to robertorln72
robertorln72 collected $0.05 from pot
*** SUMMARY ***
Total pot $0.05 | Rake $0 
Seat 2: pabloadrian5 folded before Flop (didn't bet)
Seat 3: mariaolip (button) folded before Flop (didn't bet)
Seat 4: AsuDePica666 (small blind) folded before Flop
Seat 5: Lorpugo (big blind) folded before Flop
Seat 6: robertorln72 collected ($0.05)



PokerStars Hand #241639838485:  Hold'em No Limit ($0.01/$0.02 USD) - 2023/02/05 15:19:12 ET
Table 'Lanzia III' 6-max Seat #4 is the button
Seat 2: pabloadrian5 ($2.62 in chips) 
Seat 3: mariaolip ($0.86 in chips) 
Seat 4: AsuDePica666 ($3.21 in chips) 
Seat 5: Lorpugo ($1.49 in chips) 
Seat 6: robertorln72 ($2.01 in chips) 
Lorpugo: posts small blind $0.01
robertorln72: posts big blind $0.02
*** HOLE CARDS ***
Dealt to Lorpugo [7s Ad]
pabloadrian5: folds 
mariaolip: folds 
AsuDePica666: raises $0.04 to $0.06
Lorpugo: calls $0.05
robertorln72: raises $1.95 to $2.01 and is all-in
AsuDePica666: folds 
Lorpugo: folds 
Uncalled bet ($1.95) returned to robertorln72
robertorln72 collected $0.18 from pot
*** SUMMARY ***
Total pot $0.18 | Rake $0 
Seat 2: pabloadrian5 folded before Flop (didn't bet)
Seat 3: mariaolip folded before Flop (didn't bet)
Seat 4: AsuDePica666 (button) folded before Flop
Seat 5: Lorpugo (small blind) folded before Flop
Seat 6: robertorln72 (big blind) collected ($0.18)



PokerStars Hand #241639853744:  Hold'em No Limit ($0.01/$0.02 USD) - 2023/02/05 15:19:41 ET
Table 'Lanzia III' 6-max Seat #5 is the button
Seat 1: DevilFish1976 ($2.02 in chips) 
Seat 2: pabloadrian5 ($2.62 in chips) 
Seat 3: mariaolip ($0.86 in chips) 
Seat 4: AsuDePica666 ($3.15 in chips) 
Seat 5: Lorpugo ($1.43 in chips) 
Seat 6: robertorln72 ($2.13 in chips) 
robertorln72: posts small blind $0.01
DevilFish1976: posts big blind $0.02
*** HOLE CARDS ***
Dealt to Lorpugo [4c Ks]
pabloadrian5: folds 
mariaolip: folds 
AsuDePica666: folds 
Lorpugo: folds 
robertorln72: folds 
Uncalled bet ($0.01) returned to DevilFish1976
robertorln72 leaves the table
DevilFish1976 collected $0.02 from pot
DevilFish1976: doesn't show hand 
*** SUMMARY ***
Total pot $0.02 | Rake $0 
Seat 1: DevilFish1976 (big blind) collected ($0.02)
Seat 2: pabloadrian5 folded before Flop (didn't bet)
Seat 3: mariaolip folded before Flop (didn't bet)
Seat 4: AsuDePica666 folded before Flop (didn't bet)
Seat 5: Lorpugo (button) folded before Flop (didn't bet)
Seat 6: robertorln72 (small blind) folded before Flop



PokerStars Hand #241639862756:  Hold'em No Limit ($0.01/$0.02 USD) - 2023/02/05 15:19:58 ET
Table 'Lanzia III' 6-max Seat #1 is the button
Seat 1: DevilFish1976 ($2.03 in chips) 
Seat 2: pabloadrian5 ($2.62 in chips) 
Seat 3: mariaolip ($0.86 in chips) 
Seat 4: AsuDePica666 ($3.15 in chips) 
Seat 5: Lorpugo ($1.43 in chips) 
pabloadrian5: posts small blind $0.01
mariaolip: posts big blind $0.02
*** HOLE CARDS ***
Dealt to Lorpugo [Qs 5s]
AsuDePica666: folds 
Lorpugo: folds 
pinkzador1 joins the table at seat #6 
DevilFish1976: raises $0.04 to $0.06
pabloadrian5: folds 
mariaolip: folds 
Uncalled bet ($0.04) returned to DevilFish1976
DevilFish1976 collected $0.05 from pot
DevilFish1976: doesn't show hand 
*** SUMMARY ***
Total pot $0.05 | Rake $0 
Seat 1: DevilFish1976 (button) collected ($0.05)
Seat 2: pabloadrian5 (small blind) folded before Flop
Seat 3: mariaolip (big blind) folded before Flop
Seat 4: AsuDePica666 folded before Flop (didn't bet)
Seat 5: Lorpugo folded before Flop (didn't bet)



PokerStars Hand #241639874604:  Hold'em No Limit ($0.01/$0.02 USD) - 2023/02/05 15:20:21 ET
Table 'Lanzia III' 6-max Seat #2 is the button
Seat 1: DevilFish1976 ($2.06 in chips) 
Seat 2: pabloadrian5 ($2.61 in chips) 
Seat 3: mariaolip ($0.84 in chips) 
Seat 4: AsuDePica666 ($3.15 in chips) 
Seat 5: Lorpugo ($1.43 in chips) 
mariaolip: posts small blind $0.01
AsuDePica666: posts big blind $0.02
*** HOLE CARDS ***
Dealt to Lorpugo [8s 4d]
Lorpugo: folds 
DevilFish1976: folds 
pabloadrian5: folds 
mariaolip: raises $0.02 to $0.04
AsuDePica666: folds 
Uncalled bet ($0.02) returned to mariaolip
mariaolip collected $0.04 from pot
*** SUMMARY ***
Total pot $0.04 | Rake $0 
Seat 1: DevilFish1976 folded before Flop (didn't bet)
Seat 2: pabloadrian5 (button) folded before Flop (didn't bet)
Seat 3: mariaolip (small blind) collected ($0.04)
Seat 4: AsuDePica666 (big blind) folded before Flop
Seat 5: Lorpugo folded before Flop (didn't bet)



PokerStars Hand #241639881057:  Hold'em No Limit ($0.01/$0.02 USD) - 2023/02/05 15:20:33 ET
Table 'Lanzia III' 6-max Seat #3 is the button
Seat 1: DevilFish1976 ($2.06 in chips) 
Seat 2: pabloadrian5 ($2.61 in chips) 
Seat 3: mariaolip ($0.86 in chips) 
Seat 4: AsuDePica666 ($3.13 in chips) 
Seat 5: Lorpugo ($1.43 in chips) 
AsuDePica666: posts small blind $0.01
Lorpugo: posts big blind $0.02
*** HOLE CARDS ***
Dealt to Lorpugo [2s Jh]
DevilFish1976: folds 
pabloadrian5: raises $0.04 to $0.06
mariaolip: folds 
AsuDePica666: folds 
Lorpugo: folds 
Uncalled bet ($0.04) returned to pabloadrian5
pabloadrian5 collected $0.05 from pot
pabloadrian5: doesn't show hand 
*** SUMMARY ***
Total pot $0.05 | Rake $0 
Seat 1: DevilFish1976 folded before Flop (didn't bet)
Seat 2: pabloadrian5 collected ($0.05)
Seat 3: mariaolip (button) folded before Flop (didn't bet)
Seat 4: AsuDePica666 (small blind) folded before Flop
Seat 5: Lorpugo (big blind) folded before Flop



PokerStars Hand #241639890651:  Hold'em No Limit ($0.01/$0.02 USD) - 2023/02/05 15:20:51 ET
Table 'Lanzia III' 6-max Seat #4 is the button
Seat 1: DevilFish1976 ($2.06 in chips) 
Seat 2: pabloadrian5 ($2.64 in chips) 
Seat 3: mariaolip ($0.86 in chips) 
Seat 4: AsuDePica666 ($3.12 in chips) 
Seat 5: Lorpugo ($1.41 in chips) 
Seat 6: pinkzador1 ($0.80 in chips) 
Lorpugo: posts small blind $0.01
pinkzador1: posts big blind $0.02
*** HOLE CARDS ***
Dealt to Lorpugo [3s 6d]
DevilFish1976: folds 
pabloadrian5: folds 
mariaolip: folds 
AsuDePica666: folds 
Lorpugo: folds 
Uncalled bet ($0.01) returned to pinkzador1
pinkzador1 collected $0.02 from pot
*** SUMMARY ***
Total pot $0.02 | Rake $0 
Seat 1: DevilFish1976 folded before Flop (didn't bet)
Seat 2: pabloadrian5 folded before Flop (didn't bet)
Seat 3: mariaolip folded before Flop (didn't bet)
Seat 4: AsuDePica666 (button) folded before Flop (didn't bet)
Seat 5: Lorpugo (small blind) folded before Flop
Seat 6: pinkzador1 (big blind) collected ($0.02)



PokerStars Hand #241639900886:  Hold'em No Limit ($0.01/$0.02 USD) - 2023/02/05 15:21:11 ET
Table 'Lanzia III' 6-max Seat #5 is the button
Seat 1: DevilFish1976 ($2.06 in chips) 
Seat 2: pabloadrian5 ($2.64 in chips) 
Seat 3: mariaolip ($0.86 in chips) 
Seat 4: AsuDePica666 ($3.12 in chips) 
Seat 5: Lorpugo ($1.40 in chips) 
Seat 6: pinkzador1 ($0.81 in chips) 
pinkzador1: posts small blind $0.01
DevilFish1976: posts big blind $0.02
*** HOLE CARDS ***
Dealt to Lorpugo [8h Td]
pabloadrian5: folds 
mariaolip: folds 
AsuDePica666: folds 
Lorpugo: raises $0.02 to $0.04
pinkzador1: folds 
DevilFish1976: folds 
Uncalled bet ($0.02) returned to Lorpugo
Lorpugo collected $0.05 from pot
Lorpugo: doesn't show hand 
*** SUMMARY ***
Total pot $0.05 | Rake $0 
Seat 1: DevilFish1976 (big blind) folded before Flop
Seat 2: pabloadrian5 folded before Flop (didn't bet)
Seat 3: mariaolip folded before Flop (didn't bet)
Seat 4: AsuDePica666 folded before Flop (didn't bet)
Seat 5: Lorpugo (button) collected ($0.05)
Seat 6: pinkzador1 (small blind) folded before Flop



PokerStars Hand #241639910289:  Hold'em No Limit ($0.01/$0.02 USD) - 2023/02/05 15:21:29 ET
Table 'Lanzia III' 6-max Seat #6 is the button
Seat 1: DevilFish1976 ($2.04 in chips) 
Seat 3: mariaolip ($0.86 in chips) 
Seat 4: AsuDePica666 ($3.12 in chips) 
Seat 5: Lorpugo ($1.43 in chips) 
Seat 6: pinkzador1 ($0.80 in chips) 
DevilFish1976: posts small blind $0.01
mariaolip: posts big blind $0.02
*** HOLE CARDS ***
Dealt to Lorpugo [6s Qh]
AsuDePica666: folds 
Lorpugo: folds 
pinkzador1: calls $0.02
DevilFish1976: folds 
mariaolip: checks 
*** FLOP *** [2h 7h Qc]
mariaolip: bets $0.03
pinkzador1: raises $0.03 to $0.06
mariaolip: calls $0.03
*** TURN *** [2h 7h Qc] [Ks]
mariaolip: checks 
pinkzador1: bets $0.16
mariaolip: folds 
Uncalled bet ($0.16) returned to pinkzador1
pinkzador1 collected $0.16 from pot
*** SUMMARY ***
Total pot $0.17 | Rake $0.01 
Board [2h 7h Qc Ks]
Seat 1: DevilFish1976 (small blind) folded before Flop
Seat 3: mariaolip (big blind) folded on the Turn
Seat 4: AsuDePica666 folded before Flop (didn't bet)
Seat 5: Lorpugo folded before Flop (didn't bet)
Seat 6: pinkzador1 (button) collected ($0.16)



PokerStars Hand #241639945327:  Hold'em No Limit ($0.01/$0.02 USD) - 2023/02/05 15:22:36 ET
Table 'Lanzia III' 6-max Seat #1 is the button
Seat 1: DevilFish1976 ($2.03 in chips) 
Seat 3: mariaolip ($0.78 in chips) 
Seat 4: AsuDePica666 ($3.12 in chips) 
Seat 5: Lorpugo ($1.43 in chips) 
Seat 6: pinkzador1 ($0.88 in chips) 
mariaolip: posts small blind $0.01
AsuDePica666: posts big blind $0.02
*** HOLE CARDS ***
Dealt to Lorpugo [8d Qd]
Lorpugo: folds 
pabloadrian5 leaves the table
pinkzador1: folds 
DevilFish1976: folds 
mariaolip: folds 
Uncalled bet ($0.01) returned to AsuDePica666
AsuDePica666 collected $0.02 from pot
AsuDePica666: doesn't show hand 
*** SUMMARY ***
Total pot $0.02 | Rake $0 
Seat 1: DevilFish1976 (button) folded before Flop (didn't bet)
Seat 3: mariaolip (small blind) folded before Flop
Seat 4: AsuDePica666 (big blind) collected ($0.02)
Seat 5: Lorpugo folded before Flop (didn't bet)
Seat 6: pinkzador1 folded before Flop (didn't bet)



PokerStars Hand #241639960064:  Hold'em No Limit ($0.01/$0.02 USD) - 2023/02/05 15:23:04 ET
Table 'Lanzia III' 6-max Seat #3 is the button
Seat 1: DevilFish1976 ($2.03 in chips) 
Seat 3: mariaolip ($0.77 in chips) 
Seat 4: AsuDePica666 ($3.13 in chips) 
Seat 5: Lorpugo ($1.43 in chips) 
Seat 6: pinkzador1 ($0.88 in chips) 
AsuDePica666: posts small blind $0.01
Lorpugo: posts big blind $0.02
*** HOLE CARDS ***
Dealt to Lorpugo [3s 9s]
pinkzador1: folds 
88Aurum88 joins the table at seat #2 
DevilFish1976: raises $0.04 to $0.06
mariaolip: folds 
88Aurum88 leaves the table
AsuDePica666: calls $0.05
Lorpugo: folds 
*** FLOP *** [7c Jd 4d]
mariaolip leaves the table
AsuDePica666: checks 
pinkzador1 is disconnected 
DevilFish1976: checks 
*** TURN *** [7c Jd 4d] [8c]
AsuDePica666: checks 
DevilFish1976: checks 
*** RIVER *** [7c Jd 4d 8c] [5c]
AsuDePica666: checks 
DevilFish1976: checks 
*** SHOW DOWN ***
AsuDePica666: shows [5d 5s] (three of a kind, Fives)
DevilFish1976: mucks hand 
AsuDePica666 collected $0.14 from pot
*** SUMMARY ***
Total pot $0.14 | Rake $0 
Board [7c Jd 4d 8c 5c]
Seat 1: DevilFish1976 mucked [Ac Qs]
Seat 3: mariaolip (button) folded before Flop (didn't bet)
Seat 4: AsuDePica666 (small blind) showed [5d 5s] and won ($0.14) with three of a kind, Fives
Seat 5: Lorpugo (big blind) folded before Flop
Seat 6: pinkzador1 folded before Flop (didn't bet)



PokerStars Hand #241639983656:  Hold'em No Limit ($0.01/$0.02 USD) - 2023/02/05 15:23:48 ET
Table 'Lanzia III' 6-max Seat #4 is the button
Seat 1: DevilFish1976 ($2 in chips) 
Seat 4: AsuDePica666 ($3.21 in chips) 
Seat 5: Lorpugo ($1.41 in chips) 
Lorpugo: posts small blind $0.01
pinkzador1 has timed out while disconnected
DevilFish1976: posts big blind $0.02
*** HOLE CARDS ***
Dealt to Lorpugo [5d 8h]
AsuDePica666 has timed out
AsuDePica666: folds 
Lorpugo: folds 
Uncalled bet ($0.01) returned to DevilFish1976
DevilFish1976 collected $0.02 from pot
DevilFish1976: doesn't show hand 
*** SUMMARY ***
Total pot $0.02 | Rake $0 
Seat 1: DevilFish1976 (big blind) collected ($0.02)
Seat 4: AsuDePica666 (button) folded before Flop (didn't bet)
Seat 5: Lorpugo (small blind) folded before Flop



PokerStars Hand #241639996960:  Hold'em No Limit ($0.01/$0.02 USD) - 2023/02/05 15:24:14 ET
Table 'Lanzia III' 6-max Seat #5 is the button
Seat 1: DevilFish1976 ($2.01 in chips) 
Seat 4: AsuDePica666 ($3.21 in chips) 
Seat 5: Lorpugo ($1.40 in chips) 
DevilFish1976: posts small blind $0.01
AsuDePica666: posts big blind $0.02
*** HOLE CARDS ***
Dealt to Lorpugo [Js 5h]
Lorpugo: folds 
DevilFish1976: folds 
Uncalled bet ($0.01) returned to AsuDePica666
AsuDePica666 collected $0.02 from pot
AsuDePica666: doesn't show hand 
*** SUMMARY ***
Total pot $0.02 | Rake $0 
Seat 1: DevilFish1976 (small blind) folded before Flop
Seat 4: AsuDePica666 (big blind) collected ($0.02)
Seat 5: Lorpugo (button) folded before Flop (didn't bet)



PokerStars Hand #241640001550:  Hold'em No Limit ($0.01/$0.02 USD) - 2023/02/05 15:24:23 ET
Table 'Lanzia III' 6-max Seat #1 is the button
Seat 1: DevilFish1976 ($2 in chips) 
Seat 4: AsuDePica666 ($3.22 in chips) 
Seat 5: Lorpugo ($1.40 in chips) 
AsuDePica666: posts small blind $0.01
Lorpugo: posts big blind $0.02
*** HOLE CARDS ***
Dealt to Lorpugo [4s 7s]
DevilFish1976: folds 
AsuDePica666: raises $0.04 to $0.06
Lorpugo: folds 
Uncalled bet ($0.04) returned to AsuDePica666
AsuDePica666 collected $0.04 from pot
AsuDePica666: doesn't show hand 
*** SUMMARY ***
Total pot $0.04 | Rake $0 
Seat 1: DevilFish1976 (button) folded before Flop (didn't bet)
Seat 4: AsuDePica666 (small blind) collected ($0.04)
Seat 5: Lorpugo (big blind) folded before Flop



PokerStars Hand #241640009114:  Hold'em No Limit ($0.01/$0.02 USD) - 2023/02/05 15:24:37 ET
Table 'Lanzia III' 6-max Seat #4 is the button
Seat 1: DevilFish1976 ($2 in chips) 
Seat 4: AsuDePica666 ($3.24 in chips) 
Seat 5: Lorpugo ($1.38 in chips) 
Lorpugo: posts small blind $0.01
DevilFish1976: posts big blind $0.02
*** HOLE CARDS ***
Dealt to Lorpugo [6h 2c]
AsuDePica666: raises $0.04 to $0.06
Lorpugo: folds 
DevilFish1976: folds 
Uncalled bet ($0.04) returned to AsuDePica666
AsuDePica666 collected $0.05 from pot
AsuDePica666: doesn't show hand 
*** SUMMARY ***
Total pot $0.05 | Rake $0 
Seat 1: DevilFish1976 (big blind) folded before Flop
Seat 4: AsuDePica666 (button) collected ($0.05)
Seat 5: Lorpugo (small blind) folded before Flop



PokerStars Hand #241640015095:  Hold'em No Limit ($0.01/$0.02 USD) - 2023/02/05 15:24:49 ET
Table 'Lanzia III' 6-max Seat #5 is the button
Seat 1: DevilFish1976 ($2 in chips) 
Seat 4: AsuDePica666 ($3.27 in chips) 
Seat 5: Lorpugo ($1.37 in chips) 
DevilFish1976: posts small blind $0.01
AsuDePica666: posts big blind $0.02
*** HOLE CARDS ***
Dealt to Lorpugo [Kd 8d]
Lorpugo: calls $0.02
DevilFish1976: folds 
AsuDePica666: checks 
*** FLOP *** [4d Tc 8c]
AsuDePica666: checks 
Lorpugo: bets $0.03
AsuDePica666: calls $0.03
*** TURN *** [4d Tc 8c] [Jd]
AsuDePica666: checks 
Lorpugo: bets $0.07
AsuDePica666: folds 
Uncalled bet ($0.07) returned to Lorpugo
Lorpugo collected $0.11 from pot
Lorpugo: doesn't show hand 
*** SUMMARY ***
Total pot $0.11 | Rake $0 
Board [4d Tc 8c Jd]
Seat 1: DevilFish1976 (small blind) folded before Flop
Seat 4: AsuDePica666 (big blind) folded on the Turn
Seat 5: Lorpugo (button) collected ($0.11)



PokerStars Hand #241640045192:  Hold'em No Limit ($0.01/$0.02 USD) - 2023/02/05 15:25:46 ET
Table 'Lanzia III' 6-max Seat #1 is the button
Seat 1: DevilFish1976 ($2 in chips) 
Seat 4: AsuDePica666 ($3.22 in chips) 
Seat 5: Lorpugo ($1.43 in chips) 
AsuDePica666: posts small blind $0.01
Lorpugo: posts big blind $0.02
*** HOLE CARDS ***
Dealt to Lorpugo [Js Ts]
DevilFish1976: folds 
AsuDePica666: raises $0.04 to $0.06
Lorpugo: calls $0.04
*** FLOP *** [7h 2h 8d]
AsuDePica666: checks 
Lorpugo: bets $0.08
AsuDePica666: calls $0.08
*** TURN *** [7h 2h 8d] [5h]
AsuDePica666: checks 
Lorpugo: checks 
*** RIVER *** [7h 2h 8d 5h] [Qh]
AsuDePica666: checks 
Lorpugo: checks 
*** SHOW DOWN ***
AsuDePica666: shows [9c 9s] (a pair of Nines)
Lorpugo: mucks hand 
AsuDePica666 collected $0.27 from pot
*** SUMMARY ***
Total pot $0.28 | Rake $0.01 
Board [7h 2h 8d 5h Qh]
Seat 1: DevilFish1976 (button) folded before Flop (didn't bet)
Seat 4: AsuDePica666 (small blind) showed [9c 9s] and won ($0.27) with a pair of Nines
Seat 5: Lorpugo (big blind) mucked [Js Ts]



PokerStars Hand #241640067654:  Hold'em No Limit ($0.01/$0.02 USD) - 2023/02/05 15:26:29 ET
Table 'Lanzia III' 6-max Seat #4 is the button
Seat 1: DevilFish1976 ($2 in chips) 
Seat 4: AsuDePica666 ($3.35 in chips) 
Seat 5: Lorpugo ($1.29 in chips) 
Lorpugo: posts small blind $0.01
DevilFish1976: posts big blind $0.02
*** HOLE CARDS ***
Dealt to Lorpugo [2s Qc]
AsuDePica666: folds 
Lorpugo: folds 
Uncalled bet ($0.01) returned to DevilFish1976
DevilFish1976 collected $0.02 from pot
DevilFish1976: doesn't show hand 
*** SUMMARY ***
Total pot $0.02 | Rake $0 
Seat 1: DevilFish1976 (big blind) collected ($0.02)
Seat 4: AsuDePica666 (button) folded before Flop (didn't bet)
Seat 5: Lorpugo (small blind) folded before Flop



PokerStars Hand #241640076750:  Hold'em No Limit ($0.01/$0.02 USD) - 2023/02/05 15:26:46 ET
Table 'Lanzia III' 6-max Seat #5 is the button
Seat 1: DevilFish1976 ($2.01 in chips) 
Seat 4: AsuDePica666 ($3.35 in chips) 
Seat 5: Lorpugo ($1.28 in chips) 
DevilFish1976: posts small blind $0.01
AsuDePica666: posts big blind $0.02
*** HOLE CARDS ***
Dealt to Lorpugo [Ac 6s]
Lorpugo: raises $0.03 to $0.05
DevilFish1976: folds 
AsuDePica666: folds 
Uncalled bet ($0.03) returned to Lorpugo
Lorpugo collected $0.05 from pot
Lorpugo: doesn't show hand 
*** SUMMARY ***
Total pot $0.05 | Rake $0 
Seat 1: DevilFish1976 (small blind) folded before Flop
Seat 4: AsuDePica666 (big blind) folded before Flop
Seat 5: Lorpugo (button) collected ($0.05)



PokerStars Hand #241640083800:  Hold'em No Limit ($0.01/$0.02 USD) - 2023/02/05 15:27:00 ET
Table 'Lanzia III' 6-max Seat #1 is the button
Seat 1: DevilFish1976 ($2 in chips) 
Seat 4: AsuDePica666 ($3.33 in chips) 
Seat 5: Lorpugo ($1.31 in chips) 
AsuDePica666: posts small blind $0.01
Lorpugo: posts big blind $0.02
*** HOLE CARDS ***
Dealt to Lorpugo [Kc Th]
DevilFish1976: folds 
AsuDePica666: raises $0.04 to $0.06
Lorpugo: calls $0.04
*** FLOP *** [8d 7s 6d]
AsuDePica666: bets $0.06
Lorpugo: calls $0.06
*** TURN *** [8d 7s 6d] [Qc]
AsuDePica666: checks 
Lorpugo: checks 
*** RIVER *** [8d 7s 6d Qc] [3h]
AsuDePica666: bets $0.20
Lorpugo: folds 
Uncalled bet ($0.20) returned to AsuDePica666
AsuDePica666 collected $0.23 from pot
AsuDePica666: doesn't show hand 
*** SUMMARY ***
Total pot $0.24 | Rake $0.01 
Board [8d 7s 6d Qc 3h]
Seat 1: DevilFish1976 (button) folded before Flop (didn't bet)
Seat 4: AsuDePica666 (small blind) collected ($0.23)
Seat 5: Lorpugo (big blind) folded on the River



PokerStars Hand #241640106128:  Hold'em No Limit ($0.01/$0.02 USD) - 2023/02/05 15:27:43 ET
Table 'Lanzia III' 6-max Seat #4 is the button
Seat 1: DevilFish1976 ($2 in chips) 
Seat 4: AsuDePica666 ($3.44 in chips) 
Seat 5: Lorpugo ($1.19 in chips) 
Seat 6: pinkzador1 ($0.88 in chips) 
Lorpugo: posts small blind $0.01
pinkzador1: posts big blind $0.02
*** HOLE CARDS ***
Dealt to Lorpugo [Kh 5d]
DevilFish1976: folds 
AsuDePica666 has timed out
AsuDePica666: folds 
Lorpugo: raises $0.03 to $0.05
pinkzador1: raises $0.03 to $0.08
Lorpugo: calls $0.03
*** FLOP *** [Qs 6d Jc]
Lorpugo: checks 
pinkzador1: checks 
*** TURN *** [Qs 6d Jc] [6c]
Lorpugo: checks 
pinkzador1: checks 
*** RIVER *** [Qs 6d Jc 6c] [8h]
Lorpugo: bets $0.14
pinkzador1: raises $0.66 to $0.80 and is all-in
Lorpugo: folds 
Uncalled bet ($0.66) returned to pinkzador1
pinkzador1 collected $0.42 from pot
*** SUMMARY ***
Total pot $0.44 | Rake $0.02 
Board [Qs 6d Jc 6c 8h]
Seat 1: DevilFish1976 folded before Flop (didn't bet)
Seat 4: AsuDePica666 (button) folded before Flop (didn't bet)
Seat 5: Lorpugo (small blind) folded on the River
Seat 6: pinkzador1 (big blind) collected ($0.42)



PokerStars Hand #241640140584:  Hold'em No Limit ($0.01/$0.02 USD) - 2023/02/05 15:28:49 ET
Table 'Lanzia III' 6-max Seat #5 is the button
Seat 1: DevilFish1976 ($2 in chips) 
Seat 4: AsuDePica666 ($3.44 in chips) 
Seat 5: Lorpugo ($0.97 in chips) 
Seat 6: pinkzador1 ($1.08 in chips) 
pinkzador1: posts small blind $0.01
DevilFish1976: posts big blind $0.02
*** HOLE CARDS ***
Dealt to Lorpugo [Ah Kd]
AsuDePica666: folds 
Lorpugo: raises $0.03 to $0.05
pinkzador1: folds 
pinkzador1 is disconnected 
DevilFish1976: raises $0.05 to $0.10
Lorpugo: raises $0.87 to $0.97 and is all-in
DevilFish1976: folds 
Uncalled bet ($0.87) returned to Lorpugo
Lorpugo collected $0.21 from pot
Lorpugo: doesn't show hand 
MonoHPS joins the table at seat #2 
*** SUMMARY ***
Total pot $0.21 | Rake $0 
Seat 1: DevilFish1976 (big blind) folded before Flop
Seat 4: AsuDePica666 folded before Flop (didn't bet)
Seat 5: Lorpugo (button) collected ($0.21)
Seat 6: pinkzador1 (small blind) folded before Flop



PokerStars Hand #241640165105:  Hold'em No Limit ($0.01/$0.02 USD) - 2023/02/05 15:29:36 ET
Table 'Lanzia III' 6-max Seat #6 is the button
Seat 1: DevilFish1976 ($2 in chips) 
Seat 2: MonoHPS ($2 in chips) 
Seat 4: AsuDePica666 ($3.44 in chips) 
Seat 5: Lorpugo ($1.08 in chips) 
Seat 6: pinkzador1 ($1.07 in chips) 
DevilFish1976: posts small blind $0.01
MonoHPS is connected 
MonoHPS: posts big blind $0.02
*** HOLE CARDS ***
Dealt to Lorpugo [9d 3s]
AsuDePica666: folds 
Matuuux joins the table at seat #3 
Lorpugo: folds 
pinkzador1 has timed out while disconnected
pinkzador1: folds 
DevilFish1976: folds 
Uncalled bet ($0.01) returned to MonoHPS
MonoHPS collected $0.02 from pot
*** SUMMARY ***
Total pot $0.02 | Rake $0 
Seat 1: DevilFish1976 (small blind) folded before Flop
Seat 2: MonoHPS (big blind) collected ($0.02)
Seat 4: AsuDePica666 folded before Flop (didn't bet)
Seat 5: Lorpugo folded before Flop (didn't bet)
Seat 6: pinkzador1 (button) folded before Flop (didn't bet)



PokerStars Hand #241640176354:  Hold'em No Limit ($0.01/$0.02 USD) - 2023/02/05 15:29:58 ET
Table 'Lanzia III' 6-max Seat #1 is the button
Seat 1: DevilFish1976 ($2 in chips) 
Seat 2: MonoHPS ($2.01 in chips) 
Seat 3: Matuuux ($1 in chips) 
Seat 4: AsuDePica666 ($3.44 in chips) 
Seat 5: Lorpugo ($1.08 in chips) 
MonoHPS: posts small blind $0.01
Matuuux: posts big blind $0.02
*** HOLE CARDS ***
Dealt to Lorpugo [Td Ac]
AsuDePica666: folds 
Lorpugo: raises $0.03 to $0.05
DevilFish1976: raises $0.05 to $0.10
MonoHPS: folds 
Matuuux: folds 
Lorpugo: calls $0.05
*** FLOP *** [5c Qc Js]
Lorpugo: checks 
DevilFish1976: bets $0.11
Lorpugo: calls $0.11
*** TURN *** [5c Qc Js] [Qh]
Lorpugo: checks 
DevilFish1976: bets $0.22
Lorpugo: calls $0.22
*** RIVER *** [5c Qc Js Qh] [7s]
Lorpugo: checks 
DevilFish1976: bets $0.43
Lorpugo: folds 
Uncalled bet ($0.43) returned to DevilFish1976
DevilFish1976 collected $0.86 from pot
DevilFish1976: doesn't show hand 
*** SUMMARY ***
Total pot $0.89 | Rake $0.03 
Board [5c Qc Js Qh 7s]
Seat 1: DevilFish1976 (button) collected ($0.86)
Seat 2: MonoHPS (small blind) folded before Flop
Seat 3: Matuuux (big blind) folded before Flop
Seat 4: AsuDePica666 folded before Flop (didn't bet)
Seat 5: Lorpugo folded on the River



PokerStars Hand #241640203533:  Hold'em No Limit ($0.01/$0.02 USD) - 2023/02/05 15:30:50 ET
Table 'Lanzia III' 6-max Seat #2 is the button
Seat 1: DevilFish1976 ($2.43 in chips) 
Seat 2: MonoHPS ($2 in chips) 
Seat 3: Matuuux ($0.98 in chips) 
Seat 4: AsuDePica666 ($3.44 in chips) 
Seat 5: Lorpugo ($0.65 in chips) 
Matuuux: posts small blind $0.01
AsuDePica666: posts big blind $0.02
*** HOLE CARDS ***
Dealt to Lorpugo [8h 8c]
Lorpugo: raises $0.03 to $0.05
DevilFish1976: folds 
MonoHPS has timed out
MonoHPS: folds 
Matuuux: folds 
AsuDePica666: folds 
Uncalled bet ($0.03) returned to Lorpugo
Lorpugo collected $0.05 from pot
Lorpugo: doesn't show hand 
*** SUMMARY ***
Total pot $0.05 | Rake $0 
Seat 1: DevilFish1976 folded before Flop (didn't bet)
Seat 2: MonoHPS (button) folded before Flop (didn't bet)
Seat 3: Matuuux (small blind) folded before Flop
Seat 4: AsuDePica666 (big blind) folded before Flop
Seat 5: Lorpugo collected ($0.05)



PokerStars Hand #241640217522:  Hold'em No Limit ($0.01/$0.02 USD) - 2023/02/05 15:31:17 ET
Table 'Lanzia III' 6-max Seat #3 is the button
Seat 1: DevilFish1976 ($2.43 in chips) 
Seat 3: Matuuux ($0.97 in chips) 
Seat 4: AsuDePica666 ($3.42 in chips) 
Seat 5: Lorpugo ($0.68 in chips) 
AsuDePica666: posts small blind $0.01
Lorpugo: posts big blind $0.02
*** HOLE CARDS ***
Dealt to Lorpugo [Tc 9h]
DevilFish1976 has timed out
DevilFish1976: folds 
Matuuux: folds 
AsuDePica666: folds 
Uncalled bet ($0.01) returned to Lorpugo
Lorpugo collected $0.02 from pot
Lorpugo: doesn't show hand 
*** SUMMARY ***
Total pot $0.02 | Rake $0 
Seat 1: DevilFish1976 folded before Flop (didn't bet)
Seat 3: Matuuux (button) folded before Flop (didn't bet)
Seat 4: AsuDePica666 (small blind) folded before Flop
Seat 5: Lorpugo (big blind) collected ($0.02)



PokerStars Hand #241640227773:  Hold'em No Limit ($0.01/$0.02 USD) - 2023/02/05 15:31:36 ET
Table 'Lanzia III' 6-max Seat #4 is the button
Seat 3: Matuuux ($0.97 in chips) 
Seat 4: AsuDePica666 ($3.41 in chips) 
Seat 5: Lorpugo ($0.69 in chips) 
Lorpugo: posts small blind $0.01
Matuuux: posts big blind $0.02
*** HOLE CARDS ***
Dealt to Lorpugo [7h Td]
AsuDePica666: folds 
Lorpugo: raises $0.03 to $0.05
Matuuux: folds 
Uncalled bet ($0.03) returned to Lorpugo
Lorpugo collected $0.04 from pot
Lorpugo: doesn't show hand 
*** SUMMARY ***
Total pot $0.04 | Rake $0 
Seat 3: Matuuux (big blind) folded before Flop
Seat 4: AsuDePica666 (button) folded before Flop (didn't bet)
Seat 5: Lorpugo (small blind) collected ($0.04)



PokerStars Hand #241640232518:  Hold'em No Limit ($0.01/$0.02 USD) - 2023/02/05 15:31:45 ET
Table 'Lanzia III' 6-max Seat #5 is the button
Seat 3: Matuuux ($0.95 in chips) 
Seat 4: AsuDePica666 ($3.41 in chips) 
Seat 5: Lorpugo ($0.71 in chips) 
Matuuux: posts small blind $0.01
AsuDePica666: posts big blind $0.02
*** HOLE CARDS ***
Dealt to Lorpugo [Jh 9s]
Lorpugo: raises $0.03 to $0.05
Matuuux: folds 
AsuDePica666: raises $0.13 to $0.18
Lorpugo: folds 
Uncalled bet ($0.13) returned to AsuDePica666
AsuDePica666 collected $0.11 from pot
AsuDePica666: doesn't show hand 
*** SUMMARY ***
Total pot $0.11 | Rake $0 
Seat 3: Matuuux (small blind) folded before Flop
Seat 4: AsuDePica666 (big blind) collected ($0.11)
Seat 5: Lorpugo (button) folded before Flop



PokerStars Hand #241640241493:  Hold'em No Limit ($0.01/$0.02 USD) - 2023/02/05 15:32:03 ET
Table 'Lanzia III' 6-max Seat #3 is the button
Seat 3: Matuuux ($0.94 in chips) 
Seat 4: AsuDePica666 ($3.47 in chips) 
Seat 5: Lorpugo ($0.66 in chips) 
AsuDePica666: posts small blind $0.01
Lorpugo: posts big blind $0.02
*** HOLE CARDS ***
Dealt to Lorpugo [Kh Ac]
Matuuux: calls $0.02
AsuDePica666: raises $0.04 to $0.06
Lorpugo: raises $0.60 to $0.66 and is all-in
Matuuux: raises $0.28 to $0.94 and is all-in
AsuDePica666: calls $0.88
*** FLOP *** [7s 3d 4d]
*** TURN *** [7s 3d 4d] [Js]
*** RIVER *** [7s 3d 4d Js] [Ad]
*** SHOW DOWN ***
AsuDePica666: shows [8s 8d] (a pair of Eights)
Matuuux: shows [Ah Kc] (a pair of Aces)
Matuuux collected $0.54 from side pot
Lorpugo: shows [Kh Ac] (a pair of Aces)
Lorpugo collected $0.96 from main pot
Matuuux collected $0.95 from main pot
*** SUMMARY ***
Total pot $2.54 Main pot $1.91. Side pot $0.54. | Rake $0.09 
Board [7s 3d 4d Js Ad]
Seat 3: Matuuux (button) showed [Ah Kc] and won ($1.49) with a pair of Aces
Seat 4: AsuDePica666 (small blind) showed [8s 8d] and lost with a pair of Eights
Seat 5: Lorpugo (big blind) showed [Kh Ac] and won ($0.96) with a pair of Aces



PokerStars Hand #241640261416:  Hold'em No Limit ($0.01/$0.02 USD) - 2023/02/05 15:32:41 ET
Table 'Lanzia III' 6-max Seat #4 is the button
Seat 3: Matuuux ($1.49 in chips) 
Seat 4: AsuDePica666 ($2.53 in chips) 
Seat 5: Lorpugo ($0.96 in chips) 
Lorpugo: posts small blind $0.01
Matuuux: posts big blind $0.02
*** HOLE CARDS ***
Dealt to Lorpugo [2h 2d]
AsuDePica666: raises $0.04 to $0.06
Lorpugo: calls $0.05
Matuuux: calls $0.04
*** FLOP *** [8d Js 4h]
Lorpugo: checks 
Matuuux: checks 
AsuDePica666: bets $0.12
Lorpugo: folds 
Matuuux: folds 
Uncalled bet ($0.12) returned to AsuDePica666
AsuDePica666 collected $0.17 from pot
AsuDePica666: doesn't show hand 
*** SUMMARY ***
Total pot $0.18 | Rake $0.01 
Board [8d Js 4h]
Seat 3: Matuuux (big blind) folded on the Flop
Seat 4: AsuDePica666 (button) collected ($0.17)
Seat 5: Lorpugo (small blind) folded on the Flop



PokerStars Hand #241640277915:  Hold'em No Limit ($0.01/$0.02 USD) - 2023/02/05 15:33:13 ET
Table 'Lanzia III' 6-max Seat #5 is the button
Seat 3: Matuuux ($1.43 in chips) 
Seat 4: AsuDePica666 ($2.64 in chips) 
Seat 5: Lorpugo ($0.90 in chips) 
Matuuux: posts small blind $0.01
AsuDePica666: posts big blind $0.02
*** HOLE CARDS ***
Dealt to Lorpugo [Js Tc]
Lorpugo: raises $0.03 to $0.05
Matuuux: folds 
AsuDePica666: calls $0.03
*** FLOP *** [Ad 3s Kc]
AsuDePica666: checks 
Lorpugo: bets $0.04
AsuDePica666: calls $0.04
*** TURN *** [Ad 3s Kc] [Qs]
AsuDePica666: checks 
Lorpugo: bets $0.08
AsuDePica666: calls $0.08
*** RIVER *** [Ad 3s Kc Qs] [Jd]
AsuDePica666: checks 
Lorpugo: bets $0.28
AsuDePica666: raises $0.32 to $0.60
Lorpugo: raises $0.13 to $0.73 and is all-in
AsuDePica666: calls $0.13
*** SHOW DOWN ***
Lorpugo: shows [Js Tc] (a straight, Ten to Ace)
AsuDePica666: shows [Th Kh] (a straight, Ten to Ace)
AsuDePica666 collected $0.88 from pot
Lorpugo collected $0.87 from pot
*** SUMMARY ***
Total pot $1.81 | Rake $0.06 
Board [Ad 3s Kc Qs Jd]
Seat 3: Matuuux (small blind) folded before Flop
Seat 4: AsuDePica666 (big blind) showed [Th Kh] and won ($0.88) with a straight, Ten to Ace
Seat 5: Lorpugo (button) showed [Js Tc] and won ($0.87) with a straight, Ten to Ace



PokerStars Hand #241640322120:  Hold'em No Limit ($0.01/$0.02 USD) - 2023/02/05 15:34:38 ET
Table 'Lanzia III' 6-max Seat #3 is the button
Seat 3: Matuuux ($1.42 in chips) 
Seat 4: AsuDePica666 ($2.62 in chips) 
Seat 5: Lorpugo ($0.87 in chips) 
AsuDePica666: posts small blind $0.01
Lorpugo: posts big blind $0.02
*** HOLE CARDS ***
Dealt to Lorpugo [4s 4h]
Matuuux: folds 
AsuDePica666: raises $0.04 to $0.06
Lorpugo: raises $0.81 to $0.87 and is all-in
AsuDePica666: folds 
Uncalled bet ($0.81) returned to Lorpugo
Lorpugo collected $0.12 from pot
Lorpugo: doesn't show hand 
*** SUMMARY ***
Total pot $0.12 | Rake $0 
Seat 3: Matuuux (button) folded before Flop (didn't bet)
Seat 4: AsuDePica666 (small blind) folded before Flop
Seat 5: Lorpugo (big blind) collected ($0.12)



PokerStars Hand #241640330970:  Hold'em No Limit ($0.01/$0.02 USD) - 2023/02/05 15:34:55 ET
Table 'Lanzia III' 6-max Seat #4 is the button
Seat 1: DevilFish1976 ($2.43 in chips) 
Seat 3: Matuuux ($1.42 in chips) 
Seat 4: AsuDePica666 ($2.56 in chips) 
Seat 5: Lorpugo ($0.93 in chips) 
Lorpugo: posts small blind $0.01
DevilFish1976: posts big blind $0.02
*** HOLE CARDS ***
Dealt to Lorpugo [5d Th]
Matuuux: folds 
AsuDePica666: folds 
Lorpugo: folds 
Uncalled bet ($0.01) returned to DevilFish1976
DevilFish1976 collected $0.02 from pot
DevilFish1976: doesn't show hand 
*** SUMMARY ***
Total pot $0.02 | Rake $0 
Seat 1: DevilFish1976 (big blind) collected ($0.02)
Seat 3: Matuuux folded before Flop (didn't bet)
Seat 4: AsuDePica666 (button) folded before Flop (didn't bet)
Seat 5: Lorpugo (small blind) folded before Flop



PokerStars Hand #241640337703:  Hold'em No Limit ($0.01/$0.02 USD) - 2023/02/05 15:35:08 ET
Table 'Lanzia III' 6-max Seat #5 is the button
Seat 1: DevilFish1976 ($2.44 in chips) 
Seat 2: MonoHPS ($2 in chips) 
Seat 3: Matuuux ($1.42 in chips) 
Seat 4: AsuDePica666 ($2.56 in chips) 
Seat 5: Lorpugo ($0.92 in chips) 
DevilFish1976: posts small blind $0.01
MonoHPS: posts big blind $0.02
*** HOLE CARDS ***
Dealt to Lorpugo [3s Ac]
Matuuux: folds 
AsuDePica666: folds 
Lorpugo: raises $0.03 to $0.05
DevilFish1976: folds 
MonoHPS has timed out
MonoHPS: folds 
Uncalled bet ($0.03) returned to Lorpugo
Lorpugo collected $0.05 from pot
Lorpugo: doesn't show hand 
*** SUMMARY ***
Total pot $0.05 | Rake $0 
Seat 1: DevilFish1976 (small blind) folded before Flop
Seat 2: MonoHPS (big blind) folded before Flop
Seat 3: Matuuux folded before Flop (didn't bet)
Seat 4: AsuDePica666 folded before Flop (didn't bet)
Seat 5: Lorpugo (button) collected ($0.05)



PokerStars Hand #241640362282:  Hold'em No Limit ($0.01/$0.02 USD) - 2023/02/05 15:35:56 ET
Table 'Lanzia III' 6-max Seat #1 is the button
Seat 1: DevilFish1976 ($2.43 in chips) 
Seat 3: Matuuux ($1.42 in chips) 
Seat 4: AsuDePica666 ($2.56 in chips) 
Seat 5: Lorpugo ($0.95 in chips) 
Matuuux: posts small blind $0.01
AsuDePica666: posts big blind $0.02
*** HOLE CARDS ***
Dealt to Lorpugo [4h 2d]
Lorpugo: folds 
DevilFish1976: raises $0.04 to $0.06
Matuuux: folds 
AsuDePica666: raises $0.12 to $0.18
DevilFish1976: folds 
Uncalled bet ($0.12) returned to AsuDePica666
AsuDePica666 collected $0.13 from pot
AsuDePica666: doesn't show hand 
*** SUMMARY ***
Total pot $0.13 | Rake $0 
Seat 1: DevilFish1976 (button) folded before Flop
Seat 3: Matuuux (small blind) folded before Flop
Seat 4: AsuDePica666 (big blind) collected ($0.13)
Seat 5: Lorpugo folded before Flop (didn't bet)



PokerStars Hand #241640375294:  Hold'em No Limit ($0.01/$0.02 USD) - 2023/02/05 15:36:21 ET
Table 'Lanzia III' 6-max Seat #3 is the button
Seat 1: DevilFish1976 ($2.37 in chips) 
Seat 3: Matuuux ($1.41 in chips) 
Seat 4: AsuDePica666 ($2.63 in chips) 
Seat 5: Lorpugo ($0.95 in chips) 
AsuDePica666: posts small blind $0.01
Lorpugo: posts big blind $0.02
*** HOLE CARDS ***
Dealt to Lorpugo [Qh 4c]
DevilFish1976: folds 
Matuuux: raises $0.05 to $0.07
AsuDePica666: folds 
Lorpugo: folds 
Uncalled bet ($0.05) returned to Matuuux
Matuuux collected $0.05 from pot
Matuuux: doesn't show hand 
*** SUMMARY ***
Total pot $0.05 | Rake $0 
Seat 1: DevilFish1976 folded before Flop (didn't bet)
Seat 3: Matuuux (button) collected ($0.05)
Seat 4: AsuDePica666 (small blind) folded before Flop
Seat 5: Lorpugo (big blind) folded before Flop



PokerStars Hand #241640386025:  Hold'em No Limit ($0.01/$0.02 USD) - 2023/02/05 15:36:42 ET
Table 'Lanzia III' 6-max Seat #4 is the button
Seat 1: DevilFish1976 ($2.37 in chips) 
Seat 3: Matuuux ($1.44 in chips) 
Seat 4: AsuDePica666 ($2.62 in chips) 
Seat 5: Lorpugo ($0.93 in chips) 
Lorpugo: posts small blind $0.01
DevilFish1976: posts big blind $0.02
*** HOLE CARDS ***
Dealt to Lorpugo [Jh 4d]
Matuuux: folds 
AsuDePica666: raises $0.04 to $0.06
Lorpugo: folds 
DevilFish1976: folds 
Uncalled bet ($0.04) returned to AsuDePica666
AsuDePica666 collected $0.05 from pot
pinkzador1 leaves the table
AsuDePica666: doesn't show hand 
*** SUMMARY ***
Total pot $0.05 | Rake $0 
Seat 1: DevilFish1976 (big blind) folded before Flop
Seat 3: Matuuux folded before Flop (didn't bet)
Seat 4: AsuDePica666 (button) collected ($0.05)
Seat 5: Lorpugo (small blind) folded before Flop



PokerStars Hand #241640396975:  Hold'em No Limit ($0.01/$0.02 USD) - 2023/02/05 15:37:04 ET
Table 'Lanzia III' 6-max Seat #5 is the button
Seat 1: DevilFish1976 ($2.35 in chips) 
Seat 2: MonoHPS ($2 in chips) 
Seat 3: Matuuux ($1.44 in chips) 
Seat 4: AsuDePica666 ($2.65 in chips) 
Seat 5: Lorpugo ($0.92 in chips) 
DevilFish1976: posts small blind $0.01
MonoHPS: posts big blind $0.02
*** HOLE CARDS ***
Dealt to Lorpugo [Jd Jh]
Matuuux: folds 
AsuDePica666: folds 
Lorpugo: raises $0.03 to $0.05
Fisch & Fang joins the table at seat #6 
DevilFish1976: folds 
MonoHPS: folds 
Uncalled bet ($0.03) returned to Lorpugo
Lorpugo collected $0.05 from pot
Lorpugo: doesn't show hand 
*** SUMMARY ***
Total pot $0.05 | Rake $0 
Seat 1: DevilFish1976 (small blind) folded before Flop
Seat 2: MonoHPS (big blind) folded before Flop
Seat 3: Matuuux folded before Flop (didn't bet)
Seat 4: AsuDePica666 folded before Flop (didn't bet)
Seat 5: Lorpugo (button) collected ($0.05)



PokerStars Hand #241640413722:  Hold'em No Limit ($0.01/$0.02 USD) - 2023/02/05 15:37:36 ET
Table 'Lanzia III' 6-max Seat #1 is the button
Seat 1: DevilFish1976 ($2.34 in chips) 
Seat 2: MonoHPS ($2 in chips) 
Seat 3: Matuuux ($1.44 in chips) 
Seat 4: AsuDePica666 ($2.65 in chips) 
Seat 5: Lorpugo ($0.95 in chips) 
MonoHPS: posts small blind $0.01
Matuuux: posts big blind $0.02
*** HOLE CARDS ***
Dealt to Lorpugo [4s Jh]
AsuDePica666: folds 
Lorpugo: folds 
DevilFish1976: raises $0.04 to $0.06
MonoHPS: folds 
Matuuux: raises $0.13 to $0.19
DevilFish1976: folds 
Uncalled bet ($0.13) returned to Matuuux
Matuuux collected $0.13 from pot
Matuuux: doesn't show hand 
*** SUMMARY ***
Total pot $0.13 | Rake $0 
Seat 1: DevilFish1976 (button) folded before Flop
Seat 2: MonoHPS (small blind) folded before Flop
Seat 3: Matuuux (big blind) collected ($0.13)
Seat 4: AsuDePica666 folded before Flop (didn't bet)
Seat 5: Lorpugo folded before Flop (didn't bet)



PokerStars Hand #241640433162:  Hold'em No Limit ($0.01/$0.02 USD) - 2023/02/05 15:38:14 ET
Table 'Lanzia III' 6-max Seat #2 is the button
Seat 1: DevilFish1976 ($2.28 in chips) 
Seat 2: MonoHPS ($2 in chips) 
Seat 3: Matuuux ($1.51 in chips) 
Seat 4: AsuDePica666 ($2.65 in chips) 
Seat 5: Lorpugo ($0.95 in chips) 
Matuuux: posts small blind $0.01
AsuDePica666: posts big blind $0.02
*** HOLE CARDS ***
Dealt to Lorpugo [8h 6h]
Lorpugo: raises $0.02 to $0.04
DevilFish1976: folds 
MonoHPS: raises $0.16 to $0.20
Matuuux: folds 
AsuDePica666: folds 
Lorpugo: folds 
Uncalled bet ($0.16) returned to MonoHPS
MonoHPS collected $0.11 from pot
*** SUMMARY ***
Total pot $0.11 | Rake $0 
Seat 1: DevilFish1976 folded before Flop (didn't bet)
Seat 2: MonoHPS (button) collected ($0.11)
Seat 3: Matuuux (small blind) folded before Flop
Seat 4: AsuDePica666 (big blind) folded before Flop
Seat 5: Lorpugo folded before Flop



PokerStars Hand #241640454174:  Hold'em No Limit ($0.01/$0.02 USD) - 2023/02/05 15:38:54 ET
Table 'Lanzia III' 6-max Seat #3 is the button
Seat 1: DevilFish1976 ($2.28 in chips) 
Seat 2: MonoHPS ($2.07 in chips) 
Seat 3: Matuuux ($1.50 in chips) 
Seat 4: AsuDePica666 ($2.63 in chips) 
Seat 5: Lorpugo ($0.91 in chips) 
AsuDePica666: posts small blind $0.01
Lorpugo: posts big blind $0.02
*** HOLE CARDS ***
Dealt to Lorpugo [8d 9c]
DevilFish1976 has timed out
DevilFish1976: folds 
MonoHPS: folds 
Matuuux: raises $0.05 to $0.07
AsuDePica666: folds 
Lorpugo: calls $0.05
*** FLOP *** [4d Jc 5d]
Lorpugo: checks 
Matuuux: bets $0.07
Lorpugo: calls $0.07
*** TURN *** [4d Jc 5d] [5c]
Lorpugo: checks 
Matuuux: checks 
*** RIVER *** [4d Jc 5d 5c] [Td]
Lorpugo: bets $0.20
Matuuux: folds 
Uncalled bet ($0.20) returned to Lorpugo
Lorpugo collected $0.28 from pot
Lorpugo: doesn't show hand 
*** SUMMARY ***
Total pot $0.29 | Rake $0.01 
Board [4d Jc 5d 5c Td]
Seat 1: DevilFish1976 folded before Flop (didn't bet)
Seat 2: MonoHPS folded before Flop (didn't bet)
Seat 3: Matuuux (button) folded on the River
Seat 4: AsuDePica666 (small blind) folded before Flop
Seat 5: Lorpugo (big blind) collected ($0.28)



PokerStars Hand #241640495187:  Hold'em No Limit ($0.01/$0.02 USD) - 2023/02/05 15:40:13 ET
Table 'Lanzia III' 6-max Seat #4 is the button
Seat 2: MonoHPS ($2.07 in chips) 
Seat 3: Matuuux ($1.36 in chips) 
Seat 4: AsuDePica666 ($2.62 in chips) 
Seat 5: Lorpugo ($1.05 in chips) 
Seat 6: Fisch & Fang ($1.60 in chips) 
Lorpugo: posts small blind $0.01
Fisch & Fang: posts big blind $0.02
*** HOLE CARDS ***
Dealt to Lorpugo [9c 3s]
MonoHPS has timed out
MonoHPS: folds 
Matuuux: folds 
AsuDePica666: folds 
Lorpugo: folds 
Uncalled bet ($0.01) returned to Fisch & Fang
Fisch & Fang collected $0.02 from pot
Fisch & Fang: doesn't show hand 
*** SUMMARY ***
Total pot $0.02 | Rake $0 
Seat 2: MonoHPS folded before Flop (didn't bet)
Seat 3: Matuuux folded before Flop (didn't bet)
Seat 4: AsuDePica666 (button) folded before Flop (didn't bet)
Seat 5: Lorpugo (small blind) folded before Flop
Seat 6: Fisch & Fang (big blind) collected ($0.02)



PokerStars Hand #241640503199:  Hold'em No Limit ($0.01/$0.02 USD) - 2023/02/05 15:40:29 ET
Table 'Lanzia III' 6-max Seat #5 is the button
Seat 3: Matuuux ($1.36 in chips) 
Seat 4: AsuDePica666 ($2.62 in chips) 
Seat 5: Lorpugo ($1.04 in chips) 
Seat 6: Fisch & Fang ($1.61 in chips) 
Fisch & Fang: posts small blind $0.01
Matuuux: posts big blind $0.02
*** HOLE CARDS ***
Dealt to Lorpugo [As 2h]
AsuDePica666: folds 
Lorpugo: raises $0.03 to $0.05
Fisch & Fang: calls $0.04
Matuuux: folds 
*** FLOP *** [5d 3c Ah]
Fisch & Fang: bets $0.06
Lorpugo: calls $0.06
*** TURN *** [5d 3c Ah] [2c]
Fisch & Fang: bets $0.12
Lorpugo: calls $0.12
*** RIVER *** [5d 3c Ah 2c] [6d]
Fisch & Fang: bets $0.23
Lorpugo: calls $0.23
*** SHOW DOWN ***
Fisch & Fang: shows [4s 4h] (a straight, Deuce to Six)
Lorpugo: mucks hand 
Fisch & Fang collected $0.90 from pot
*** SUMMARY ***
Total pot $0.94 | Rake $0.04 
Board [5d 3c Ah 2c 6d]
Seat 3: Matuuux (big blind) folded before Flop
Seat 4: AsuDePica666 folded before Flop (didn't bet)
Seat 5: Lorpugo (button) mucked [As 2h]
Seat 6: Fisch & Fang (small blind) showed [4s 4h] and won ($0.90) with a straight, Deuce to Six



PokerStars Hand #241640524890:  Hold'em No Limit ($0.01/$0.02 USD) - 2023/02/05 15:41:11 ET
Table 'Lanzia III' 6-max Seat #6 is the button
Seat 3: Matuuux ($1.34 in chips) 
Seat 4: AsuDePica666 ($2.62 in chips) 
Seat 5: Lorpugo ($0.58 in chips) 
Seat 6: Fisch & Fang ($2.05 in chips) 
Matuuux: posts small blind $0.01
AsuDePica666: posts big blind $0.02
*** HOLE CARDS ***
Dealt to Lorpugo [4d 6c]
Lorpugo: folds 
Fisch & Fang: folds 
Matuuux: calls $0.01
Fisch & Fang leaves the table
AsuDePica666: checks 
*** FLOP *** [8s 7c 9s]
Matuuux: checks 
AsuDePica666: bets $0.04
Matuuux: calls $0.04
*** TURN *** [8s 7c 9s] [4c]
Matuuux: bets $0.06
AsuDePica666: raises $0.24 to $0.30
SoapRxn joins the table at seat #6 
Matuuux: calls $0.24
*** RIVER *** [8s 7c 9s 4c] [Ah]
Matuuux: bets $0.98 and is all-in
AsuDePica666: calls $0.98
*** SHOW DOWN ***
Matuuux: shows [Jc 9d] (a pair of Nines)
AsuDePica666: shows [6h 5s] (a straight, Five to Nine)
AsuDePica666 collected $2.59 from pot
*** SUMMARY ***
Total pot $2.68 | Rake $0.09 
Board [8s 7c 9s 4c Ah]
Seat 3: Matuuux (small blind) showed [Jc 9d] and lost with a pair of Nines
Seat 4: AsuDePica666 (big blind) showed [6h 5s] and won ($2.59) with a straight, Five to Nine
Seat 5: Lorpugo folded before Flop (didn't bet)
Seat 6: Fisch & Fang (button) folded before Flop (didn't bet)



PokerStars Hand #241640562984:  Hold'em No Limit ($0.01/$0.02 USD) - 2023/02/05 15:42:24 ET
Table 'Lanzia III' 6-max Seat #4 is the button
Seat 4: AsuDePica666 ($3.87 in chips) 
Seat 5: Lorpugo ($0.58 in chips) 
Seat 6: SoapRxn ($2 in chips) 
Lorpugo: posts small blind $0.01
SoapRxn: posts big blind $0.02
*** HOLE CARDS ***
Dealt to Lorpugo [Jh Ks]
AsuDePica666: folds 
Lorpugo: raises $0.03 to $0.05
SoapRxn: calls $0.03
*** FLOP *** [7c 6h 3s]
Lorpugo: checks 
SoapRxn: checks 
*** TURN *** [7c 6h 3s] [2h]
Lorpugo: bets $0.07
SoapRxn: raises $0.07 to $0.14
Lorpugo: folds 
Uncalled bet ($0.07) returned to SoapRxn
SoapRxn collected $0.23 from pot
*** SUMMARY ***
Total pot $0.24 | Rake $0.01 
Board [7c 6h 3s 2h]
Seat 4: AsuDePica666 (button) folded before Flop (didn't bet)
Seat 5: Lorpugo (small blind) folded on the Turn
Seat 6: SoapRxn (big blind) collected ($0.23)



PokerStars Hand #241640588668:  Hold'em No Limit ($0.01/$0.02 USD) - 2023/02/05 15:43:13 ET
Table 'Lanzia III' 6-max Seat #5 is the button
Seat 1: DevilFish1976 ($2.28 in chips) 
Seat 3: Matuuux ($1 in chips) 
Seat 4: AsuDePica666 ($3.87 in chips) 
Seat 5: Lorpugo ($0.46 in chips) 
Seat 6: SoapRxn ($2.11 in chips) 
SoapRxn: posts small blind $0.01
DevilFish1976: posts big blind $0.02
*** HOLE CARDS ***
Dealt to Lorpugo [Qs Ts]
Matuuux: folds 
AsuDePica666: folds 
Lorpugo: raises $0.03 to $0.05
SoapRxn: folds 
DevilFish1976: folds 
Uncalled bet ($0.03) returned to Lorpugo
Lorpugo collected $0.05 from pot
Lorpugo: doesn't show hand 
*** SUMMARY ***
Total pot $0.05 | Rake $0 
Seat 1: DevilFish1976 (big blind) folded before Flop
Seat 3: Matuuux folded before Flop (didn't bet)
Seat 4: AsuDePica666 folded before Flop (didn't bet)
Seat 5: Lorpugo (button) collected ($0.05)
Seat 6: SoapRxn (small blind) folded before Flop



PokerStars Hand #241640595162:  Hold'em No Limit ($0.01/$0.02 USD) - 2023/02/05 15:43:26 ET
Table 'Lanzia III' 6-max Seat #6 is the button
Seat 1: DevilFish1976 ($2.26 in chips) 
Seat 2: MonoHPS ($2.07 in chips) 
Seat 3: Matuuux ($1 in chips) 
Seat 4: AsuDePica666 ($3.87 in chips) 
Seat 5: Lorpugo ($0.49 in chips) 
Seat 6: SoapRxn ($2.10 in chips) 
DevilFish1976: posts small blind $0.01
MonoHPS: posts big blind $0.02
*** HOLE CARDS ***
Dealt to Lorpugo [9c 2c]
Matuuux: folds 
AsuDePica666: folds 
Lorpugo: raises $0.02 to $0.04
SoapRxn: folds 
DevilFish1976: folds 
MonoHPS: folds 
Uncalled bet ($0.02) returned to Lorpugo
Lorpugo collected $0.05 from pot
Lorpugo: doesn't show hand 
*** SUMMARY ***
Total pot $0.05 | Rake $0 
Seat 1: DevilFish1976 (small blind) folded before Flop
Seat 2: MonoHPS (big blind) folded before Flop
Seat 3: Matuuux folded before Flop (didn't bet)
Seat 4: AsuDePica666 folded before Flop (didn't bet)
Seat 5: Lorpugo collected ($0.05)
Seat 6: SoapRxn (button) folded before Flop (didn't bet)



PokerStars Hand #241640604458:  Hold'em No Limit ($0.01/$0.02 USD) - 2023/02/05 15:43:44 ET
Table 'Lanzia III' 6-max Seat #1 is the button
Seat 1: DevilFish1976 ($2.25 in chips) 
Seat 2: MonoHPS ($2.05 in chips) 
Seat 3: Matuuux ($1 in chips) 
Seat 4: AsuDePica666 ($3.87 in chips) 
Seat 5: Lorpugo ($0.52 in chips) 
Seat 6: SoapRxn ($2.10 in chips) 
MonoHPS: posts small blind $0.01
Matuuux: posts big blind $0.02
*** HOLE CARDS ***
Dealt to Lorpugo [Qc Kc]
AsuDePica666: folds 
Lorpugo: raises $0.03 to $0.05
SoapRxn: folds 
DevilFish1976: folds 
MonoHPS: folds 
Matuuux: raises $0.15 to $0.20
Lorpugo: raises $0.32 to $0.52 and is all-in
Matuuux: calls $0.32
*** FLOP *** [2d 6h Ac]
*** TURN *** [2d 6h Ac] [Td]
*** RIVER *** [2d 6h Ac Td] [5h]
*** SHOW DOWN ***
Matuuux: shows [Kd Ah] (a pair of Aces)
Lorpugo: shows [Qc Kc] (high card Ace)
Matuuux collected $1.01 from pot
*** SUMMARY ***
Total pot $1.05 | Rake $0.04 
Board [2d 6h Ac Td 5h]
Seat 1: DevilFish1976 (button) folded before Flop (didn't bet)
Seat 2: MonoHPS (small blind) folded before Flop
Seat 3: Matuuux (big blind) showed [Kd Ah] and won ($1.01) with a pair of Aces
Seat 4: AsuDePica666 folded before Flop (didn't bet)
Seat 5: Lorpugo showed [Qc Kc] and lost with high card Ace
Seat 6: SoapRxn folded before Flop (didn't bet)



PokerStars Hand #241640631771:  Hold'em No Limit ($0.01/$0.02 USD) - 2023/02/05 15:44:37 ET
Table 'Lanzia III' 6-max Seat #3 is the button
Seat 1: DevilFish1976 ($2.25 in chips) 
Seat 2: MonoHPS ($2.04 in chips) 
Seat 3: Matuuux ($1.51 in chips) 
Seat 4: AsuDePica666 ($3.85 in chips) 
Seat 5: Lorpugo ($1.60 in chips) 
Seat 6: SoapRxn ($2.10 in chips) 
AsuDePica666: posts small blind $0.01
Lorpugo: posts big blind $0.02
*** HOLE CARDS ***
Dealt to Lorpugo [4c Jc]
SoapRxn: folds 
DevilFish1976: folds 
MonoHPS: raises $0.04 to $0.06
Matuuux: raises $0.15 to $0.21
AsuDePica666: folds 
Lorpugo: folds 
MonoHPS: calls $0.15
*** FLOP *** [Tc Qs 8h]
MonoHPS: checks 
Matuuux: bets $0.22
MonoHPS: calls $0.22
*** TURN *** [Tc Qs 8h] [6d]
MonoHPS: checks 
Matuuux: bets $1.08 and is all-in
MonoHPS: folds 
Uncalled bet ($1.08) returned to Matuuux
Matuuux collected $0.86 from pot
Matuuux: doesn't show hand 
*** SUMMARY ***
Total pot $0.89 | Rake $0.03 
Board [Tc Qs 8h 6d]
Seat 1: DevilFish1976 folded before Flop (didn't bet)
Seat 2: MonoHPS folded on the Turn
Seat 3: Matuuux (button) collected ($0.86)
Seat 4: AsuDePica666 (small blind) folded before Flop
Seat 5: Lorpugo (big blind) folded before Flop
Seat 6: SoapRxn folded before Flop (didn't bet)



PokerStars Hand #241640669942:  Hold'em No Limit ($0.01/$0.02 USD) - 2023/02/05 15:45:51 ET
Table 'Lanzia III' 6-max Seat #4 is the button
Seat 1: DevilFish1976 ($2.25 in chips) 
Seat 2: MonoHPS ($2 in chips) 
Seat 3: Matuuux ($1.94 in chips) 
Seat 4: AsuDePica666 ($3.84 in chips) 
Seat 5: Lorpugo ($1.58 in chips) 
Seat 6: SoapRxn ($2.10 in chips) 
Lorpugo: posts small blind $0.01
SoapRxn: posts big blind $0.02
*** HOLE CARDS ***
Dealt to Lorpugo [7s Ah]
DevilFish1976: raises $0.04 to $0.06
MonoHPS: folds 
Matuuux: calls $0.06
AsuDePica666: calls $0.06
Lorpugo: folds 
SoapRxn: folds 
*** FLOP *** [3d Qc Jd]
DevilFish1976: checks 
Matuuux: checks 
AsuDePica666: bets $0.12
DevilFish1976: folds 
Matuuux: folds 
Uncalled bet ($0.12) returned to AsuDePica666
AsuDePica666 collected $0.20 from pot
AsuDePica666: doesn't show hand 
*** SUMMARY ***
Total pot $0.21 | Rake $0.01 
Board [3d Qc Jd]
Seat 1: DevilFish1976 folded on the Flop
Seat 2: MonoHPS folded before Flop (didn't bet)
Seat 3: Matuuux folded on the Flop
Seat 4: AsuDePica666 (button) collected ($0.20)
Seat 5: Lorpugo (small blind) folded before Flop
Seat 6: SoapRxn (big blind) folded before Flop



PokerStars Hand #241640697195:  Hold'em No Limit ($0.01/$0.02 USD) - 2023/02/05 15:46:44 ET
Table 'Lanzia III' 6-max Seat #5 is the button
Seat 1: DevilFish1976 ($2.19 in chips) 
Seat 2: MonoHPS ($2 in chips) 
Seat 3: Matuuux ($1.88 in chips) 
Seat 4: AsuDePica666 ($3.98 in chips) 
Seat 5: Lorpugo ($1.57 in chips) 
DevilFish1976: posts small blind $0.01
MonoHPS: posts big blind $0.02
*** HOLE CARDS ***
Dealt to Lorpugo [3h Js]
Matuuux: folds 
AsuDePica666: folds 
Lorpugo: folds 
DevilFish1976: folds 
Uncalled bet ($0.01) returned to MonoHPS
MonoHPS collected $0.02 from pot
*** SUMMARY ***
Total pot $0.02 | Rake $0 
Seat 1: DevilFish1976 (small blind) folded before Flop
Seat 2: MonoHPS (big blind) collected ($0.02)
Seat 3: Matuuux folded before Flop (didn't bet)
Seat 4: AsuDePica666 folded before Flop (didn't bet)
Seat 5: Lorpugo (button) folded before Flop (didn't bet)



PokerStars Hand #241640702303:  Hold'em No Limit ($0.01/$0.02 USD) - 2023/02/05 15:46:54 ET
Table 'Lanzia III' 6-max Seat #1 is the button
Seat 1: DevilFish1976 ($2.18 in chips) 
Seat 2: MonoHPS ($2.01 in chips) 
Seat 3: Matuuux ($1.88 in chips) 
Seat 4: AsuDePica666 ($3.98 in chips) 
Seat 5: Lorpugo ($1.57 in chips) 
MonoHPS: posts small blind $0.01
Matuuux: posts big blind $0.02
*** HOLE CARDS ***
Dealt to Lorpugo [7h Tc]
AsuDePica666: folds 
Lorpugo: folds 
DevilFish1976: folds 
MonoHPS: folds 
Uncalled bet ($0.01) returned to Matuuux
Matuuux collected $0.02 from pot
Matuuux: doesn't show hand 
*** SUMMARY ***
Total pot $0.02 | Rake $0 
Seat 1: DevilFish1976 (button) folded before Flop (didn't bet)
Seat 2: MonoHPS (small blind) folded before Flop
Seat 3: Matuuux (big blind) collected ($0.02)
Seat 4: AsuDePica666 folded before Flop (didn't bet)
Seat 5: Lorpugo folded before Flop (didn't bet)



PokerStars Hand #241640713653:  Hold'em No Limit ($0.01/$0.02 USD) - 2023/02/05 15:47:16 ET
Table 'Lanzia III' 6-max Seat #2 is the button
Seat 1: DevilFish1976 ($2.18 in chips) 
Seat 2: MonoHPS ($2 in chips) 
Seat 3: Matuuux ($1.89 in chips) 
Seat 4: AsuDePica666 ($3.98 in chips) 
Seat 5: Lorpugo ($1.57 in chips) 
Matuuux: posts small blind $0.01
AsuDePica666: posts big blind $0.02
*** HOLE CARDS ***
Dealt to Lorpugo [Qh Qs]
Lorpugo: raises $0.03 to $0.05
DevilFish1976 has timed out
DevilFish1976: folds 
MonoHPS: raises $0.11 to $0.16
Matuuux: folds 
AsuDePica666: folds 
Lorpugo: raises $1.41 to $1.57 and is all-in
MonoHPS: calls $1.41
*** FLOP *** [As 2c Kc]
*** TURN *** [As 2c Kc] [7h]
*** RIVER *** [As 2c Kc 7h] [Jc]
*** SHOW DOWN ***
Lorpugo: shows [Qh Qs] (a pair of Queens)
MonoHPS: shows [Ac Kd] (two pair, Aces and Kings)
MonoHPS collected $3.06 from pot
*** SUMMARY ***
Total pot $3.17 | Rake $0.11 
Board [As 2c Kc 7h Jc]
Seat 1: DevilFish1976 folded before Flop (didn't bet)
Seat 2: MonoHPS (button) showed [Ac Kd] and won ($3.06) with two pair, Aces and Kings
Seat 3: Matuuux (small blind) folded before Flop
Seat 4: AsuDePica666 (big blind) folded before Flop
Seat 5: Lorpugo showed [Qh Qs] and lost with a pair of Queens



PokerStars Hand #241640761229:  Hold'em No Limit ($0.01/$0.02 USD) - 2023/02/05 15:48:49 ET
Table 'Lanzia III' 6-max Seat #2 is the button
Seat 2: MonoHPS ($3.51 in chips) 
Seat 3: Matuuux ($1.87 in chips) 
Seat 4: AsuDePica666 ($3.95 in chips) 
Seat 5: Lorpugo ($1.60 in chips) 
Matuuux: posts small blind $0.01
AsuDePica666: posts big blind $0.02
Lorpugo: posts small & big blinds $0.03
*** HOLE CARDS ***
Dealt to Lorpugo [As 9d]
Lorpugo: checks 
MonoHPS: raises $0.22 to $0.24
Matuuux: folds 
AsuDePica666: folds 
Lorpugo: folds 
Uncalled bet ($0.22) returned to MonoHPS
MonoHPS collected $0.08 from pot
*** SUMMARY ***
Total pot $0.08 | Rake $0 
Seat 2: MonoHPS (button) collected ($0.08)
Seat 3: Matuuux (small blind) folded before Flop
Seat 4: AsuDePica666 (big blind) folded before Flop
Seat 5: Lorpugo folded before Flop (didn't bet)



PokerStars Hand #241640776125:  Hold'em No Limit ($0.01/$0.02 USD) - 2023/02/05 15:49:18 ET
Table 'Lanzia III' 6-max Seat #3 is the button
Seat 2: MonoHPS ($3.57 in chips) 
Seat 3: Matuuux ($1.86 in chips) 
Seat 4: AsuDePica666 ($3.93 in chips) 
Seat 5: Lorpugo ($1.57 in chips) 
AsuDePica666: posts small blind $0.01
Lorpugo: posts big blind $0.02
*** HOLE CARDS ***
Dealt to Lorpugo [3h 8d]
MonoHPS: folds 
Matuuux: raises $0.03 to $0.05
AsuDePica666: folds 
Lorpugo: folds 
Uncalled bet ($0.03) returned to Matuuux
Matuuux collected $0.05 from pot
*** SUMMARY ***
Total pot $0.05 | Rake $0 
Seat 2: MonoHPS folded before Flop (didn't bet)
Seat 3: Matuuux (button) collected ($0.05)
Seat 4: AsuDePica666 (small blind) folded before Flop
Seat 5: Lorpugo (big blind) folded before Flop



PokerStars Hand #241640787321:  Hold'em No Limit ($0.01/$0.02 USD) - 2023/02/05 15:49:40 ET
Table 'Lanzia III' 6-max Seat #4 is the button
Seat 2: MonoHPS ($3.57 in chips) 
Seat 3: Matuuux ($1.89 in chips) 
Seat 4: AsuDePica666 ($3.92 in chips) 
Seat 5: Lorpugo ($1.55 in chips) 
Seat 6: SoapRxn ($2.08 in chips) 
Lorpugo: posts small blind $0.01
SoapRxn: posts big blind $0.02
*** HOLE CARDS ***
Dealt to Lorpugo [4c 2h]
MonoHPS: folds 
Matuuux: folds 
AsuDePica666: folds 
Lorpugo: folds 
Uncalled bet ($0.01) returned to SoapRxn
SoapRxn collected $0.02 from pot
*** SUMMARY ***
Total pot $0.02 | Rake $0 
Seat 2: MonoHPS folded before Flop (didn't bet)
Seat 3: Matuuux folded before Flop (didn't bet)
Seat 4: AsuDePica666 (button) folded before Flop (didn't bet)
Seat 5: Lorpugo (small blind) folded before Flop
Seat 6: SoapRxn (big blind) collected ($0.02)



PokerStars Hand #241640791837:  Hold'em No Limit ($0.01/$0.02 USD) - 2023/02/05 15:49:49 ET
Table 'Lanzia III' 6-max Seat #5 is the button
Seat 2: MonoHPS ($3.57 in chips) 
Seat 3: Matuuux ($1.89 in chips) 
Seat 4: AsuDePica666 ($3.92 in chips) 
Seat 5: Lorpugo ($1.54 in chips) 
Seat 6: SoapRxn ($2.09 in chips) 
SoapRxn: posts small blind $0.01
MonoHPS: posts big blind $0.02
*** HOLE CARDS ***
Dealt to Lorpugo [4h Js]
Matuuux: folds 
AsuDePica666: folds 
Lorpugo: folds 
SoapRxn: folds 
Uncalled bet ($0.01) returned to MonoHPS
MonoHPS collected $0.02 from pot
*** SUMMARY ***
Total pot $0.02 | Rake $0 
Seat 2: MonoHPS (big blind) collected ($0.02)
Seat 3: Matuuux folded before Flop (didn't bet)
Seat 4: AsuDePica666 folded before Flop (didn't bet)
Seat 5: Lorpugo (button) folded before Flop (didn't bet)
Seat 6: SoapRxn (small blind) folded before Flop



PokerStars Hand #241640796460:  Hold'em No Limit ($0.01/$0.02 USD) - 2023/02/05 15:49:58 ET
Table 'Lanzia III' 6-max Seat #6 is the button
Seat 2: MonoHPS ($3.58 in chips) 
Seat 3: Matuuux ($1.89 in chips) 
Seat 4: AsuDePica666 ($3.92 in chips) 
Seat 5: Lorpugo ($1.54 in chips) 
Seat 6: SoapRxn ($2.08 in chips) 
MonoHPS: posts small blind $0.01
Matuuux: posts big blind $0.02
*** HOLE CARDS ***
Dealt to Lorpugo [4c Kh]
AsuDePica666: folds 
Lorpugo: folds 
SoapRxn: folds 
MonoHPS: folds 
Uncalled bet ($0.01) returned to Matuuux
Matuuux collected $0.02 from pot
Matuuux: doesn't show hand 
*** SUMMARY ***
Total pot $0.02 | Rake $0 
Seat 2: MonoHPS (small blind) folded before Flop
Seat 3: Matuuux (big blind) collected ($0.02)
Seat 4: AsuDePica666 folded before Flop (didn't bet)
Seat 5: Lorpugo folded before Flop (didn't bet)
Seat 6: SoapRxn (button) folded before Flop (didn't bet)



PokerStars Hand #241640806101:  Hold'em No Limit ($0.01/$0.02 USD) - 2023/02/05 15:50:17 ET
Table 'Lanzia III' 6-max Seat #2 is the button
Seat 2: MonoHPS ($3.57 in chips) 
Seat 3: Matuuux ($1.90 in chips) 
Seat 4: AsuDePica666 ($3.92 in chips) 
Seat 5: Lorpugo ($1.54 in chips) 
Seat 6: SoapRxn ($2.08 in chips) 
Matuuux: posts small blind $0.01
AsuDePica666: posts big blind $0.02
*** HOLE CARDS ***
Dealt to Lorpugo [2d 5d]
Lorpugo: folds 
SoapRxn: folds 
MonoHPS has timed out
MonoHPS: folds 
Matuuux: raises $0.04 to $0.06
AsuDePica666: folds 
Uncalled bet ($0.04) returned to Matuuux
Matuuux collected $0.04 from pot
Matuuux: doesn't show hand 
*** SUMMARY ***
Total pot $0.04 | Rake $0 
Seat 2: MonoHPS (button) folded before Flop (didn't bet)
Seat 3: Matuuux (small blind) collected ($0.04)
Seat 4: AsuDePica666 (big blind) folded before Flop
Seat 5: Lorpugo folded before Flop (didn't bet)
Seat 6: SoapRxn folded before Flop (didn't bet)



PokerStars Hand #241640818077:  Hold'em No Limit ($0.01/$0.02 USD) - 2023/02/05 15:50:40 ET
Table 'Lanzia III' 6-max Seat #3 is the button
Seat 3: Matuuux ($1.92 in chips) 
Seat 4: AsuDePica666 ($3.90 in chips) 
Seat 5: Lorpugo ($1.54 in chips) 
Seat 6: SoapRxn ($2.08 in chips) 
AsuDePica666: posts small blind $0.01
Lorpugo: posts big blind $0.02
*** HOLE CARDS ***
Dealt to Lorpugo [9d 9s]
SoapRxn: folds 
Matuuux: folds 
AsuDePica666: folds 
Uncalled bet ($0.01) returned to Lorpugo
Lorpugo collected $0.02 from pot
Lorpugo: doesn't show hand 
*** SUMMARY ***
Total pot $0.02 | Rake $0 
Seat 3: Matuuux (button) folded before Flop (didn't bet)
Seat 4: AsuDePica666 (small blind) folded before Flop
Seat 5: Lorpugo (big blind) collected ($0.02)
Seat 6: SoapRxn folded before Flop (didn't bet)



PokerStars Hand #241640826474:  Hold'em No Limit ($0.01/$0.02 USD) - 2023/02/05 15:50:57 ET
Table 'Lanzia III' 6-max Seat #4 is the button
Seat 3: Matuuux ($1.92 in chips) 
Seat 4: AsuDePica666 ($3.89 in chips) 
Seat 5: Lorpugo ($1.55 in chips) 
Seat 6: SoapRxn ($2.08 in chips) 
Lorpugo: posts small blind $0.01
SoapRxn: posts big blind $0.02
*** HOLE CARDS ***
Dealt to Lorpugo [2h 9s]
Matuuux: folds 
AsuDePica666: folds 
MonoHPS leaves the table
Lorpugo: folds 
Uncalled bet ($0.01) returned to SoapRxn
SoapRxn collected $0.02 from pot
*** SUMMARY ***
Total pot $0.02 | Rake $0 
Seat 3: Matuuux folded before Flop (didn't bet)
Seat 4: AsuDePica666 (button) folded before Flop (didn't bet)
Seat 5: Lorpugo (small blind) folded before Flop
Seat 6: SoapRxn (big blind) collected ($0.02)



PokerStars Hand #241640832197:  Hold'em No Limit ($0.01/$0.02 USD) - 2023/02/05 15:51:08 ET
Table 'Lanzia III' 6-max Seat #5 is the button
Seat 1: DevilFish1976 ($2.18 in chips) 
Seat 3: Matuuux ($1.92 in chips) 
Seat 4: AsuDePica666 ($3.89 in chips) 
Seat 5: Lorpugo ($1.54 in chips) 
Seat 6: SoapRxn ($2.09 in chips) 
SoapRxn: posts small blind $0.01
DevilFish1976: posts big blind $0.02
*** HOLE CARDS ***
Dealt to Lorpugo [Jc Jd]
tryitout2395 joins the table at seat #2 
Matuuux: calls $0.02
AsuDePica666: folds 
Lorpugo: raises $0.08 to $0.10
SoapRxn: folds 
DevilFish1976: folds 
Matuuux: folds 
Uncalled bet ($0.08) returned to Lorpugo
Lorpugo collected $0.07 from pot
Lorpugo: doesn't show hand 
*** SUMMARY ***
Total pot $0.07 | Rake $0 
Seat 1: DevilFish1976 (big blind) folded before Flop
Seat 3: Matuuux folded before Flop
Seat 4: AsuDePica666 folded before Flop (didn't bet)
Seat 5: Lorpugo (button) collected ($0.07)
Seat 6: SoapRxn (small blind) folded before Flop



PokerStars Hand #241640846746:  Hold'em No Limit ($0.01/$0.02 USD) - 2023/02/05 15:51:37 ET
Table 'Lanzia III' 6-max Seat #6 is the button
Seat 1: DevilFish1976 ($2.16 in chips) 
Seat 2: tryitout2395 ($2 in chips) 
Seat 3: Matuuux ($1.90 in chips) 
Seat 4: AsuDePica666 ($3.89 in chips) 
Seat 5: Lorpugo ($1.59 in chips) 
Seat 6: SoapRxn ($2.08 in chips) 
DevilFish1976: posts small blind $0.01
tryitout2395: posts big blind $0.02
*** HOLE CARDS ***
Dealt to Lorpugo [4s As]
Matuuux: folds 
AsuDePica666: raises $0.04 to $0.06
Lorpugo: calls $0.06
SoapRxn: calls $0.06
DevilFish1976: folds 
tryitout2395: calls $0.04
*** FLOP *** [Kc 4c 2c]
tryitout2395: checks 
AsuDePica666: checks 
Lorpugo: checks 
SoapRxn: checks 
*** TURN *** [Kc 4c 2c] [9c]
tryitout2395: checks 
AsuDePica666: checks 
Lorpugo: checks 
SoapRxn: bets $0.10
tryitout2395: calls $0.10
AsuDePica666: folds 
Lorpugo: folds 
*** RIVER *** [Kc 4c 2c 9c] [Js]
tryitout2395: checks 
SoapRxn: bets $0.10
tryitout2395: calls $0.10
*** SHOW DOWN ***
SoapRxn: shows [Jc Td] (a flush, King high)
tryitout2395: mucks hand 
SoapRxn collected $0.63 from pot
*** SUMMARY ***
Total pot $0.65 | Rake $0.02 
Board [Kc 4c 2c 9c Js]
Seat 1: DevilFish1976 (small blind) folded before Flop
Seat 2: tryitout2395 (big blind) mucked [7d 6c]
Seat 3: Matuuux folded before Flop (didn't bet)
Seat 4: AsuDePica666 folded on the Turn
Seat 5: Lorpugo folded on the Turn
Seat 6: SoapRxn (button) showed [Jc Td] and won ($0.63) with a flush, King high



PokerStars Hand #241640883867:  Hold'em No Limit ($0.01/$0.02 USD) - 2023/02/05 15:52:50 ET
Table 'Lanzia III' 6-max Seat #1 is the button
Seat 1: DevilFish1976 ($2.15 in chips) 
Seat 2: tryitout2395 ($1.74 in chips) 
Seat 3: Matuuux ($1.90 in chips) 
Seat 4: AsuDePica666 ($3.83 in chips) 
Seat 5: Lorpugo ($1.53 in chips) 
Seat 6: SoapRxn ($2.45 in chips) 
tryitout2395: posts small blind $0.01
Matuuux: posts big blind $0.02
*** HOLE CARDS ***
Dealt to Lorpugo [2s 7c]
AsuDePica666: folds 
Lorpugo: folds 
SoapRxn: calls $0.02
DevilFish1976: folds 
tryitout2395: folds 
Matuuux: checks 
*** FLOP *** [Js Th Ah]
Matuuux: checks 
SoapRxn: bets $0.08
Matuuux: folds 
Uncalled bet ($0.08) returned to SoapRxn
SoapRxn collected $0.05 from pot
*** SUMMARY ***
Total pot $0.05 | Rake $0 
Board [Js Th Ah]
Seat 1: DevilFish1976 (button) folded before Flop (didn't bet)
Seat 2: tryitout2395 (small blind) folded before Flop
Seat 3: Matuuux (big blind) folded on the Flop
Seat 4: AsuDePica666 folded before Flop (didn't bet)
Seat 5: Lorpugo folded before Flop (didn't bet)
Seat 6: SoapRxn collected ($0.05)



PokerStars Hand #241640894990:  Hold'em No Limit ($0.01/$0.02 USD) - 2023/02/05 15:53:11 ET
Table 'Lanzia III' 6-max Seat #2 is the button
Seat 1: DevilFish1976 ($2.15 in chips) 
Seat 2: tryitout2395 ($1.73 in chips) 
Seat 3: Matuuux ($1.88 in chips) 
Seat 4: AsuDePica666 ($3.83 in chips) 
Seat 5: Lorpugo ($1.53 in chips) 
Seat 6: SoapRxn ($2.48 in chips) 
Matuuux: posts small blind $0.01
AsuDePica666: posts big blind $0.02
*** HOLE CARDS ***
Dealt to Lorpugo [Ts 4c]
Lorpugo: folds 
SoapRxn: calls $0.02
DevilFish1976: folds 
tryitout2395: folds 
Matuuux: calls $0.01
AsuDePica666: checks 
*** FLOP *** [7c 4d 6d]
Matuuux: checks 
AsuDePica666: bets $0.04
SoapRxn: folds 
Matuuux: calls $0.04
*** TURN *** [7c 4d 6d] [Tc]
Matuuux: checks 
AsuDePica666: bets $0.07
Matuuux: calls $0.07
*** RIVER *** [7c 4d 6d Tc] [3h]
Matuuux: checks 
AsuDePica666: checks 
*** SHOW DOWN ***
Matuuux: shows [5h Qd] (a straight, Three to Seven)
AsuDePica666: mucks hand 
Matuuux collected $0.27 from pot
*** SUMMARY ***
Total pot $0.28 | Rake $0.01 
Board [7c 4d 6d Tc 3h]
Seat 1: DevilFish1976 folded before Flop (didn't bet)
Seat 2: tryitout2395 (button) folded before Flop (didn't bet)
Seat 3: Matuuux (small blind) showed [5h Qd] and won ($0.27) with a straight, Three to Seven
Seat 4: AsuDePica666 (big blind) mucked [8c 7h]
Seat 5: Lorpugo folded before Flop (didn't bet)
Seat 6: SoapRxn folded on the Flop



PokerStars Hand #241640929189:  Hold'em No Limit ($0.01/$0.02 USD) - 2023/02/05 15:54:20 ET
Table 'Lanzia III' 6-max Seat #3 is the button
Seat 1: DevilFish1976 ($2.15 in chips) 
Seat 2: tryitout2395 ($1.73 in chips) 
Seat 3: Matuuux ($2.02 in chips) 
Seat 4: AsuDePica666 ($3.70 in chips) 
Seat 5: Lorpugo ($1.53 in chips) 
Seat 6: SoapRxn ($2.46 in chips) 
AsuDePica666: posts small blind $0.01
Lorpugo: posts big blind $0.02
*** HOLE CARDS ***
Dealt to Lorpugo [Qs 3c]
SoapRxn: calls $0.02
DevilFish1976: raises $0.06 to $0.08
tryitout2395: folds 
Matuuux: folds 
AsuDePica666: calls $0.07
Lorpugo: folds 
SoapRxn: folds 
*** FLOP *** [2d Qd 6d]
AsuDePica666: checks 
DevilFish1976: checks 
*** TURN *** [2d Qd 6d] [Jc]
AsuDePica666: checks 
DevilFish1976: checks 
*** RIVER *** [2d Qd 6d Jc] [Th]
AsuDePica666: checks 
DevilFish1976: checks 
*** SHOW DOWN ***
AsuDePica666: shows [Ks 5s] (high card King)
DevilFish1976: shows [3s 3h] (a pair of Threes)
DevilFish1976 collected $0.19 from pot
*** SUMMARY ***
Total pot $0.20 | Rake $0.01 
Board [2d Qd 6d Jc Th]
Seat 1: DevilFish1976 showed [3s 3h] and won ($0.19) with a pair of Threes
Seat 2: tryitout2395 folded before Flop (didn't bet)
Seat 3: Matuuux (button) folded before Flop (didn't bet)
Seat 4: AsuDePica666 (small blind) showed [Ks 5s] and lost with high card King
Seat 5: Lorpugo (big blind) folded before Flop
Seat 6: SoapRxn folded before Flop



PokerStars Hand #241640953304:  Hold'em No Limit ($0.01/$0.02 USD) - 2023/02/05 15:55:07 ET
Table 'Lanzia III' 6-max Seat #4 is the button
Seat 1: DevilFish1976 ($2.26 in chips) 
Seat 2: tryitout2395 ($1.73 in chips) 
Seat 3: Matuuux ($2.02 in chips) 
Seat 4: AsuDePica666 ($3.62 in chips) 
Seat 5: Lorpugo ($1.51 in chips) 
Seat 6: SoapRxn ($2.44 in chips) 
Lorpugo: posts small blind $0.01
SoapRxn: posts big blind $0.02
*** HOLE CARDS ***
Dealt to Lorpugo [As Ks]
DevilFish1976: folds 
tryitout2395: folds 
Matuuux: folds 
AsuDePica666: folds 
Lorpugo: raises $0.03 to $0.05
SoapRxn: folds 
Uncalled bet ($0.03) returned to Lorpugo
Lorpugo collected $0.04 from pot
Lorpugo: doesn't show hand 
*** SUMMARY ***
Total pot $0.04 | Rake $0 
Seat 1: DevilFish1976 folded before Flop (didn't bet)
Seat 2: tryitout2395 folded before Flop (didn't bet)
Seat 3: Matuuux folded before Flop (didn't bet)
Seat 4: AsuDePica666 (button) folded before Flop (didn't bet)
Seat 5: Lorpugo (small blind) collected ($0.04)
Seat 6: SoapRxn (big blind) folded before Flop



PokerStars Hand #241640960434:  Hold'em No Limit ($0.01/$0.02 USD) - 2023/02/05 15:55:26 ET
Table 'Lanzia III' 6-max Seat #5 is the button
Seat 1: DevilFish1976 ($2.26 in chips) 
Seat 2: tryitout2395 ($1.73 in chips) 
Seat 3: Matuuux ($2.02 in chips) 
Seat 4: AsuDePica666 ($3.62 in chips) 
Seat 5: Lorpugo ($1.53 in chips) 
Seat 6: SoapRxn ($2.42 in chips) 
SoapRxn: posts small blind $0.01
DevilFish1976: posts big blind $0.02
*** HOLE CARDS ***
Dealt to Lorpugo [Ks 8h]
tryitout2395: folds 
Matuuux: calls $0.02
AsuDePica666: calls $0.02
Lorpugo: folds 
SoapRxn: folds 
DevilFish1976: raises $0.06 to $0.08
Matuuux: folds 
AsuDePica666: raises $0.18 to $0.26
DevilFish1976: folds 
Uncalled bet ($0.18) returned to AsuDePica666
AsuDePica666 collected $0.19 from pot
AsuDePica666: doesn't show hand 
*** SUMMARY ***
Total pot $0.19 | Rake $0 
Seat 1: DevilFish1976 (big blind) folded before Flop
Seat 2: tryitout2395 folded before Flop (didn't bet)
Seat 3: Matuuux folded before Flop
Seat 4: AsuDePica666 collected ($0.19)
Seat 5: Lorpugo (button) folded before Flop (didn't bet)
Seat 6: SoapRxn (small blind) folded before Flop



PokerStars Hand #241640976153:  Hold'em No Limit ($0.01/$0.02 USD) - 2023/02/05 15:56:18 ET
Table 'Lanzia III' 6-max Seat #1 is the button
Seat 1: DevilFish1976 ($2.18 in chips) 
Seat 2: tryitout2395 ($1.73 in chips) 
Seat 3: Matuuux ($2 in chips) 
Seat 4: AsuDePica666 ($3.73 in chips) 
Seat 5: Lorpugo ($1.53 in chips) 
tryitout2395: posts small blind $0.01
Matuuux: posts big blind $0.02
*** HOLE CARDS ***
Dealt to Lorpugo [7s 3h]
AsuDePica666: folds 
Lorpugo: folds 
DevilFish1976: raises $0.04 to $0.06
tryitout2395: calls $0.05
Matuuux: folds 
*** FLOP *** [6c Ks 5c]
tryitout2395: checks 
DevilFish1976: checks 
*** TURN *** [6c Ks 5c] [8c]
tryitout2395: checks 
DevilFish1976: checks 
*** RIVER *** [6c Ks 5c 8c] [3c]
tryitout2395: checks 
DevilFish1976: checks 
*** SHOW DOWN ***
tryitout2395: shows [Js Qh] (high card King)
DevilFish1976: shows [As Th] (high card Ace)
DevilFish1976 collected $0.14 from pot
*** SUMMARY ***
Total pot $0.14 | Rake $0 
Board [6c Ks 5c 8c 3c]
Seat 1: DevilFish1976 (button) showed [As Th] and won ($0.14) with high card Ace
Seat 2: tryitout2395 (small blind) showed [Js Qh] and lost with high card King
Seat 3: Matuuux (big blind) folded before Flop
Seat 4: AsuDePica666 folded before Flop (didn't bet)
Seat 5: Lorpugo folded before Flop (didn't bet)



PokerStars Hand #241640990482:  Hold'em No Limit ($0.01/$0.02 USD) - 2023/02/05 15:57:03 ET
Table 'Lanzia III' 6-max Seat #2 is the button
Seat 1: DevilFish1976 ($2.26 in chips) 
Seat 2: tryitout2395 ($1.67 in chips) 
Seat 3: Matuuux ($1.98 in chips) 
Seat 4: AsuDePica666 ($3.73 in chips) 
Seat 5: Lorpugo ($1.53 in chips) 
Matuuux: posts small blind $0.01
AsuDePica666: posts big blind $0.02
*** HOLE CARDS ***
Dealt to Lorpugo [Qd Ah]
Lorpugo: raises $0.03 to $0.05
DevilFish1976: folds 
tryitout2395: calls $0.05
Matuuux: folds 
AsuDePica666: folds 
*** FLOP *** [Td Kh 7c]
Lorpugo: checks 
tryitout2395: bets $0.07
Lorpugo: calls $0.07
*** TURN *** [Td Kh 7c] [Tc]
Lorpugo: checks 
tryitout2395: bets $0.26
Lorpugo: folds 
Uncalled bet ($0.26) returned to tryitout2395
tryitout2395 collected $0.26 from pot
*** SUMMARY ***
Total pot $0.27 | Rake $0.01 
Board [Td Kh 7c Tc]
Seat 1: DevilFish1976 folded before Flop (didn't bet)
Seat 2: tryitout2395 (button) collected ($0.26)
Seat 3: Matuuux (small blind) folded before Flop
Seat 4: AsuDePica666 (big blind) folded before Flop
Seat 5: Lorpugo folded on the Turn



PokerStars Hand #241641005428:  Hold'em No Limit ($0.01/$0.02 USD) - 2023/02/05 15:57:51 ET
Table 'Lanzia III' 6-max Seat #3 is the button
Seat 1: DevilFish1976 ($2.26 in chips) 
Seat 2: tryitout2395 ($1.81 in chips) 
Seat 3: Matuuux ($1.97 in chips) 
Seat 4: AsuDePica666 ($3.71 in chips) 
Seat 5: Lorpugo ($1.41 in chips) 
AsuDePica666: posts small blind $0.01
Lorpugo: posts big blind $0.02
*** HOLE CARDS ***
Dealt to Lorpugo [Kc 6c]
DevilFish1976: folds 
tryitout2395: folds 
Matuuux: folds 
AsuDePica666: folds 
Uncalled bet ($0.01) returned to Lorpugo
Lorpugo collected $0.02 from pot
Lorpugo: doesn't show hand 
*** SUMMARY ***
Total pot $0.02 | Rake $0 
Seat 1: DevilFish1976 folded before Flop (didn't bet)
Seat 2: tryitout2395 folded before Flop (didn't bet)
Seat 3: Matuuux (button) folded before Flop (didn't bet)
Seat 4: AsuDePica666 (small blind) folded before Flop
Seat 5: Lorpugo (big blind) collected ($0.02)



PokerStars Hand #241641009369:  Hold'em No Limit ($0.01/$0.02 USD) - 2023/02/05 15:58:04 ET
Table 'Lanzia III' 6-max Seat #4 is the button
Seat 1: DevilFish1976 ($2.26 in chips) 
Seat 2: tryitout2395 ($1.81 in chips) 
Seat 3: Matuuux ($1.97 in chips) 
Seat 4: AsuDePica666 ($3.70 in chips) 
Seat 5: Lorpugo ($1.42 in chips) 
Lorpugo: posts small blind $0.01
DevilFish1976: posts big blind $0.02
*** HOLE CARDS ***
Dealt to Lorpugo [Qs Th]
tryitout2395: folds 
Matuuux: folds 
AsuDePica666: raises $0.04 to $0.06
Lorpugo: raises $0.14 to $0.20
DevilFish1976: folds 
AsuDePica666: calls $0.14
*** FLOP *** [4h Ks 3c]
Lorpugo: bets $0.21
AsuDePica666: calls $0.21
*** TURN *** [4h Ks 3c] [6s]
Lorpugo: bets $0.66
AsuDePica666: folds 
Uncalled bet ($0.66) returned to Lorpugo
Lorpugo collected $0.81 from pot
Lorpugo: doesn't show hand 
*** SUMMARY ***
Total pot $0.84 | Rake $0.03 
Board [4h Ks 3c 6s]
Seat 1: DevilFish1976 (big blind) folded before Flop
Seat 2: tryitout2395 folded before Flop (didn't bet)
Seat 3: Matuuux folded before Flop (didn't bet)
Seat 4: AsuDePica666 (button) folded on the Turn
Seat 5: Lorpugo (small blind) collected ($0.81)



PokerStars Hand #241641023413:  Hold'em No Limit ($0.01/$0.02 USD) - 2023/02/05 15:58:48 ET
Table 'Lanzia III' 6-max Seat #5 is the button
Seat 1: DevilFish1976 ($2.24 in chips) 
Seat 2: tryitout2395 ($1.81 in chips) 
Seat 3: Matuuux ($1.97 in chips) 
Seat 4: AsuDePica666 ($3.29 in chips) 
Seat 5: Lorpugo ($1.82 in chips) 
DevilFish1976: posts small blind $0.01
tryitout2395: posts big blind $0.02
*** HOLE CARDS ***
Dealt to Lorpugo [9c 7s]
Matuuux: calls $0.02
AsuDePica666: folds 
Lorpugo: calls $0.02
DevilFish1976: folds 
tryitout2395: checks 
*** FLOP *** [Ks Kd Jc]
tryitout2395: checks 
Matuuux: checks 
Lorpugo: checks 
*** TURN *** [Ks Kd Jc] [5c]
tryitout2395: checks 
Matuuux: checks 
Lorpugo: bets $0.04
tryitout2395: folds 
Matuuux: folds 
Uncalled bet ($0.04) returned to Lorpugo
Lorpugo collected $0.07 from pot
Lorpugo: doesn't show hand 
*** SUMMARY ***
Total pot $0.07 | Rake $0 
Board [Ks Kd Jc 5c]
Seat 1: DevilFish1976 (small blind) folded before Flop
Seat 2: tryitout2395 (big blind) folded on the Turn
Seat 3: Matuuux folded on the Turn
Seat 4: AsuDePica666 folded before Flop (didn't bet)
Seat 5: Lorpugo (button) collected ($0.07)



PokerStars Hand #241641039431:  Hold'em No Limit ($0.01/$0.02 USD) - 2023/02/05 15:59:39 ET
Table 'Lanzia III' 6-max Seat #1 is the button
Seat 1: DevilFish1976 ($2.23 in chips) 
Seat 2: tryitout2395 ($1.79 in chips) 
Seat 3: Matuuux ($1.95 in chips) 
Seat 4: AsuDePica666 ($3.29 in chips) 
Seat 5: Lorpugo ($1.87 in chips) 
tryitout2395: posts small blind $0.01
Matuuux: posts big blind $0.02
*** HOLE CARDS ***
Dealt to Lorpugo [Ac 3h]
AsuDePica666: folds 
Lorpugo: raises $0.03 to $0.05
DevilFish1976: folds 
tryitout2395: folds 
Matuuux: folds 
Uncalled bet ($0.03) returned to Lorpugo
Lorpugo collected $0.05 from pot
Lorpugo: doesn't show hand 
*** SUMMARY ***
Total pot $0.05 | Rake $0 
Seat 1: DevilFish1976 (button) folded before Flop (didn't bet)
Seat 2: tryitout2395 (small blind) folded before Flop
Seat 3: Matuuux (big blind) folded before Flop
Seat 4: AsuDePica666 folded before Flop (didn't bet)
Seat 5: Lorpugo collected ($0.05)



PokerStars Hand #241641046517:  Hold'em No Limit ($0.01/$0.02 USD) - 2023/02/05 16:00:02 ET
Table 'Lanzia III' 6-max Seat #2 is the button
Seat 1: DevilFish1976 ($2.23 in chips) 
Seat 2: tryitout2395 ($1.78 in chips) 
Seat 3: Matuuux ($1.93 in chips) 
Seat 4: AsuDePica666 ($3.29 in chips) 
Seat 5: Lorpugo ($1.90 in chips) 
Matuuux: posts small blind $0.01
AsuDePica666: posts big blind $0.02
*** HOLE CARDS ***
Dealt to Lorpugo [4d 4h]
Lorpugo: raises $0.03 to $0.05
DevilFish1976: folds 
tryitout2395: folds 
Matuuux: folds 
AsuDePica666: folds 
Uncalled bet ($0.03) returned to Lorpugo
Lorpugo collected $0.05 from pot
Lorpugo: doesn't show hand 
*** SUMMARY ***
Total pot $0.05 | Rake $0 
Seat 1: DevilFish1976 folded before Flop (didn't bet)
Seat 2: tryitout2395 (button) folded before Flop (didn't bet)
Seat 3: Matuuux (small blind) folded before Flop
Seat 4: AsuDePica666 (big blind) folded before Flop
Seat 5: Lorpugo collected ($0.05)



PokerStars Hand #241641052227:  Hold'em No Limit ($0.01/$0.02 USD) - 2023/02/05 16:00:18 ET
Table 'Lanzia III' 6-max Seat #3 is the button
Seat 1: DevilFish1976 ($2.23 in chips) 
Seat 2: tryitout2395 ($1.78 in chips) 
Seat 3: Matuuux ($1.92 in chips) 
Seat 4: AsuDePica666 ($3.27 in chips) 
Seat 5: Lorpugo ($1.93 in chips) 
AsuDePica666: posts small blind $0.01
Lorpugo: posts big blind $0.02
*** HOLE CARDS ***
Dealt to Lorpugo [5c 3s]
DevilFish1976: folds 
tryitout2395: folds 
Matuuux: calls $0.02
AsuDePica666: folds 
Lorpugo: checks 
*** FLOP *** [Ks 3d Tc]
Lorpugo: checks 
Matuuux: checks 
*** TURN *** [Ks 3d Tc] [Ad]
SoapRxn leaves the table
Lorpugo: checks 
Matuuux: bets $0.03
Lorpugo: folds 
Uncalled bet ($0.03) returned to Matuuux
Matuuux collected $0.05 from pot
Matuuux: doesn't show hand 
*** SUMMARY ***
Total pot $0.05 | Rake $0 
Board [Ks 3d Tc Ad]
Seat 1: DevilFish1976 folded before Flop (didn't bet)
Seat 2: tryitout2395 folded before Flop (didn't bet)
Seat 3: Matuuux (button) collected ($0.05)
Seat 4: AsuDePica666 (small blind) folded before Flop
Seat 5: Lorpugo (big blind) folded on the Turn



PokerStars Hand #241641065478:  Hold'em No Limit ($0.01/$0.02 USD) - 2023/02/05 16:00:57 ET
Table 'Lanzia III' 6-max Seat #4 is the button
Seat 1: DevilFish1976 ($2.23 in chips) 
Seat 2: tryitout2395 ($1.78 in chips) 
Seat 3: Matuuux ($1.95 in chips) 
Seat 4: AsuDePica666 ($3.26 in chips) 
Seat 5: Lorpugo ($1.91 in chips) 
Lorpugo: posts small blind $0.01
DevilFish1976: posts big blind $0.02
*** HOLE CARDS ***
Dealt to Lorpugo [Jh 5s]
tryitout2395: folds 
Matuuux: calls $0.02
AsuDePica666: folds 
Lorpugo: folds 
DevilFish1976: checks 
*** FLOP *** [6d Qc 2s]
DevilFish1976: checks 
Matuuux: bets $0.03
DevilFish1976: folds 
Uncalled bet ($0.03) returned to Matuuux
Matuuux collected $0.05 from pot
Matuuux: doesn't show hand 
*** SUMMARY ***
Total pot $0.05 | Rake $0 
Board [6d Qc 2s]
Seat 1: DevilFish1976 (big blind) folded on the Flop
Seat 2: tryitout2395 folded before Flop (didn't bet)
Seat 3: Matuuux collected ($0.05)
Seat 4: AsuDePica666 (button) folded before Flop (didn't bet)
Seat 5: Lorpugo (small blind) folded before Flop



PokerStars Hand #241641083699:  Hold'em No Limit ($0.01/$0.02 USD) - 2023/02/05 16:01:44 ET
Table 'Lanzia III' 6-max Seat #5 is the button
Seat 1: DevilFish1976 ($2.21 in chips) 
Seat 2: tryitout2395 ($1.78 in chips) 
Seat 3: Matuuux ($1.98 in chips) 
Seat 4: AsuDePica666 ($3.26 in chips) 
Seat 5: Lorpugo ($1.90 in chips) 
DevilFish1976: posts small blind $0.01
tryitout2395: posts big blind $0.02
*** HOLE CARDS ***
Dealt to Lorpugo [3d 7d]
Matuuux: folds 
AsuDePica666: folds 
Lorpugo: folds 
Lagerbier27 joins the table at seat #6 
DevilFish1976: folds 
Uncalled bet ($0.01) returned to tryitout2395
tryitout2395 collected $0.02 from pot
*** SUMMARY ***
Total pot $0.02 | Rake $0 
Seat 1: DevilFish1976 (small blind) folded before Flop
Seat 2: tryitout2395 (big blind) collected ($0.02)
Seat 3: Matuuux folded before Flop (didn't bet)
Seat 4: AsuDePica666 folded before Flop (didn't bet)
Seat 5: Lorpugo (button) folded before Flop (didn't bet)



PokerStars Hand #241641097725:  Hold'em No Limit ($0.01/$0.02 USD) - 2023/02/05 16:02:15 ET
Table 'Lanzia III' 6-max Seat #1 is the button
Seat 1: DevilFish1976 ($2.20 in chips) 
Seat 2: tryitout2395 ($1.79 in chips) 
Seat 3: Matuuux ($1.98 in chips) 
Seat 4: AsuDePica666 ($3.26 in chips) 
Seat 5: Lorpugo ($1.90 in chips) 
tryitout2395: posts small blind $0.01
Matuuux: posts big blind $0.02
*** HOLE CARDS ***
Dealt to Lorpugo [Tc 9h]
AsuDePica666: raises $0.04 to $0.06
Lorpugo: calls $0.06
DevilFish1976: folds 
tryitout2395: folds 
Matuuux: calls $0.04
*** FLOP *** [Td 5s 2c]
Matuuux: checks 
AsuDePica666: checks 
Lorpugo: bets $0.22
Matuuux: folds 
AsuDePica666: folds 
Uncalled bet ($0.22) returned to Lorpugo
Lorpugo collected $0.18 from pot
Lorpugo: doesn't show hand 
*** SUMMARY ***
Total pot $0.19 | Rake $0.01 
Board [Td 5s 2c]
Seat 1: DevilFish1976 (button) folded before Flop (didn't bet)
Seat 2: tryitout2395 (small blind) folded before Flop
Seat 3: Matuuux (big blind) folded on the Flop
Seat 4: AsuDePica666 folded on the Flop
Seat 5: Lorpugo collected ($0.18)



PokerStars Hand #241641118763:  Hold'em No Limit ($0.01/$0.02 USD) - 2023/02/05 16:02:58 ET
Table 'Lanzia III' 6-max Seat #2 is the button
Seat 1: DevilFish1976 ($2.20 in chips) 
Seat 2: tryitout2395 ($1.78 in chips) 
Seat 3: Matuuux ($1.92 in chips) 
Seat 4: AsuDePica666 ($3.20 in chips) 
Seat 5: Lorpugo ($2.02 in chips) 
Matuuux: posts small blind $0.01
AsuDePica666: posts big blind $0.02
*** HOLE CARDS ***
Dealt to Lorpugo [2h Jd]
Lorpugo has timed out
Lorpugo: folds 
DevilFish1976: folds 
tryitout2395: raises $0.04 to $0.06
Matuuux: calls $0.05
AsuDePica666: folds 
*** FLOP *** [9d 2s Jc]
Matuuux: checks 
tryitout2395: checks 
*** TURN *** [9d 2s Jc] [3c]
Matuuux: bets $0.07
tryitout2395: folds 
Uncalled bet ($0.07) returned to Matuuux
Matuuux collected $0.14 from pot
Matuuux: doesn't show hand 
*** SUMMARY ***
Total pot $0.14 | Rake $0 
Board [9d 2s Jc 3c]
Seat 1: DevilFish1976 folded before Flop (didn't bet)
Seat 2: tryitout2395 (button) folded on the Turn
Seat 3: Matuuux (small blind) collected ($0.14)
Seat 4: AsuDePica666 (big blind) folded before Flop
Seat 5: Lorpugo folded before Flop (didn't bet)



PokerStars Hand #241641148167:  Hold'em No Limit ($0.01/$0.02 USD) - 2023/02/05 16:03:58 ET
Table 'Lanzia III' 6-max Seat #3 is the button
Seat 1: DevilFish1976 ($2.20 in chips) 
Seat 2: tryitout2395 ($1.72 in chips) 
Seat 3: Matuuux ($2 in chips) 
Seat 4: AsuDePica666 ($3.18 in chips) 
Seat 5: Lorpugo ($2.02 in chips) 
AsuDePica666: posts small blind $0.01
Lorpugo: posts big blind $0.02
*** HOLE CARDS ***
Dealt to Lorpugo [2h 3h]
DevilFish1976: raises $0.04 to $0.06
tryitout2395: folds 
Matuuux: folds 
AsuDePica666: calls $0.05
Lorpugo: calls $0.04
*** FLOP *** [7h Ad 6s]
AsuDePica666: checks 
Lorpugo: checks 
DevilFish1976: checks 
*** TURN *** [7h Ad 6s] [Kc]
AsuDePica666: checks 
Lorpugo: checks 
DevilFish1976: checks 
*** RIVER *** [7h Ad 6s Kc] [5s]
AsuDePica666: checks 
Lorpugo: bets $0.20
DevilFish1976: folds 
AsuDePica666: folds 
Uncalled bet ($0.20) returned to Lorpugo
Lorpugo collected $0.17 from pot
Lorpugo: doesn't show hand 
*** SUMMARY ***
Total pot $0.18 | Rake $0.01 
Board [7h Ad 6s Kc 5s]
Seat 1: DevilFish1976 folded on the River
Seat 2: tryitout2395 folded before Flop (didn't bet)
Seat 3: Matuuux (button) folded before Flop (didn't bet)
Seat 4: AsuDePica666 (small blind) folded on the River
Seat 5: Lorpugo (big blind) collected ($0.17)



PokerStars Hand #241641194624:  Hold'em No Limit ($0.01/$0.02 USD) - 2023/02/05 16:05:29 ET
Table 'Lanzia III' 6-max Seat #4 is the button
Seat 1: DevilFish1976 ($2.14 in chips) 
Seat 2: tryitout2395 ($1.72 in chips) 
Seat 3: Matuuux ($2 in chips) 
Seat 4: AsuDePica666 ($3.12 in chips) 
Seat 5: Lorpugo ($2.13 in chips) 
Seat 6: Lagerbier27 ($2 in chips) 
Lorpugo: posts small blind $0.01
Lagerbier27: posts big blind $0.02
*** HOLE CARDS ***
Dealt to Lorpugo [Kc Tc]
DevilFish1976: folds 
tryitout2395: folds 
Matuuux: folds 
AsuDePica666: folds 
Lorpugo: raises $0.03 to $0.05
Lagerbier27: folds 
Uncalled bet ($0.03) returned to Lorpugo
Lorpugo collected $0.04 from pot
Lorpugo: doesn't show hand 
*** SUMMARY ***
Total pot $0.04 | Rake $0 
Seat 1: DevilFish1976 folded before Flop (didn't bet)
Seat 2: tryitout2395 folded before Flop (didn't bet)
Seat 3: Matuuux folded before Flop (didn't bet)
Seat 4: AsuDePica666 (button) folded before Flop (didn't bet)
Seat 5: Lorpugo (small blind) collected ($0.04)
Seat 6: Lagerbier27 (big blind) folded before Flop



PokerStars Hand #241641208390:  Hold'em No Limit ($0.01/$0.02 USD) - 2023/02/05 16:05:56 ET
Table 'Lanzia III' 6-max Seat #5 is the button
Seat 1: DevilFish1976 ($2.14 in chips) 
Seat 2: tryitout2395 ($1.72 in chips) 
Seat 3: Matuuux ($2 in chips) 
Seat 4: AsuDePica666 ($3.12 in chips) 
Seat 5: Lorpugo ($2.15 in chips) 
Seat 6: Lagerbier27 ($2 in chips) 
Lagerbier27: posts small blind $0.01
DevilFish1976: posts big blind $0.02
*** HOLE CARDS ***
Dealt to Lorpugo [5c 8h]
tryitout2395: folds 
Matuuux: raises $0.05 to $0.07
AsuDePica666: folds 
Lorpugo: folds 
Lagerbier27: folds 
DevilFish1976: folds 
Uncalled bet ($0.05) returned to Matuuux
Matuuux collected $0.05 from pot
Matuuux: doesn't show hand 
*** SUMMARY ***
Total pot $0.05 | Rake $0 
Seat 1: DevilFish1976 (big blind) folded before Flop
Seat 2: tryitout2395 folded before Flop (didn't bet)
Seat 3: Matuuux collected ($0.05)
Seat 4: AsuDePica666 folded before Flop (didn't bet)
Seat 5: Lorpugo (button) folded before Flop (didn't bet)
Seat 6: Lagerbier27 (small blind) folded before Flop



PokerStars Hand #241641218140:  Hold'em No Limit ($0.01/$0.02 USD) - 2023/02/05 16:06:15 ET
Table 'Lanzia III' 6-max Seat #6 is the button
Seat 1: DevilFish1976 ($2.12 in chips) 
Seat 2: tryitout2395 ($1.72 in chips) 
Seat 3: Matuuux ($2.03 in chips) 
Seat 4: AsuDePica666 ($3.12 in chips) 
Seat 5: Lorpugo ($2.15 in chips) 
Seat 6: Lagerbier27 ($2 in chips) 
DevilFish1976: posts small blind $0.01
tryitout2395: posts big blind $0.02
*** HOLE CARDS ***
Dealt to Lorpugo [6s 4s]
Matuuux: calls $0.02
AsuDePica666: folds 
Lorpugo: raises $0.02 to $0.04
Lagerbier27: folds 
DevilFish1976: folds 
tryitout2395: calls $0.02
Matuuux: calls $0.02
*** FLOP *** [Kc 9d 5s]
DevilFish1976 leaves the table
tryitout2395: checks 
Matuuux: checks 
Lorpugo: bets $0.04
tryitout2395: folds 
Matuuux: calls $0.04
*** TURN *** [Kc 9d 5s] [4c]
bendekho joins the table at seat #1 
Matuuux: checks 
Lorpugo: checks 
*** RIVER *** [Kc 9d 5s 4c] [3d]
Matuuux: checks 
Lorpugo: checks 
*** SHOW DOWN ***
Matuuux: shows [Js Td] (high card King)
Lorpugo: shows [6s 4s] (a pair of Fours)
Lorpugo collected $0.20 from pot
*** SUMMARY ***
Total pot $0.21 | Rake $0.01 
Board [Kc 9d 5s 4c 3d]
Seat 1: DevilFish1976 (small blind) folded before Flop
Seat 2: tryitout2395 (big blind) folded on the Flop
Seat 3: Matuuux showed [Js Td] and lost with high card King
Seat 4: AsuDePica666 folded before Flop (didn't bet)
Seat 5: Lorpugo showed [6s 4s] and won ($0.20) with a pair of Fours
Seat 6: Lagerbier27 (button) folded before Flop (didn't bet)



PokerStars Hand #241641243712:  Hold'em No Limit ($0.01/$0.02 USD) - 2023/02/05 16:07:05 ET
Table 'Lanzia III' 6-max Seat #2 is the button
Seat 1: bendekho ($2 in chips) 
Seat 2: tryitout2395 ($1.68 in chips) 
Seat 3: Matuuux ($1.95 in chips) 
Seat 4: AsuDePica666 ($3.12 in chips) 
Seat 5: Lorpugo ($2.27 in chips) 
Seat 6: Lagerbier27 ($2 in chips) 
Matuuux: posts small blind $0.01
AsuDePica666: posts big blind $0.02
bendekho: posts big blind $0.02
*** HOLE CARDS ***
Dealt to Lorpugo [2c Ah]
Lorpugo: folds 
Lagerbier27: folds 
bendekho: checks 
tryitout2395: calls $0.02
Matuuux: folds 
AsuDePica666: checks 
*** FLOP *** [3h 8c 6c]
AsuDePica666: checks 
bendekho: checks 
tryitout2395: checks 
*** TURN *** [3h 8c 6c] [As]
AsuDePica666: checks 
bendekho: checks 
tryitout2395: bets $0.07
AsuDePica666: folds 
bendekho: folds 
Uncalled bet ($0.07) returned to tryitout2395
tryitout2395 collected $0.07 from pot
*** SUMMARY ***
Total pot $0.07 | Rake $0 
Board [3h 8c 6c As]
Seat 1: bendekho folded on the Turn (didn't bet)
Seat 2: tryitout2395 (button) collected ($0.07)
Seat 3: Matuuux (small blind) folded before Flop
Seat 4: AsuDePica666 (big blind) folded on the Turn
Seat 5: Lorpugo folded before Flop (didn't bet)
Seat 6: Lagerbier27 folded before Flop (didn't bet)



PokerStars Hand #241641266601:  Hold'em No Limit ($0.01/$0.02 USD) - 2023/02/05 16:07:50 ET
Table 'Lanzia III' 6-max Seat #3 is the button
Seat 1: bendekho ($1.98 in chips) 
Seat 2: tryitout2395 ($1.73 in chips) 
Seat 3: Matuuux ($1.94 in chips) 
Seat 4: AsuDePica666 ($3.10 in chips) 
Seat 5: Lorpugo ($2.27 in chips) 
Seat 6: Lagerbier27 ($2 in chips) 
AsuDePica666: posts small blind $0.01
Lorpugo: posts big blind $0.02
*** HOLE CARDS ***
Dealt to Lorpugo [Kh Qd]
Lagerbier27: folds 
bendekho: calls $0.02
tryitout2395: raises $0.04 to $0.06
Matuuux: folds 
AsuDePica666: folds 
Lorpugo: calls $0.04
bendekho: calls $0.04
*** FLOP *** [7c 9s Jd]
Lorpugo: bets $0.06
bendekho: folds 
tryitout2395: folds 
Uncalled bet ($0.06) returned to Lorpugo
Lorpugo collected $0.18 from pot
Lorpugo: doesn't show hand 
*** SUMMARY ***
Total pot $0.19 | Rake $0.01 
Board [7c 9s Jd]
Seat 1: bendekho folded on the Flop
Seat 2: tryitout2395 folded on the Flop
Seat 3: Matuuux (button) folded before Flop (didn't bet)
Seat 4: AsuDePica666 (small blind) folded before Flop
Seat 5: Lorpugo (big blind) collected ($0.18)
Seat 6: Lagerbier27 folded before Flop (didn't bet)



PokerStars Hand #241641291430:  Hold'em No Limit ($0.01/$0.02 USD) - 2023/02/05 16:08:39 ET
Table 'Lanzia III' 6-max Seat #4 is the button
Seat 1: bendekho ($1.92 in chips) 
Seat 2: tryitout2395 ($1.67 in chips) 
Seat 3: Matuuux ($1.94 in chips) 
Seat 4: AsuDePica666 ($3.09 in chips) 
Seat 5: Lorpugo ($2.39 in chips) 
Seat 6: Lagerbier27 ($2 in chips) 
Lorpugo: posts small blind $0.01
Lagerbier27: posts big blind $0.02
*** HOLE CARDS ***
Dealt to Lorpugo [Ts 6h]
bendekho: folds 
tryitout2395: raises $0.04 to $0.06
Matuuux: folds 
AsuDePica666: calls $0.06
Lorpugo: folds 
Lagerbier27: folds 
*** FLOP *** [Qh 8d Kc]
tryitout2395: bets $0.07
AsuDePica666: calls $0.07
*** TURN *** [Qh 8d Kc] [9d]
tryitout2395: bets $0.28
AsuDePica666: calls $0.28
*** RIVER *** [Qh 8d Kc 9d] [2h]
tryitout2395: bets $0.82
AsuDePica666: folds 
Uncalled bet ($0.82) returned to tryitout2395
tryitout2395 collected $0.82 from pot
*** SUMMARY ***
Total pot $0.85 | Rake $0.03 
Board [Qh 8d Kc 9d 2h]
Seat 1: bendekho folded before Flop (didn't bet)
Seat 2: tryitout2395 collected ($0.82)
Seat 3: Matuuux folded before Flop (didn't bet)
Seat 4: AsuDePica666 (button) folded on the River
Seat 5: Lorpugo (small blind) folded before Flop
Seat 6: Lagerbier27 (big blind) folded before Flop



PokerStars Hand #241641317978:  Hold'em No Limit ($0.01/$0.02 USD) - 2023/02/05 16:09:32 ET
Table 'Lanzia III' 6-max Seat #5 is the button
Seat 1: bendekho ($1.92 in chips) 
Seat 2: tryitout2395 ($2.08 in chips) 
Seat 3: Matuuux ($1.94 in chips) 
Seat 4: AsuDePica666 ($2.68 in chips) 
Seat 5: Lorpugo ($2.38 in chips) 
Seat 6: Lagerbier27 ($2 in chips) 
Lagerbier27: posts small blind $0.01
bendekho: posts big blind $0.02
*** HOLE CARDS ***
Dealt to Lorpugo [Qs 2h]
tryitout2395: folds 
Matuuux: calls $0.02
AsuDePica666: raises $0.04 to $0.06
Lorpugo: folds 
Lagerbier27: folds 
bendekho: calls $0.04
Matuuux: calls $0.04
*** FLOP *** [5h 6c 3d]
bendekho: checks 
Matuuux: checks 
AsuDePica666: bets $0.10
bendekho: folds 
Matuuux: calls $0.10
*** TURN *** [5h 6c 3d] [9d]
Matuuux: checks 
AsuDePica666: bets $0.30
bendekho leaves the table
Matuuux: calls $0.30
*** RIVER *** [5h 6c 3d 9d] [2s]
Matuuux: checks 
AsuDePica666: bets $0.62
GlurakVegeta joins the table at seat #1 
Matuuux: folds 
Uncalled bet ($0.62) returned to AsuDePica666
AsuDePica666 collected $0.96 from pot
AsuDePica666: doesn't show hand 
*** SUMMARY ***
Total pot $0.99 | Rake $0.03 
Board [5h 6c 3d 9d 2s]
Seat 1: bendekho (big blind) folded on the Flop
Seat 2: tryitout2395 folded before Flop (didn't bet)
Seat 3: Matuuux folded on the River
Seat 4: AsuDePica666 collected ($0.96)
Seat 5: Lorpugo (button) folded before Flop (didn't bet)
Seat 6: Lagerbier27 (small blind) folded before Flop



PokerStars Hand #241641376702:  Hold'em No Limit ($0.01/$0.02 USD) - 2023/02/05 16:11:28 ET
Table 'Lanzia III' 6-max Seat #6 is the button
Seat 2: tryitout2395 ($2.08 in chips) 
Seat 3: Matuuux ($1.48 in chips) 
Seat 4: AsuDePica666 ($3.18 in chips) 
Seat 5: Lorpugo ($2.38 in chips) 
Seat 6: Lagerbier27 ($2 in chips) 
tryitout2395: posts small blind $0.01
Matuuux: posts big blind $0.02
*** HOLE CARDS ***
Dealt to Lorpugo [6h 6s]
AsuDePica666: folds 
Lorpugo: raises $0.03 to $0.05
Lagerbier27: folds 
tryitout2395: calls $0.04
Matuuux: calls $0.03
*** FLOP *** [7h 3d Jh]
tryitout2395: checks 
Matuuux: checks 
Lorpugo: bets $0.07
tryitout2395: folds 
Matuuux: folds 
Uncalled bet ($0.07) returned to Lorpugo
Lorpugo collected $0.14 from pot
Lorpugo: doesn't show hand 
*** SUMMARY ***
Total pot $0.15 | Rake $0.01 
Board [7h 3d Jh]
Seat 2: tryitout2395 (small blind) folded on the Flop
Seat 3: Matuuux (big blind) folded on the Flop
Seat 4: AsuDePica666 folded before Flop (didn't bet)
Seat 5: Lorpugo collected ($0.14)
Seat 6: Lagerbier27 (button) folded before Flop (didn't bet)



PokerStars Hand #241641399579:  Hold'em No Limit ($0.01/$0.02 USD) - 2023/02/05 16:12:14 ET
Table 'Lanzia III' 6-max Seat #2 is the button
Seat 1: GlurakVegeta ($0.80 in chips) 
Seat 2: tryitout2395 ($2.03 in chips) 
Seat 3: Matuuux ($1.43 in chips) 
Seat 4: AsuDePica666 ($3.18 in chips) 
Seat 5: Lorpugo ($2.47 in chips) 
Seat 6: Lagerbier27 ($2 in chips) 
Matuuux: posts small blind $0.01
AsuDePica666: posts big blind $0.02
GlurakVegeta: posts big blind $0.02
*** HOLE CARDS ***
Dealt to Lorpugo [4s 3s]
Lorpugo: raises $0.02 to $0.04
Lagerbier27: folds 
GlurakVegeta: calls $0.02
tryitout2395: folds 
Matuuux: calls $0.03
AsuDePica666: calls $0.02
*** FLOP *** [9s 5s 6d]
Matuuux: checks 
AsuDePica666: checks 
Lorpugo: bets $0.10
GlurakVegeta: folds 
Matuuux: folds 
AsuDePica666: raises $3.04 to $3.14 and is all-in
Lorpugo: folds 
Uncalled bet ($3.04) returned to AsuDePica666
AsuDePica666 collected $0.35 from pot
AsuDePica666: doesn't show hand 
*** SUMMARY ***
Total pot $0.36 | Rake $0.01 
Board [9s 5s 6d]
Seat 1: GlurakVegeta folded on the Flop
Seat 2: tryitout2395 (button) folded before Flop (didn't bet)
Seat 3: Matuuux (small blind) folded on the Flop
Seat 4: AsuDePica666 (big blind) collected ($0.35)
Seat 5: Lorpugo folded on the Flop
Seat 6: Lagerbier27 folded before Flop (didn't bet)



PokerStars Hand #241641431861:  Hold'em No Limit ($0.01/$0.02 USD) - 2023/02/05 16:13:18 ET
Table 'Lanzia III' 6-max Seat #3 is the button
Seat 1: GlurakVegeta ($0.76 in chips) 
Seat 2: tryitout2395 ($2.03 in chips) 
Seat 3: Matuuux ($1.39 in chips) 
Seat 4: AsuDePica666 ($3.39 in chips) 
Seat 5: Lorpugo ($2.33 in chips) 
Seat 6: Lagerbier27 ($2 in chips) 
AsuDePica666: posts small blind $0.01
Lorpugo: posts big blind $0.02
*** HOLE CARDS ***
Dealt to Lorpugo [7h 5s]
Lagerbier27: folds 
GlurakVegeta: folds 
tryitout2395: folds 
Matuuux: folds 
AsuDePica666: folds 
Uncalled bet ($0.01) returned to Lorpugo
Lorpugo collected $0.02 from pot
Lorpugo: doesn't show hand 
*** SUMMARY ***
Total pot $0.02 | Rake $0 
Seat 1: GlurakVegeta folded before Flop (didn't bet)
Seat 2: tryitout2395 folded before Flop (didn't bet)
Seat 3: Matuuux (button) folded before Flop (didn't bet)
Seat 4: AsuDePica666 (small blind) folded before Flop
Seat 5: Lorpugo (big blind) collected ($0.02)
Seat 6: Lagerbier27 folded before Flop (didn't bet)



PokerStars Hand #241641440670:  Hold'em No Limit ($0.01/$0.02 USD) - 2023/02/05 16:13:36 ET
Table 'Lanzia III' 6-max Seat #4 is the button
Seat 1: GlurakVegeta ($0.76 in chips) 
Seat 2: tryitout2395 ($2.03 in chips) 
Seat 3: Matuuux ($1.39 in chips) 
Seat 4: AsuDePica666 ($3.38 in chips) 
Seat 5: Lorpugo ($2.34 in chips) 
Seat 6: Lagerbier27 ($2 in chips) 
Lorpugo: posts small blind $0.01
Lagerbier27: posts big blind $0.02
*** HOLE CARDS ***
Dealt to Lorpugo [4s Jd]
GlurakVegeta: calls $0.02
tryitout2395: folds 
Matuuux: folds 
AsuDePica666: folds 
Lorpugo: folds 
Lagerbier27: checks 
*** FLOP *** [9s Ts Kh]
Lagerbier27: checks 
GlurakVegeta: bets $0.05
Lagerbier27: folds 
Uncalled bet ($0.05) returned to GlurakVegeta
GlurakVegeta collected $0.05 from pot
*** SUMMARY ***
Total pot $0.05 | Rake $0 
Board [9s Ts Kh]
Seat 1: GlurakVegeta collected ($0.05)
Seat 2: tryitout2395 folded before Flop (didn't bet)
Seat 3: Matuuux folded before Flop (didn't bet)
Seat 4: AsuDePica666 (button) folded before Flop (didn't bet)
Seat 5: Lorpugo (small blind) folded before Flop
Seat 6: Lagerbier27 (big blind) folded on the Flop



PokerStars Hand #241641452998:  Hold'em No Limit ($0.01/$0.02 USD) - 2023/02/05 16:14:01 ET
Table 'Lanzia III' 6-max Seat #5 is the button
Seat 1: GlurakVegeta ($0.79 in chips) 
Seat 2: tryitout2395 ($2.03 in chips) 
Seat 3: Matuuux ($1.39 in chips) 
Seat 4: AsuDePica666 ($3.38 in chips) 
Seat 5: Lorpugo ($2.33 in chips) 
Seat 6: Lagerbier27 ($2 in chips) 
Lagerbier27: posts small blind $0.01
GlurakVegeta: posts big blind $0.02
*** HOLE CARDS ***
Dealt to Lorpugo [7h Ad]
tryitout2395: folds 
Matuuux: folds 
AsuDePica666: folds 
Lorpugo: raises $0.03 to $0.05
Lagerbier27: folds 
GlurakVegeta: calls $0.03
*** FLOP *** [4s 5h 8h]
GlurakVegeta: checks 
Lorpugo: bets $0.06
GlurakVegeta: folds 
Uncalled bet ($0.06) returned to Lorpugo
Lorpugo collected $0.11 from pot
Lorpugo: doesn't show hand 
*** SUMMARY ***
Total pot $0.11 | Rake $0 
Board [4s 5h 8h]
Seat 1: GlurakVegeta (big blind) folded on the Flop
Seat 2: tryitout2395 folded before Flop (didn't bet)
Seat 3: Matuuux folded before Flop (didn't bet)
Seat 4: AsuDePica666 folded before Flop (didn't bet)
Seat 5: Lorpugo (button) collected ($0.11)
Seat 6: Lagerbier27 (small blind) folded before Flop



PokerStars Hand #241641471490:  Hold'em No Limit ($0.01/$0.02 USD) - 2023/02/05 16:14:38 ET
Table 'Lanzia III' 6-max Seat #6 is the button
Seat 1: GlurakVegeta ($0.74 in chips) 
Seat 2: tryitout2395 ($2.03 in chips) 
Seat 3: Matuuux ($1.39 in chips) 
Seat 4: AsuDePica666 ($3.38 in chips) 
Seat 5: Lorpugo ($2.39 in chips) 
Seat 6: Lagerbier27 ($2 in chips) 
GlurakVegeta: posts small blind $0.01
tryitout2395: posts big blind $0.02
*** HOLE CARDS ***
Dealt to Lorpugo [5h 5s]
Matuuux: folds 
AsuDePica666: folds 
Lorpugo: raises $0.03 to $0.05
Lagerbier27: folds 
GlurakVegeta: folds 
tryitout2395: folds 
Uncalled bet ($0.03) returned to Lorpugo
Lorpugo collected $0.05 from pot
Lorpugo: doesn't show hand 
*** SUMMARY ***
Total pot $0.05 | Rake $0 
Seat 1: GlurakVegeta (small blind) folded before Flop
Seat 2: tryitout2395 (big blind) folded before Flop
Seat 3: Matuuux folded before Flop (didn't bet)
Seat 4: AsuDePica666 folded before Flop (didn't bet)
Seat 5: Lorpugo collected ($0.05)
Seat 6: Lagerbier27 (button) folded before Flop (didn't bet)



PokerStars Hand #241641481432:  Hold'em No Limit ($0.01/$0.02 USD) - 2023/02/05 16:14:57 ET
Table 'Lanzia III' 6-max Seat #1 is the button
Seat 1: GlurakVegeta ($0.73 in chips) 
Seat 2: tryitout2395 ($2.01 in chips) 
Seat 3: Matuuux ($1.39 in chips) 
Seat 4: AsuDePica666 ($3.38 in chips) 
Seat 5: Lorpugo ($2.42 in chips) 
Seat 6: Lagerbier27 ($2 in chips) 
tryitout2395: posts small blind $0.01
Matuuux: posts big blind $0.02
*** HOLE CARDS ***
Dealt to Lorpugo [9d 6h]
AsuDePica666: folds 
Lorpugo: folds 
Lagerbier27: folds 
GlurakVegeta: folds 
tryitout2395: folds 
Uncalled bet ($0.01) returned to Matuuux
Matuuux collected $0.02 from pot
Matuuux: doesn't show hand 
*** SUMMARY ***
Total pot $0.02 | Rake $0 
Seat 1: GlurakVegeta (button) folded before Flop (didn't bet)
Seat 2: tryitout2395 (small blind) folded before Flop
Seat 3: Matuuux (big blind) collected ($0.02)
Seat 4: AsuDePica666 folded before Flop (didn't bet)
Seat 5: Lorpugo folded before Flop (didn't bet)
Seat 6: Lagerbier27 folded before Flop (didn't bet)



PokerStars Hand #241641489829:  Hold'em No Limit ($0.01/$0.02 USD) - 2023/02/05 16:15:14 ET
Table 'Lanzia III' 6-max Seat #2 is the button
Seat 1: GlurakVegeta ($0.73 in chips) 
Seat 2: tryitout2395 ($2 in chips) 
Seat 3: Matuuux ($1.40 in chips) 
Seat 4: AsuDePica666 ($3.38 in chips) 
Seat 5: Lorpugo ($2.42 in chips) 
Seat 6: Lagerbier27 ($2 in chips) 
Matuuux: posts small blind $0.01
AsuDePica666: posts big blind $0.02
*** HOLE CARDS ***
Dealt to Lorpugo [As Qs]
Lorpugo: raises $0.03 to $0.05
Lagerbier27: calls $0.05
GlurakVegeta: folds 
tryitout2395: folds 
Matuuux: calls $0.04
AsuDePica666: raises $0.21 to $0.26
Lorpugo: calls $0.21
Lagerbier27: folds 
Matuuux: folds 
*** FLOP *** [Js Ac 2h]
AsuDePica666: bets $0.44
Lorpugo: raises $1.72 to $2.16 and is all-in
AsuDePica666: calls $1.72
*** TURN *** [Js Ac 2h] [3c]
*** RIVER *** [Js Ac 2h 3c] [7h]
*** SHOW DOWN ***
AsuDePica666: shows [Ah Kd] (a pair of Aces)
Lorpugo: shows [As Qs] (a pair of Aces - lower kicker)
AsuDePica666 cashed out the hand for $3.92 | Cash Out Fee $0.04
*** SUMMARY ***
Total pot $4.94 | Rake $0.17 
Board [Js Ac 2h 3c 7h]
Seat 1: GlurakVegeta folded before Flop (didn't bet)
Seat 2: tryitout2395 (button) folded before Flop (didn't bet)
Seat 3: Matuuux (small blind) folded before Flop
Seat 4: AsuDePica666 (big blind) showed [Ah Kd] and won ($4.77) with a pair of Aces (pot not awarded as player cashed out)
Seat 5: Lorpugo showed [As Qs] and lost with a pair of Aces
Seat 6: Lagerbier27 folded before Flop



