PokerStars Hand #241367712764: Tournament #3537158106, $0.23+$0.02 USD Hold'em No Limit - Level I (10/20) - 2023/01/24 14:07:04 ET
Table '3537158106 1' 3-max Seat #1 is the button
Seat 1: NNN 23 (500 in chips) 
Seat 2: Lorpugo (500 in chips) 
Seat 3: deigojd (500 in chips) 
Lorpugo: posts small blind 10
deigojd: posts big blind 20
*** HOLE CARDS ***
Dealt to Lorpugo [3s 4c]
NNN 23: raises 20 to 40
Lorpugo: folds 
deigojd: calls 20
*** FLOP *** [7h 8s 4h]
deigojd: checks 
NNN 23: checks 
*** TURN *** [7h 8s 4h] [3c]
deigojd: bets 36
NNN 23: folds 
Uncalled bet (36) returned to deigojd
deigojd collected 90 from pot
deigojd: doesn't show hand 
*** SUMMARY ***
Total pot 90 | Rake 0 
Board [7h 8s 4h 3c]
Seat 1: NNN 23 (button) folded on the Turn
Seat 2: Lorpugo (small blind) folded before Flop
Seat 3: deigojd (big blind) collected (90)



PokerStars Hand #241367726724: Tournament #3537158106, $0.23+$0.02 USD Hold'em No Limit - Level I (10/20) - 2023/01/24 14:07:39 ET
Table '3537158106 1' 3-max Seat #2 is the button
Seat 1: NNN 23 (460 in chips) 
Seat 2: Lorpugo (490 in chips) 
Seat 3: deigojd (550 in chips) 
deigojd: posts small blind 10
NNN 23: posts big blind 20
*** HOLE CARDS ***
Dealt to Lorpugo [Td Tc]
Lorpugo: raises 20 to 40
deigojd: raises 510 to 550 and is all-in
NNN 23: calls 440 and is all-in
Lorpugo: calls 450 and is all-in
Uncalled bet (60) returned to deigojd
*** FLOP *** [6d Qc Jc]
*** TURN *** [6d Qc Jc] [2s]
*** RIVER *** [6d Qc Jc 2s] [9c]
*** SHOW DOWN ***
deigojd: shows [Ks Ah] (high card Ace)
Lorpugo: shows [Td Tc] (a pair of Tens)
Lorpugo collected 60 from side pot
NNN 23: shows [8h Jd] (a pair of Jacks)
NNN 23 collected 1380 from main pot
*** SUMMARY ***
Total pot 1440 Main pot 1380. Side pot 60. | Rake 0 
Board [6d Qc Jc 2s 9c]
Seat 1: NNN 23 (big blind) showed [8h Jd] and won (1380) with a pair of Jacks
Seat 2: Lorpugo (button) showed [Td Tc] and won (60) with a pair of Tens
Seat 3: deigojd (small blind) showed [Ks Ah] and lost with high card Ace



PokerStars Hand #241367739073: Tournament #3537158106, $0.23+$0.02 USD Hold'em No Limit - Level I (10/20) - 2023/01/24 14:08:10 ET
Table '3537158106 1' 3-max Seat #3 is the button
Seat 1: NNN 23 (1380 in chips) 
Seat 2: Lorpugo (60 in chips) 
Seat 3: deigojd (60 in chips) 
NNN 23: posts small blind 10
Lorpugo: posts big blind 20
*** HOLE CARDS ***
Dealt to Lorpugo [Td Ks]
deigojd: folds 
NNN 23: calls 10
Lorpugo: raises 40 to 60 and is all-in
NNN 23: calls 40
*** FLOP *** [As 9h 9s]
*** TURN *** [As 9h 9s] [Ah]
*** RIVER *** [As 9h 9s Ah] [Qd]
*** SHOW DOWN ***
NNN 23: shows [3c 6s] (two pair, Aces and Nines)
Lorpugo: shows [Td Ks] (two pair, Aces and Nines - King kicker)
Lorpugo collected 120 from pot
*** SUMMARY ***
Total pot 120 | Rake 0 
Board [As 9h 9s Ah Qd]
Seat 1: NNN 23 (small blind) showed [3c 6s] and lost with two pair, Aces and Nines
Seat 2: Lorpugo (big blind) showed [Td Ks] and won (120) with two pair, Aces and Nines
Seat 3: deigojd (button) folded before Flop (didn't bet)



PokerStars Hand #241367749781: Tournament #3537158106, $0.23+$0.02 USD Hold'em No Limit - Level I (10/20) - 2023/01/24 14:08:37 ET
Table '3537158106 1' 3-max Seat #1 is the button
Seat 1: NNN 23 (1320 in chips) 
Seat 2: Lorpugo (120 in chips) 
Seat 3: deigojd (60 in chips) 
Lorpugo: posts small blind 10
deigojd: posts big blind 20
*** HOLE CARDS ***
Dealt to Lorpugo [Jc 4s]
NNN 23: raises 20 to 40
Lorpugo: folds 
deigojd: calls 20
*** FLOP *** [6s 7d Qh]
deigojd: checks 
NNN 23: bets 40
deigojd: calls 20 and is all-in
Uncalled bet (20) returned to NNN 23
*** TURN *** [6s 7d Qh] [5c]
*** RIVER *** [6s 7d Qh 5c] [Ac]
*** SHOW DOWN ***
deigojd: shows [8c Jd] (high card Ace)
NNN 23: shows [Qs 9d] (a pair of Queens)
NNN 23 collected 130 from pot
deigojd finished the tournament in 3rd place
*** SUMMARY ***
Total pot 130 | Rake 0 
Board [6s 7d Qh 5c Ac]
Seat 1: NNN 23 (button) showed [Qs 9d] and won (130) with a pair of Queens
Seat 2: Lorpugo (small blind) folded before Flop
Seat 3: deigojd (big blind) showed [8c Jd] and lost with high card Ace



PokerStars Hand #241367763082: Tournament #3537158106, $0.23+$0.02 USD Hold'em No Limit - Level II (15/30) - 2023/01/24 14:09:11 ET
Table '3537158106 1' 3-max Seat #2 is the button
Seat 1: NNN 23 (1390 in chips) 
Seat 2: Lorpugo (110 in chips) 
Lorpugo: posts small blind 15
NNN 23: posts big blind 30
*** HOLE CARDS ***
Dealt to Lorpugo [Ks 8c]
Lorpugo: raises 80 to 110 and is all-in
NNN 23: calls 80
*** FLOP *** [Kd Qs 3s]
*** TURN *** [Kd Qs 3s] [Th]
*** RIVER *** [Kd Qs 3s Th] [7h]
*** SHOW DOWN ***
NNN 23: shows [7d Tc] (two pair, Tens and Sevens)
Lorpugo: shows [Ks 8c] (a pair of Kings)
NNN 23 collected 220 from pot
Lorpugo finished the tournament in 2nd place
NNN 23 wins the tournament and receives $0.50 - congratulations!
*** SUMMARY ***
Total pot 220 | Rake 0 
Board [Kd Qs 3s Th 7h]
Seat 1: NNN 23 (big blind) showed [7d Tc] and won (220) with two pair, Tens and Sevens
Seat 2: Lorpugo (button) (small blind) showed [Ks 8c] and lost with a pair of Kings



