PokerStars Hand #241367395768: Tournament #3537150329, $0.23+$0.02 USD Hold'em No Limit - Level I (10/20) - 2023/01/24 13:52:01 ET
Table '3537150329 1' 3-max Seat #1 is the button
Seat 1: charly135242 (500 in chips) 
Seat 2: gogodeaco (500 in chips) 
Seat 3: Lorpugo (500 in chips) 
gogodeaco: posts small blind 10
Lorpugo: posts big blind 20
*** HOLE CARDS ***
Dealt to Lorpugo [Kd 6d]
charly135242: calls 20
gogodeaco: calls 10
Lorpugo: checks 
*** FLOP *** [Kc 4h Qh]
gogodeaco: bets 40
Lorpugo: raises 70 to 110
charly135242: folds 
gogodeaco: folds 
Uncalled bet (70) returned to Lorpugo
Lorpugo collected 140 from pot
Lorpugo: doesn't show hand 
*** SUMMARY ***
Total pot 140 | Rake 0 
Board [Kc 4h Qh]
Seat 1: charly135242 (button) folded on the Flop
Seat 2: gogodeaco (small blind) folded on the Flop
Seat 3: Lorpugo (big blind) collected (140)



PokerStars Hand #241367405839: Tournament #3537150329, $0.23+$0.02 USD Hold'em No Limit - Level I (10/20) - 2023/01/24 13:52:26 ET
Table '3537150329 1' 3-max Seat #2 is the button
Seat 1: charly135242 (480 in chips) 
Seat 2: gogodeaco (440 in chips) 
Seat 3: Lorpugo (580 in chips) 
Lorpugo: posts small blind 10
charly135242: posts big blind 20
*** HOLE CARDS ***
Dealt to Lorpugo [Jc 3s]
gogodeaco: folds 
Lorpugo: folds 
Uncalled bet (10) returned to charly135242
charly135242 collected 20 from pot
*** SUMMARY ***
Total pot 20 | Rake 0 
Seat 1: charly135242 (big blind) collected (20)
Seat 2: gogodeaco (button) folded before Flop (didn't bet)
Seat 3: Lorpugo (small blind) folded before Flop



PokerStars Hand #241367408408: Tournament #3537150329, $0.23+$0.02 USD Hold'em No Limit - Level I (10/20) - 2023/01/24 13:52:33 ET
Table '3537150329 1' 3-max Seat #3 is the button
Seat 1: charly135242 (490 in chips) 
Seat 2: gogodeaco (440 in chips) 
Seat 3: Lorpugo (570 in chips) 
charly135242: posts small blind 10
gogodeaco: posts big blind 20
*** HOLE CARDS ***
Dealt to Lorpugo [5d 4s]
Lorpugo: folds 
charly135242: calls 10
gogodeaco: checks 
*** FLOP *** [Kc 6c 4h]
charly135242: bets 20
gogodeaco: raises 20 to 40
charly135242: calls 20
*** TURN *** [Kc 6c 4h] [Kd]
charly135242: checks 
gogodeaco: checks 
*** RIVER *** [Kc 6c 4h Kd] [Qh]
charly135242: bets 60
gogodeaco: calls 60
*** SHOW DOWN ***
charly135242: shows [8h Kh] (three of a kind, Kings)
gogodeaco: mucks hand 
charly135242 collected 240 from pot
*** SUMMARY ***
Total pot 240 | Rake 0 
Board [Kc 6c 4h Kd Qh]
Seat 1: charly135242 (small blind) showed [8h Kh] and won (240) with three of a kind, Kings
Seat 2: gogodeaco (big blind) mucked [Ac 6d]
Seat 3: Lorpugo (button) folded before Flop (didn't bet)



PokerStars Hand #241367418517: Tournament #3537150329, $0.23+$0.02 USD Hold'em No Limit - Level I (10/20) - 2023/01/24 13:52:59 ET
Table '3537150329 1' 3-max Seat #1 is the button
Seat 1: charly135242 (610 in chips) 
Seat 2: gogodeaco (320 in chips) 
Seat 3: Lorpugo (570 in chips) 
gogodeaco: posts small blind 10
Lorpugo: posts big blind 20
*** HOLE CARDS ***
Dealt to Lorpugo [Kc 3h]
charly135242: calls 20
gogodeaco: calls 10
Lorpugo: checks 
*** FLOP *** [5d 2c 3d]
gogodeaco: checks 
Lorpugo: bets 40
charly135242: folds 
gogodeaco: folds 
Uncalled bet (40) returned to Lorpugo
Lorpugo collected 60 from pot
Lorpugo: doesn't show hand 
*** SUMMARY ***
Total pot 60 | Rake 0 
Board [5d 2c 3d]
Seat 1: charly135242 (button) folded on the Flop
Seat 2: gogodeaco (small blind) folded on the Flop
Seat 3: Lorpugo (big blind) collected (60)



PokerStars Hand #241367427108: Tournament #3537150329, $0.23+$0.02 USD Hold'em No Limit - Level I (10/20) - 2023/01/24 13:53:22 ET
Table '3537150329 1' 3-max Seat #2 is the button
Seat 1: charly135242 (590 in chips) 
Seat 2: gogodeaco (300 in chips) 
Seat 3: Lorpugo (610 in chips) 
Lorpugo: posts small blind 10
charly135242: posts big blind 20
*** HOLE CARDS ***
Dealt to Lorpugo [2d Th]
gogodeaco: folds 
Lorpugo: folds 
Uncalled bet (10) returned to charly135242
charly135242 collected 20 from pot
*** SUMMARY ***
Total pot 20 | Rake 0 
Seat 1: charly135242 (big blind) collected (20)
Seat 2: gogodeaco (button) folded before Flop (didn't bet)
Seat 3: Lorpugo (small blind) folded before Flop



PokerStars Hand #241367429711: Tournament #3537150329, $0.23+$0.02 USD Hold'em No Limit - Level I (10/20) - 2023/01/24 13:53:28 ET
Table '3537150329 1' 3-max Seat #3 is the button
Seat 1: charly135242 (600 in chips) 
Seat 2: gogodeaco (300 in chips) 
Seat 3: Lorpugo (600 in chips) 
charly135242: posts small blind 10
gogodeaco: posts big blind 20
*** HOLE CARDS ***
Dealt to Lorpugo [As 8h]
Lorpugo: raises 30 to 50
charly135242: folds 
gogodeaco: calls 30
*** FLOP *** [Tc 9h Qc]
gogodeaco: bets 110
Lorpugo: folds 
Uncalled bet (110) returned to gogodeaco
gogodeaco collected 110 from pot
*** SUMMARY ***
Total pot 110 | Rake 0 
Board [Tc 9h Qc]
Seat 1: charly135242 (small blind) folded before Flop
Seat 2: gogodeaco (big blind) collected (110)
Seat 3: Lorpugo (button) folded on the Flop



PokerStars Hand #241367435811: Tournament #3537150329, $0.23+$0.02 USD Hold'em No Limit - Level I (10/20) - 2023/01/24 13:53:44 ET
Table '3537150329 1' 3-max Seat #1 is the button
Seat 1: charly135242 (590 in chips) 
Seat 2: gogodeaco (360 in chips) 
Seat 3: Lorpugo (550 in chips) 
gogodeaco: posts small blind 10
Lorpugo: posts big blind 20
*** HOLE CARDS ***
Dealt to Lorpugo [Qh 6s]
charly135242: calls 20
gogodeaco: folds 
Lorpugo: checks 
*** FLOP *** [8c 8h 6d]
Lorpugo: checks 
charly135242: checks 
*** TURN *** [8c 8h 6d] [9s]
Lorpugo: bets 33
charly135242: folds 
Uncalled bet (33) returned to Lorpugo
Lorpugo collected 50 from pot
Lorpugo: doesn't show hand 
*** SUMMARY ***
Total pot 50 | Rake 0 
Board [8c 8h 6d 9s]
Seat 1: charly135242 (button) folded on the Turn
Seat 2: gogodeaco (small blind) folded before Flop
Seat 3: Lorpugo (big blind) collected (50)



PokerStars Hand #241367442482: Tournament #3537150329, $0.23+$0.02 USD Hold'em No Limit - Level I (10/20) - 2023/01/24 13:54:01 ET
Table '3537150329 1' 3-max Seat #2 is the button
Seat 1: charly135242 (570 in chips) 
Seat 2: gogodeaco (350 in chips) 
Seat 3: Lorpugo (580 in chips) 
Lorpugo: posts small blind 10
charly135242: posts big blind 20
*** HOLE CARDS ***
Dealt to Lorpugo [Kc 6h]
gogodeaco: folds 
Lorpugo: raises 30 to 50
charly135242: calls 30
*** FLOP *** [Ad Qh 6c]
Lorpugo: bets 33
charly135242: folds 
Uncalled bet (33) returned to Lorpugo
Lorpugo collected 100 from pot
Lorpugo: doesn't show hand 
*** SUMMARY ***
Total pot 100 | Rake 0 
Board [Ad Qh 6c]
Seat 1: charly135242 (big blind) folded on the Flop
Seat 2: gogodeaco (button) folded before Flop (didn't bet)
Seat 3: Lorpugo (small blind) collected (100)



PokerStars Hand #241367448631: Tournament #3537150329, $0.23+$0.02 USD Hold'em No Limit - Level I (10/20) - 2023/01/24 13:54:17 ET
Table '3537150329 1' 3-max Seat #3 is the button
Seat 1: charly135242 (520 in chips) 
Seat 2: gogodeaco (350 in chips) 
Seat 3: Lorpugo (630 in chips) 
charly135242: posts small blind 10
gogodeaco: posts big blind 20
*** HOLE CARDS ***
Dealt to Lorpugo [7c 8h]
Lorpugo: raises 20 to 40
charly135242: calls 30
gogodeaco: calls 20
*** FLOP *** [7d Ac 5h]
charly135242: checks 
gogodeaco: checks 
Lorpugo: bets 60
charly135242: folds 
gogodeaco: folds 
Uncalled bet (60) returned to Lorpugo
Lorpugo collected 120 from pot
Lorpugo: doesn't show hand 
*** SUMMARY ***
Total pot 120 | Rake 0 
Board [7d Ac 5h]
Seat 1: charly135242 (small blind) folded on the Flop
Seat 2: gogodeaco (big blind) folded on the Flop
Seat 3: Lorpugo (button) collected (120)



PokerStars Hand #241367455666: Tournament #3537150329, $0.23+$0.02 USD Hold'em No Limit - Level I (10/20) - 2023/01/24 13:54:35 ET
Table '3537150329 1' 3-max Seat #1 is the button
Seat 1: charly135242 (480 in chips) 
Seat 2: gogodeaco (310 in chips) 
Seat 3: Lorpugo (710 in chips) 
gogodeaco: posts small blind 10
Lorpugo: posts big blind 20
*** HOLE CARDS ***
Dealt to Lorpugo [8d Qh]
charly135242: folds 
gogodeaco: raises 20 to 40
Lorpugo: calls 20
*** FLOP *** [Js 6c Jh]
gogodeaco: bets 80
Lorpugo: folds 
Uncalled bet (80) returned to gogodeaco
gogodeaco collected 80 from pot
*** SUMMARY ***
Total pot 80 | Rake 0 
Board [Js 6c Jh]
Seat 1: charly135242 (button) folded before Flop (didn't bet)
Seat 2: gogodeaco (small blind) collected (80)
Seat 3: Lorpugo (big blind) folded on the Flop



PokerStars Hand #241367461100: Tournament #3537150329, $0.23+$0.02 USD Hold'em No Limit - Level I (10/20) - 2023/01/24 13:54:49 ET
Table '3537150329 1' 3-max Seat #2 is the button
Seat 1: charly135242 (480 in chips) 
Seat 2: gogodeaco (350 in chips) 
Seat 3: Lorpugo (670 in chips) 
Lorpugo: posts small blind 10
charly135242: posts big blind 20
*** HOLE CARDS ***
Dealt to Lorpugo [7d Ah]
gogodeaco: calls 20
Lorpugo: raises 30 to 50
charly135242: folds 
gogodeaco: calls 30
*** FLOP *** [Jd 8s Qh]
Lorpugo: checks 
gogodeaco: checks 
*** TURN *** [Jd 8s Qh] [6d]
Lorpugo: checks 
gogodeaco: checks 
*** RIVER *** [Jd 8s Qh 6d] [Td]
Lorpugo: checks 
gogodeaco: bets 60
Lorpugo: folds 
Uncalled bet (60) returned to gogodeaco
gogodeaco collected 120 from pot
*** SUMMARY ***
Total pot 120 | Rake 0 
Board [Jd 8s Qh 6d Td]
Seat 1: charly135242 (big blind) folded before Flop
Seat 2: gogodeaco (button) collected (120)
Seat 3: Lorpugo (small blind) folded on the River



PokerStars Hand #241367471911: Tournament #3537150329, $0.23+$0.02 USD Hold'em No Limit - Level II (15/30) - 2023/01/24 13:55:22 ET
Table '3537150329 1' 3-max Seat #3 is the button
Seat 1: charly135242 (460 in chips) 
Seat 2: gogodeaco (420 in chips) 
Seat 3: Lorpugo (620 in chips) 
charly135242: posts small blind 15
gogodeaco: posts big blind 30
*** HOLE CARDS ***
Dealt to Lorpugo [7c Jc]
Lorpugo: raises 30 to 60
charly135242: raises 30 to 90
gogodeaco: folds 
Lorpugo: calls 30
*** FLOP *** [7h 4h Jh]
charly135242: bets 240
Lorpugo: raises 290 to 530 and is all-in
charly135242: calls 130 and is all-in
Uncalled bet (160) returned to Lorpugo
*** TURN *** [7h 4h Jh] [Ad]
*** RIVER *** [7h 4h Jh Ad] [7s]
*** SHOW DOWN ***
charly135242: shows [Qc Qd] (two pair, Queens and Sevens)
Lorpugo: shows [7c Jc] (a full house, Sevens full of Jacks)
Lorpugo collected 950 from pot
charly135242 finished the tournament in 3rd place
*** SUMMARY ***
Total pot 950 | Rake 0 
Board [7h 4h Jh Ad 7s]
Seat 1: charly135242 (small blind) showed [Qc Qd] and lost with two pair, Queens and Sevens
Seat 2: gogodeaco (big blind) folded before Flop
Seat 3: Lorpugo (button) showed [7c Jc] and won (950) with a full house, Sevens full of Jacks



PokerStars Hand #241367480976: Tournament #3537150329, $0.23+$0.02 USD Hold'em No Limit - Level II (15/30) - 2023/01/24 13:55:53 ET
Table '3537150329 1' 3-max Seat #2 is the button
Seat 2: gogodeaco (390 in chips) 
Seat 3: Lorpugo (1110 in chips) 
gogodeaco: posts small blind 15
Lorpugo: posts big blind 30
*** HOLE CARDS ***
Dealt to Lorpugo [6c Kc]
gogodeaco: raises 60 to 90
Lorpugo: folds 
Uncalled bet (60) returned to gogodeaco
gogodeaco collected 60 from pot
*** SUMMARY ***
Total pot 60 | Rake 0 
Seat 2: gogodeaco (button) (small blind) collected (60)
Seat 3: Lorpugo (big blind) folded before Flop



PokerStars Hand #241367483900: Tournament #3537150329, $0.23+$0.02 USD Hold'em No Limit - Level II (15/30) - 2023/01/24 13:56:03 ET
Table '3537150329 1' 3-max Seat #3 is the button
Seat 2: gogodeaco (420 in chips) 
Seat 3: Lorpugo (1080 in chips) 
Lorpugo: posts small blind 15
gogodeaco: posts big blind 30
*** HOLE CARDS ***
Dealt to Lorpugo [Jc 8d]
Lorpugo: raises 30 to 60
gogodeaco: folds 
Uncalled bet (30) returned to Lorpugo
Lorpugo collected 60 from pot
Lorpugo: doesn't show hand 
*** SUMMARY ***
Total pot 60 | Rake 0 
Seat 2: gogodeaco (big blind) folded before Flop
Seat 3: Lorpugo (button) (small blind) collected (60)



PokerStars Hand #241367486079: Tournament #3537150329, $0.23+$0.02 USD Hold'em No Limit - Level II (15/30) - 2023/01/24 13:56:10 ET
Table '3537150329 1' 3-max Seat #2 is the button
Seat 2: gogodeaco (390 in chips) 
Seat 3: Lorpugo (1110 in chips) 
gogodeaco: posts small blind 15
Lorpugo: posts big blind 30
*** HOLE CARDS ***
Dealt to Lorpugo [Tc Ad]
gogodeaco: folds 
Uncalled bet (15) returned to Lorpugo
Lorpugo collected 30 from pot
Lorpugo: doesn't show hand 
*** SUMMARY ***
Total pot 30 | Rake 0 
Seat 2: gogodeaco (button) (small blind) folded before Flop
Seat 3: Lorpugo (big blind) collected (30)



PokerStars Hand #241367487530: Tournament #3537150329, $0.23+$0.02 USD Hold'em No Limit - Level II (15/30) - 2023/01/24 13:56:15 ET
Table '3537150329 1' 3-max Seat #3 is the button
Seat 2: gogodeaco (375 in chips) 
Seat 3: Lorpugo (1125 in chips) 
Lorpugo: posts small blind 15
gogodeaco: posts big blind 30
*** HOLE CARDS ***
Dealt to Lorpugo [Jh Th]
Lorpugo: raises 30 to 60
gogodeaco: calls 30
*** FLOP *** [5s 9d 7h]
gogodeaco: bets 315 and is all-in
Lorpugo: folds 
Uncalled bet (315) returned to gogodeaco
gogodeaco collected 120 from pot
*** SUMMARY ***
Total pot 120 | Rake 0 
Board [5s 9d 7h]
Seat 2: gogodeaco (big blind) collected (120)
Seat 3: Lorpugo (button) (small blind) folded on the Flop



PokerStars Hand #241367491939: Tournament #3537150329, $0.23+$0.02 USD Hold'em No Limit - Level II (15/30) - 2023/01/24 13:56:30 ET
Table '3537150329 1' 3-max Seat #2 is the button
Seat 2: gogodeaco (435 in chips) 
Seat 3: Lorpugo (1065 in chips) 
gogodeaco: posts small blind 15
Lorpugo: posts big blind 30
*** HOLE CARDS ***
Dealt to Lorpugo [9s 4h]
gogodeaco: raises 30 to 60
Lorpugo: folds 
Uncalled bet (30) returned to gogodeaco
gogodeaco collected 60 from pot
*** SUMMARY ***
Total pot 60 | Rake 0 
Seat 2: gogodeaco (button) (small blind) collected (60)
Seat 3: Lorpugo (big blind) folded before Flop



PokerStars Hand #241367494174: Tournament #3537150329, $0.23+$0.02 USD Hold'em No Limit - Level II (15/30) - 2023/01/24 13:56:38 ET
Table '3537150329 1' 3-max Seat #3 is the button
Seat 2: gogodeaco (465 in chips) 
Seat 3: Lorpugo (1035 in chips) 
Lorpugo: posts small blind 15
gogodeaco: posts big blind 30
*** HOLE CARDS ***
Dealt to Lorpugo [3d 4d]
Lorpugo: calls 15
gogodeaco: checks 
*** FLOP *** [Jd 5s 6h]
gogodeaco: checks 
Lorpugo: bets 30
gogodeaco: folds 
Uncalled bet (30) returned to Lorpugo
Lorpugo collected 60 from pot
Lorpugo: doesn't show hand 
*** SUMMARY ***
Total pot 60 | Rake 0 
Board [Jd 5s 6h]
Seat 2: gogodeaco (big blind) folded on the Flop
Seat 3: Lorpugo (button) (small blind) collected (60)



PokerStars Hand #241367500281: Tournament #3537150329, $0.23+$0.02 USD Hold'em No Limit - Level II (15/30) - 2023/01/24 13:56:59 ET
Table '3537150329 1' 3-max Seat #2 is the button
Seat 2: gogodeaco (435 in chips) 
Seat 3: Lorpugo (1065 in chips) 
gogodeaco: posts small blind 15
Lorpugo: posts big blind 30
*** HOLE CARDS ***
Dealt to Lorpugo [6c Qd]
gogodeaco: raises 60 to 90
Lorpugo: folds 
Uncalled bet (60) returned to gogodeaco
gogodeaco collected 60 from pot
*** SUMMARY ***
Total pot 60 | Rake 0 
Seat 2: gogodeaco (button) (small blind) collected (60)
Seat 3: Lorpugo (big blind) folded before Flop



PokerStars Hand #241367502840: Tournament #3537150329, $0.23+$0.02 USD Hold'em No Limit - Level II (15/30) - 2023/01/24 13:57:08 ET
Table '3537150329 1' 3-max Seat #3 is the button
Seat 2: gogodeaco (465 in chips) 
Seat 3: Lorpugo (1035 in chips) 
Lorpugo: posts small blind 15
gogodeaco: posts big blind 30
*** HOLE CARDS ***
Dealt to Lorpugo [Tc Jd]
Lorpugo: raises 30 to 60
gogodeaco: calls 30
*** FLOP *** [Qs 8d Ac]
gogodeaco: bets 120
Lorpugo: folds 
Uncalled bet (120) returned to gogodeaco
gogodeaco collected 120 from pot
*** SUMMARY ***
Total pot 120 | Rake 0 
Board [Qs 8d Ac]
Seat 2: gogodeaco (big blind) collected (120)
Seat 3: Lorpugo (button) (small blind) folded on the Flop



PokerStars Hand #241367507054: Tournament #3537150329, $0.23+$0.02 USD Hold'em No Limit - Level II (15/30) - 2023/01/24 13:57:22 ET
Table '3537150329 1' 3-max Seat #2 is the button
Seat 2: gogodeaco (525 in chips) 
Seat 3: Lorpugo (975 in chips) 
gogodeaco: posts small blind 15
Lorpugo: posts big blind 30
*** HOLE CARDS ***
Dealt to Lorpugo [9d Jd]
gogodeaco: calls 15
Lorpugo: raises 45 to 75
gogodeaco: calls 45
*** FLOP *** [Jh Qs Qh]
Lorpugo: checks 
gogodeaco: checks 
*** TURN *** [Jh Qs Qh] [2d]
Lorpugo: checks 
gogodeaco: checks 
*** RIVER *** [Jh Qs Qh 2d] [3h]
Lorpugo: bets 99
gogodeaco: calls 99
*** SHOW DOWN ***
Lorpugo: shows [9d Jd] (two pair, Queens and Jacks)
gogodeaco: mucks hand 
Lorpugo collected 348 from pot
*** SUMMARY ***
Total pot 348 | Rake 0 
Board [Jh Qs Qh 2d 3h]
Seat 2: gogodeaco (button) (small blind) mucked [3s 8s]
Seat 3: Lorpugo (big blind) showed [9d Jd] and won (348) with two pair, Queens and Jacks



PokerStars Hand #241367520302: Tournament #3537150329, $0.23+$0.02 USD Hold'em No Limit - Level III (20/40) - 2023/01/24 13:58:07 ET
Table '3537150329 1' 3-max Seat #3 is the button
Seat 2: gogodeaco (351 in chips) 
Seat 3: Lorpugo (1149 in chips) 
Lorpugo: posts small blind 20
gogodeaco: posts big blind 40
*** HOLE CARDS ***
Dealt to Lorpugo [7s 9c]
Lorpugo: calls 20
gogodeaco: checks 
*** FLOP *** [7h 5s 8s]
gogodeaco: bets 311 and is all-in
Lorpugo: calls 311
*** TURN *** [7h 5s 8s] [8d]
*** RIVER *** [7h 5s 8s 8d] [8c]
*** SHOW DOWN ***
gogodeaco: shows [6h 3s] (three of a kind, Eights)
Lorpugo: shows [7s 9c] (a full house, Eights full of Sevens)
Lorpugo collected 702 from pot
gogodeaco finished the tournament in 2nd place
Lorpugo wins the tournament and receives $0.75 - congratulations!
*** SUMMARY ***
Total pot 702 | Rake 0 
Board [7h 5s 8s 8d 8c]
Seat 2: gogodeaco (big blind) showed [6h 3s] and lost with three of a kind, Eights
Seat 3: Lorpugo (button) (small blind) showed [7s 9c] and won (702) with a full house, Eights full of Sevens



