PokerStars Hand #241316355049:  Hold'em No Limit ($0.01/$0.02 USD) - 2023/01/22 8:10:04 ET
Table 'Numerowia' 6-max Seat #1 is the button
Seat 1: sickfreak666 ($0.57 in chips) 
Seat 2: AAA_set_nh ($2 in chips) 
Seat 3: Lorpugo ($1.60 in chips) 
Seat 4: G.Gagnon6666 ($2.09 in chips) 
Seat 5: Daws980 ($4.79 in chips) 
Seat 6: jerrew ($2.14 in chips) 
AAA_set_nh: posts small blind $0.01
Lorpugo: posts big blind $0.02
*** HOLE CARDS ***
Dealt to Lorpugo [Jh Ks]
G.Gagnon6666: raises $0.02 to $0.04
Daws980: folds 
jerrew: folds 
sickfreak666: folds 
AAA_set_nh: folds 
Lorpugo: calls $0.02
*** FLOP *** [3d 4d 3c]
Lorpugo: checks 
G.Gagnon6666: checks 
*** TURN *** [3d 4d 3c] [7d]
Lorpugo: checks 
G.Gagnon6666: checks 
*** RIVER *** [3d 4d 3c 7d] [9d]
Lorpugo: checks 
G.Gagnon6666: checks 
*** SHOW DOWN ***
Lorpugo: shows [Jh Ks] (a pair of Threes)
G.Gagnon6666: shows [Tc Ac] (a pair of Threes - Ace kicker)
G.Gagnon6666 collected $0.09 from pot
*** SUMMARY ***
Total pot $0.09 | Rake $0 
Board [3d 4d 3c 7d 9d]
Seat 1: sickfreak666 (button) folded before Flop (didn't bet)
Seat 2: AAA_set_nh (small blind) folded before Flop
Seat 3: Lorpugo (big blind) showed [Jh Ks] and lost with a pair of Threes
Seat 4: G.Gagnon6666 showed [Tc Ac] and won ($0.09) with a pair of Threes
Seat 5: Daws980 folded before Flop (didn't bet)
Seat 6: jerrew folded before Flop (didn't bet)



PokerStars Hand #241316362294:  Hold'em No Limit ($0.01/$0.02 USD) - 2023/01/22 8:10:34 ET
Table 'Numerowia' 6-max Seat #2 is the button
Seat 1: sickfreak666 ($0.57 in chips) 
Seat 2: AAA_set_nh ($2 in chips) 
Seat 3: Lorpugo ($1.56 in chips) 
Seat 4: G.Gagnon6666 ($2.14 in chips) 
Seat 5: Daws980 ($4.79 in chips) 
Seat 6: jerrew ($2.14 in chips) 
Lorpugo: posts small blind $0.01
G.Gagnon6666: posts big blind $0.02
*** HOLE CARDS ***
Dealt to Lorpugo [2c 3d]
Daws980: raises $0.04 to $0.06
jerrew: folds 
sickfreak666: folds 
AAA_set_nh: folds 
Lorpugo: folds 
G.Gagnon6666: calls $0.04
*** FLOP *** [7c Jh As]
G.Gagnon6666: checks 
Daws980: bets $0.06
G.Gagnon6666: folds 
Uncalled bet ($0.06) returned to Daws980
Daws980 collected $0.13 from pot
Daws980: doesn't show hand 
*** SUMMARY ***
Total pot $0.13 | Rake $0 
Board [7c Jh As]
Seat 1: sickfreak666 folded before Flop (didn't bet)
Seat 2: AAA_set_nh (button) folded before Flop (didn't bet)
Seat 3: Lorpugo (small blind) folded before Flop
Seat 4: G.Gagnon6666 (big blind) folded on the Flop
Seat 5: Daws980 collected ($0.13)
Seat 6: jerrew folded before Flop (didn't bet)



PokerStars Hand #241316368803:  Hold'em No Limit ($0.01/$0.02 USD) - 2023/01/22 8:11:01 ET
Table 'Numerowia' 6-max Seat #3 is the button
Seat 1: sickfreak666 ($0.57 in chips) 
Seat 2: AAA_set_nh ($2 in chips) 
Seat 3: Lorpugo ($1.55 in chips) 
Seat 4: G.Gagnon6666 ($2.08 in chips) 
Seat 5: Daws980 ($4.86 in chips) 
Seat 6: jerrew ($2.14 in chips) 
G.Gagnon6666: posts small blind $0.01
Daws980: posts big blind $0.02
*** HOLE CARDS ***
Dealt to Lorpugo [3c 4c]
jerrew: folds 
sickfreak666 has timed out
sickfreak666: folds 
AAA_set_nh: folds 
Lorpugo: folds 
G.Gagnon6666: folds 
Uncalled bet ($0.01) returned to Daws980
Daws980 collected $0.02 from pot
Daws980: doesn't show hand 
*** SUMMARY ***
Total pot $0.02 | Rake $0 
Seat 1: sickfreak666 folded before Flop (didn't bet)
Seat 2: AAA_set_nh folded before Flop (didn't bet)
Seat 3: Lorpugo (button) folded before Flop (didn't bet)
Seat 4: G.Gagnon6666 (small blind) folded before Flop
Seat 5: Daws980 (big blind) collected ($0.02)
Seat 6: jerrew folded before Flop (didn't bet)



PokerStars Hand #241316374178:  Hold'em No Limit ($0.01/$0.02 USD) - 2023/01/22 8:11:23 ET
Table 'Numerowia' 6-max Seat #4 is the button
Seat 2: AAA_set_nh ($2 in chips) 
Seat 3: Lorpugo ($1.55 in chips) 
Seat 4: G.Gagnon6666 ($2.07 in chips) 
Seat 5: Daws980 ($4.87 in chips) 
Seat 6: jerrew ($2.14 in chips) 
Daws980: posts small blind $0.01
jerrew: posts big blind $0.02
*** HOLE CARDS ***
Dealt to Lorpugo [Jd Ts]
AAA_set_nh: raises $0.03 to $0.05
Lorpugo: folds 
G.Gagnon6666: folds 
Daws980: folds 
jerrew: folds 
Uncalled bet ($0.03) returned to AAA_set_nh
AAA_set_nh collected $0.05 from pot
AAA_set_nh: doesn't show hand 
*** SUMMARY ***
Total pot $0.05 | Rake $0 
Seat 2: AAA_set_nh collected ($0.05)
Seat 3: Lorpugo folded before Flop (didn't bet)
Seat 4: G.Gagnon6666 (button) folded before Flop (didn't bet)
Seat 5: Daws980 (small blind) folded before Flop
Seat 6: jerrew (big blind) folded before Flop



PokerStars Hand #241316377637:  Hold'em No Limit ($0.01/$0.02 USD) - 2023/01/22 8:11:37 ET
Table 'Numerowia' 6-max Seat #5 is the button
Seat 2: AAA_set_nh ($2.03 in chips) 
Seat 3: Lorpugo ($1.55 in chips) 
Seat 4: G.Gagnon6666 ($2.07 in chips) 
Seat 5: Daws980 ($4.86 in chips) 
Seat 6: jerrew ($2.12 in chips) 
jerrew: posts small blind $0.01
AAA_set_nh: posts big blind $0.02
*** HOLE CARDS ***
Dealt to Lorpugo [Ac 4h]
Lorpugo: folds 
G.Gagnon6666: calls $0.02
Daws980: folds 
jerrew: folds 
AAA_set_nh: checks 
*** FLOP *** [As Ks 7h]
AAA_set_nh: checks 
G.Gagnon6666: checks 
*** TURN *** [As Ks 7h] [3c]
AAA_set_nh: checks 
G.Gagnon6666: bets $0.03
AAA_set_nh: folds 
Uncalled bet ($0.03) returned to G.Gagnon6666
G.Gagnon6666 collected $0.05 from pot
*** SUMMARY ***
Total pot $0.05 | Rake $0 
Board [As Ks 7h 3c]
Seat 2: AAA_set_nh (big blind) folded on the Turn
Seat 3: Lorpugo folded before Flop (didn't bet)
Seat 4: G.Gagnon6666 collected ($0.05)
Seat 5: Daws980 (button) folded before Flop (didn't bet)
Seat 6: jerrew (small blind) folded before Flop



PokerStars Hand #241316386647:  Hold'em No Limit ($0.01/$0.02 USD) - 2023/01/22 8:12:14 ET
Table 'Numerowia' 6-max Seat #6 is the button
Seat 2: AAA_set_nh ($2.01 in chips) 
Seat 3: Lorpugo ($1.55 in chips) 
Seat 4: G.Gagnon6666 ($2.10 in chips) 
Seat 5: Daws980 ($4.86 in chips) 
Seat 6: jerrew ($2.11 in chips) 
AAA_set_nh: posts small blind $0.01
Lorpugo: posts big blind $0.02
*** HOLE CARDS ***
Dealt to Lorpugo [7h 2s]
G.Gagnon6666: folds 
Daws980: folds 
jerrew: raises $0.03 to $0.05
AAA_set_nh: folds 
Lorpugo: folds 
Uncalled bet ($0.03) returned to jerrew
jerrew collected $0.05 from pot
*** SUMMARY ***
Total pot $0.05 | Rake $0 
Seat 2: AAA_set_nh (small blind) folded before Flop
Seat 3: Lorpugo (big blind) folded before Flop
Seat 4: G.Gagnon6666 folded before Flop (didn't bet)
Seat 5: Daws980 folded before Flop (didn't bet)
Seat 6: jerrew (button) collected ($0.05)



PokerStars Hand #241316391215:  Hold'em No Limit ($0.01/$0.02 USD) - 2023/01/22 8:12:32 ET
Table 'Numerowia' 6-max Seat #2 is the button
Seat 2: AAA_set_nh ($2 in chips) 
Seat 3: Lorpugo ($1.53 in chips) 
Seat 4: G.Gagnon6666 ($2.10 in chips) 
Seat 5: Daws980 ($4.86 in chips) 
Seat 6: jerrew ($2.14 in chips) 
Lorpugo: posts small blind $0.01
G.Gagnon6666: posts big blind $0.02
*** HOLE CARDS ***
Dealt to Lorpugo [Jh 9h]
Daws980: folds 
jerrew: folds 
AAA_set_nh: raises $0.03 to $0.05
Lorpugo: calls $0.04
G.Gagnon6666: calls $0.03
*** FLOP *** [6h 8s 2s]
Lorpugo: checks 
G.Gagnon6666: checks 
AAA_set_nh: checks 
*** TURN *** [6h 8s 2s] [9d]
Lorpugo: bets $0.18
G.Gagnon6666: calls $0.18
AAA_set_nh: folds 
*** RIVER *** [6h 8s 2s 9d] [Jd]
Lorpugo: bets $0.66
G.Gagnon6666: calls $0.66
*** SHOW DOWN ***
Lorpugo: shows [Jh 9h] (two pair, Jacks and Nines)
G.Gagnon6666: shows [Tc 7c] (a straight, Seven to Jack)
G.Gagnon6666 collected $1.77 from pot
*** SUMMARY ***
Total pot $1.83 | Rake $0.06 
Board [6h 8s 2s 9d Jd]
Seat 2: AAA_set_nh (button) folded on the Turn
Seat 3: Lorpugo (small blind) showed [Jh 9h] and lost with two pair, Jacks and Nines
Seat 4: G.Gagnon6666 (big blind) showed [Tc 7c] and won ($1.77) with a straight, Seven to Jack
Seat 5: Daws980 folded before Flop (didn't bet)
Seat 6: jerrew folded before Flop (didn't bet)



PokerStars Hand #241316403133:  Hold'em No Limit ($0.01/$0.02 USD) - 2023/01/22 8:13:21 ET
Table 'Numerowia' 6-max Seat #3 is the button
Seat 2: AAA_set_nh ($2 in chips) 
Seat 3: Lorpugo ($0.64 in chips) 
Seat 4: G.Gagnon6666 ($2.98 in chips) 
Seat 5: Daws980 ($4.86 in chips) 
Seat 6: jerrew ($2.14 in chips) 
G.Gagnon6666: posts small blind $0.01
Daws980: posts big blind $0.02
*** HOLE CARDS ***
Dealt to Lorpugo [4s 7s]
jerrew: folds 
AAA_set_nh: folds 
Lorpugo: folds 
G.Gagnon6666: folds 
Uncalled bet ($0.01) returned to Daws980
Daws980 collected $0.02 from pot
Daws980: doesn't show hand 
*** SUMMARY ***
Total pot $0.02 | Rake $0 
Seat 2: AAA_set_nh folded before Flop (didn't bet)
Seat 3: Lorpugo (button) folded before Flop (didn't bet)
Seat 4: G.Gagnon6666 (small blind) folded before Flop
Seat 5: Daws980 (big blind) collected ($0.02)
Seat 6: jerrew folded before Flop (didn't bet)



PokerStars Hand #241316406200:  Hold'em No Limit ($0.01/$0.02 USD) - 2023/01/22 8:13:33 ET
Table 'Numerowia' 6-max Seat #4 is the button
Seat 2: AAA_set_nh ($2 in chips) 
Seat 3: Lorpugo ($1.44 in chips) 
Seat 4: G.Gagnon6666 ($2.97 in chips) 
Seat 5: Daws980 ($4.87 in chips) 
Seat 6: jerrew ($2.14 in chips) 
Daws980: posts small blind $0.01
jerrew: posts big blind $0.02
*** HOLE CARDS ***
Dealt to Lorpugo [Td 3s]
AAA_set_nh: folds 
Lorpugo: folds 
G.Gagnon6666: folds 
Daws980: folds 
Uncalled bet ($0.01) returned to jerrew
jerrew collected $0.02 from pot
*** SUMMARY ***
Total pot $0.02 | Rake $0 
Seat 2: AAA_set_nh folded before Flop (didn't bet)
Seat 3: Lorpugo folded before Flop (didn't bet)
Seat 4: G.Gagnon6666 (button) folded before Flop (didn't bet)
Seat 5: Daws980 (small blind) folded before Flop
Seat 6: jerrew (big blind) collected ($0.02)



PokerStars Hand #241316408189:  Hold'em No Limit ($0.01/$0.02 USD) - 2023/01/22 8:13:41 ET
Table 'Numerowia' 6-max Seat #5 is the button
Seat 1: sickfreak666 ($0.57 in chips) 
Seat 2: AAA_set_nh ($2 in chips) 
Seat 3: Lorpugo ($1.44 in chips) 
Seat 4: G.Gagnon6666 ($2.97 in chips) 
Seat 5: Daws980 ($4.86 in chips) 
Seat 6: jerrew ($2.15 in chips) 
jerrew: posts small blind $0.01
sickfreak666: posts big blind $0.02
*** HOLE CARDS ***
Dealt to Lorpugo [7d 9c]
AAA_set_nh: raises $0.03 to $0.05
Lorpugo: folds 
G.Gagnon6666: folds 
Daws980: folds 
jerrew: calls $0.04
sickfreak666: calls $0.03
*** FLOP *** [Th 2d 3c]
jerrew: checks 
sickfreak666: checks 
AAA_set_nh: checks 
*** TURN *** [Th 2d 3c] [7h]
jerrew: bets $0.07
sickfreak666: folds 
AAA_set_nh: folds 
Uncalled bet ($0.07) returned to jerrew
jerrew collected $0.14 from pot
*** SUMMARY ***
Total pot $0.15 | Rake $0.01 
Board [Th 2d 3c 7h]
Seat 1: sickfreak666 (big blind) folded on the Turn
Seat 2: AAA_set_nh folded on the Turn
Seat 3: Lorpugo folded before Flop (didn't bet)
Seat 4: G.Gagnon6666 folded before Flop (didn't bet)
Seat 5: Daws980 (button) folded before Flop (didn't bet)
Seat 6: jerrew (small blind) collected ($0.14)



PokerStars Hand #241316421993:  Hold'em No Limit ($0.01/$0.02 USD) - 2023/01/22 8:14:37 ET
Table 'Numerowia' 6-max Seat #6 is the button
Seat 1: sickfreak666 ($0.52 in chips) 
Seat 2: AAA_set_nh ($2 in chips) 
Seat 3: Lorpugo ($1.44 in chips) 
Seat 4: G.Gagnon6666 ($2.97 in chips) 
Seat 5: Daws980 ($4.86 in chips) 
Seat 6: jerrew ($2.24 in chips) 
sickfreak666: posts small blind $0.01
AAA_set_nh: posts big blind $0.02
*** HOLE CARDS ***
Dealt to Lorpugo [Kc 7c]
Lorpugo: folds 
G.Gagnon6666: folds 
Daws980: folds 
jerrew: folds 
sickfreak666: folds 
Uncalled bet ($0.01) returned to AAA_set_nh
AAA_set_nh collected $0.02 from pot
AAA_set_nh: doesn't show hand 
*** SUMMARY ***
Total pot $0.02 | Rake $0 
Seat 1: sickfreak666 (small blind) folded before Flop
Seat 2: AAA_set_nh (big blind) collected ($0.02)
Seat 3: Lorpugo folded before Flop (didn't bet)
Seat 4: G.Gagnon6666 folded before Flop (didn't bet)
Seat 5: Daws980 folded before Flop (didn't bet)
Seat 6: jerrew (button) folded before Flop (didn't bet)



PokerStars Hand #241316428336:  Hold'em No Limit ($0.01/$0.02 USD) - 2023/01/22 8:15:02 ET
Table 'Numerowia' 6-max Seat #1 is the button
Seat 1: sickfreak666 ($0.51 in chips) 
Seat 2: AAA_set_nh ($2.01 in chips) 
Seat 3: Lorpugo ($1.44 in chips) 
Seat 4: G.Gagnon6666 ($2.97 in chips) 
Seat 5: Daws980 ($4.86 in chips) 
Seat 6: jerrew ($2.24 in chips) 
AAA_set_nh: posts small blind $0.01
Lorpugo: posts big blind $0.02
*** HOLE CARDS ***
Dealt to Lorpugo [2h Jc]
G.Gagnon6666: raises $0.04 to $0.06
Daws980: folds 
jerrew: folds 
sickfreak666: folds 
AAA_set_nh: folds 
Lorpugo: folds 
Uncalled bet ($0.04) returned to G.Gagnon6666
G.Gagnon6666 collected $0.05 from pot
*** SUMMARY ***
Total pot $0.05 | Rake $0 
Seat 1: sickfreak666 (button) folded before Flop (didn't bet)
Seat 2: AAA_set_nh (small blind) folded before Flop
Seat 3: Lorpugo (big blind) folded before Flop
Seat 4: G.Gagnon6666 collected ($0.05)
Seat 5: Daws980 folded before Flop (didn't bet)
Seat 6: jerrew folded before Flop (didn't bet)



PokerStars Hand #241316433655:  Hold'em No Limit ($0.01/$0.02 USD) - 2023/01/22 8:15:23 ET
Table 'Numerowia' 6-max Seat #2 is the button
Seat 1: sickfreak666 ($0.51 in chips) 
Seat 2: AAA_set_nh ($2 in chips) 
Seat 3: Lorpugo ($1.42 in chips) 
Seat 4: G.Gagnon6666 ($3 in chips) 
Seat 5: Daws980 ($4.86 in chips) 
Seat 6: jerrew ($2.24 in chips) 
Lorpugo: posts small blind $0.01
G.Gagnon6666: posts big blind $0.02
*** HOLE CARDS ***
Dealt to Lorpugo [Qc Ts]
Daws980: folds 
jerrew: folds 
sickfreak666: folds 
AAA_set_nh: raises $0.03 to $0.05
Lorpugo: calls $0.04
G.Gagnon6666: calls $0.03
*** FLOP *** [2s Jd 5c]
Lorpugo: checks 
G.Gagnon6666: checks 
AAA_set_nh: checks 
*** TURN *** [2s Jd 5c] [Qs]
Lorpugo: checks 
G.Gagnon6666: checks 
AAA_set_nh: checks 
*** RIVER *** [2s Jd 5c Qs] [Qh]
Lorpugo: bets $0.12
G.Gagnon6666: folds 
AAA_set_nh: folds 
Uncalled bet ($0.12) returned to Lorpugo
Lorpugo collected $0.14 from pot
Lorpugo: doesn't show hand 
*** SUMMARY ***
Total pot $0.15 | Rake $0.01 
Board [2s Jd 5c Qs Qh]
Seat 1: sickfreak666 folded before Flop (didn't bet)
Seat 2: AAA_set_nh (button) folded on the River
Seat 3: Lorpugo (small blind) collected ($0.14)
Seat 4: G.Gagnon6666 (big blind) folded on the River
Seat 5: Daws980 folded before Flop (didn't bet)
Seat 6: jerrew folded before Flop (didn't bet)



PokerStars Hand #241316445959:  Hold'em No Limit ($0.01/$0.02 USD) - 2023/01/22 8:16:12 ET
Table 'Numerowia' 6-max Seat #3 is the button
Seat 1: sickfreak666 ($0.51 in chips) 
Seat 2: AAA_set_nh ($2 in chips) 
Seat 3: Lorpugo ($1.51 in chips) 
Seat 4: G.Gagnon6666 ($2.95 in chips) 
Seat 5: Daws980 ($4.86 in chips) 
Seat 6: jerrew ($2.24 in chips) 
G.Gagnon6666: posts small blind $0.01
Daws980: posts big blind $0.02
*** HOLE CARDS ***
Dealt to Lorpugo [3c Ah]
jerrew: folds 
sickfreak666: folds 
AAA_set_nh: folds 
Lorpugo: raises $0.03 to $0.05
G.Gagnon6666: folds 
Daws980: folds 
Uncalled bet ($0.03) returned to Lorpugo
Lorpugo collected $0.05 from pot
Lorpugo: doesn't show hand 
*** SUMMARY ***
Total pot $0.05 | Rake $0 
Seat 1: sickfreak666 folded before Flop (didn't bet)
Seat 2: AAA_set_nh folded before Flop (didn't bet)
Seat 3: Lorpugo (button) collected ($0.05)
Seat 4: G.Gagnon6666 (small blind) folded before Flop
Seat 5: Daws980 (big blind) folded before Flop
Seat 6: jerrew folded before Flop (didn't bet)



PokerStars Hand #241316450368:  Hold'em No Limit ($0.01/$0.02 USD) - 2023/01/22 8:16:30 ET
Table 'Numerowia' 6-max Seat #4 is the button
Seat 1: sickfreak666 ($0.51 in chips) 
Seat 2: AAA_set_nh ($2 in chips) 
Seat 3: Lorpugo ($1.54 in chips) 
Seat 4: G.Gagnon6666 ($2.94 in chips) 
Seat 5: Daws980 ($4.84 in chips) 
Seat 6: jerrew ($2.24 in chips) 
Daws980: posts small blind $0.01
jerrew: posts big blind $0.02
*** HOLE CARDS ***
Dealt to Lorpugo [Jc Jh]
sickfreak666: calls $0.02
AAA_set_nh: folds 
Lorpugo: raises $0.07 to $0.09
G.Gagnon6666: raises $0.07 to $0.16
Daws980: folds 
jerrew: folds 
sickfreak666: folds 
Lorpugo: calls $0.07
*** FLOP *** [Kh 8c 3c]
Lorpugo: checks 
G.Gagnon6666: checks 
*** TURN *** [Kh 8c 3c] [6h]
Lorpugo: bets $0.18
G.Gagnon6666: calls $0.18
*** RIVER *** [Kh 8c 3c 6h] [As]
Lorpugo: checks 
G.Gagnon6666: checks 
*** SHOW DOWN ***
Lorpugo: shows [Jc Jh] (a pair of Jacks)
G.Gagnon6666: shows [Qs Qh] (a pair of Queens)
G.Gagnon6666 collected $0.70 from pot
*** SUMMARY ***
Total pot $0.73 | Rake $0.03 
Board [Kh 8c 3c 6h As]
Seat 1: sickfreak666 folded before Flop
Seat 2: AAA_set_nh folded before Flop (didn't bet)
Seat 3: Lorpugo showed [Jc Jh] and lost with a pair of Jacks
Seat 4: G.Gagnon6666 (button) showed [Qs Qh] and won ($0.70) with a pair of Queens
Seat 5: Daws980 (small blind) folded before Flop
Seat 6: jerrew (big blind) folded before Flop



PokerStars Hand #241316467152:  Hold'em No Limit ($0.01/$0.02 USD) - 2023/01/22 8:17:37 ET
Table 'Numerowia' 6-max Seat #5 is the button
Seat 1: sickfreak666 ($0.49 in chips) 
Seat 2: AAA_set_nh ($2 in chips) 
Seat 3: Lorpugo ($1.20 in chips) 
Seat 4: G.Gagnon6666 ($3.30 in chips) 
Seat 5: Daws980 ($4.83 in chips) 
Seat 6: jerrew ($2.22 in chips) 
jerrew: posts small blind $0.01
sickfreak666: posts big blind $0.02
*** HOLE CARDS ***
Dealt to Lorpugo [Ah 3c]
AAA_set_nh: folds 
Lorpugo: folds 
G.Gagnon6666: folds 
Daws980: folds 
jerrew: folds 
Uncalled bet ($0.01) returned to sickfreak666
sickfreak666 collected $0.02 from pot
*** SUMMARY ***
Total pot $0.02 | Rake $0 
Seat 1: sickfreak666 (big blind) collected ($0.02)
Seat 2: AAA_set_nh folded before Flop (didn't bet)
Seat 3: Lorpugo folded before Flop (didn't bet)
Seat 4: G.Gagnon6666 folded before Flop (didn't bet)
Seat 5: Daws980 (button) folded before Flop (didn't bet)
Seat 6: jerrew (small blind) folded before Flop



PokerStars Hand #241316470238:  Hold'em No Limit ($0.01/$0.02 USD) - 2023/01/22 8:17:49 ET
Table 'Numerowia' 6-max Seat #6 is the button
Seat 1: sickfreak666 ($0.50 in chips) 
Seat 2: AAA_set_nh ($2 in chips) 
Seat 3: Lorpugo ($1.20 in chips) 
Seat 4: G.Gagnon6666 ($3.30 in chips) 
Seat 5: Daws980 ($4.83 in chips) 
Seat 6: jerrew ($2.21 in chips) 
sickfreak666: posts small blind $0.01
AAA_set_nh: posts big blind $0.02
*** HOLE CARDS ***
Dealt to Lorpugo [4s 5c]
Lorpugo: folds 
G.Gagnon6666: folds 
Daws980: folds 
jerrew: folds 
sickfreak666: folds 
Uncalled bet ($0.01) returned to AAA_set_nh
AAA_set_nh collected $0.02 from pot
AAA_set_nh: doesn't show hand 
*** SUMMARY ***
Total pot $0.02 | Rake $0 
Seat 1: sickfreak666 (small blind) folded before Flop
Seat 2: AAA_set_nh (big blind) collected ($0.02)
Seat 3: Lorpugo folded before Flop (didn't bet)
Seat 4: G.Gagnon6666 folded before Flop (didn't bet)
Seat 5: Daws980 folded before Flop (didn't bet)
Seat 6: jerrew (button) folded before Flop (didn't bet)



PokerStars Hand #241316474421:  Hold'em No Limit ($0.01/$0.02 USD) - 2023/01/22 8:18:06 ET
Table 'Numerowia' 6-max Seat #1 is the button
Seat 1: sickfreak666 ($0.49 in chips) 
Seat 2: AAA_set_nh ($2.01 in chips) 
Seat 3: Lorpugo ($1.20 in chips) 
Seat 4: G.Gagnon6666 ($3.30 in chips) 
Seat 5: Daws980 ($4.83 in chips) 
Seat 6: jerrew ($2.21 in chips) 
AAA_set_nh: posts small blind $0.01
Lorpugo: posts big blind $0.02
*** HOLE CARDS ***
Dealt to Lorpugo [4h Kh]
G.Gagnon6666: folds 
Daws980: folds 
jerrew: raises $0.04 to $0.06
sickfreak666: folds 
AAA_set_nh: folds 
Lorpugo: calls $0.04
*** FLOP *** [9h 5c 9s]
Lorpugo: checks 
jerrew: bets $0.06
Lorpugo: folds 
Uncalled bet ($0.06) returned to jerrew
jerrew collected $0.13 from pot
*** SUMMARY ***
Total pot $0.13 | Rake $0 
Board [9h 5c 9s]
Seat 1: sickfreak666 (button) folded before Flop (didn't bet)
Seat 2: AAA_set_nh (small blind) folded before Flop
Seat 3: Lorpugo (big blind) folded on the Flop
Seat 4: G.Gagnon6666 folded before Flop (didn't bet)
Seat 5: Daws980 folded before Flop (didn't bet)
Seat 6: jerrew collected ($0.13)



PokerStars Hand #241316482476:  Hold'em No Limit ($0.01/$0.02 USD) - 2023/01/22 8:18:38 ET
Table 'Numerowia' 6-max Seat #2 is the button
Seat 1: sickfreak666 ($0.49 in chips) 
Seat 2: AAA_set_nh ($2 in chips) 
Seat 3: Lorpugo ($1.14 in chips) 
Seat 4: G.Gagnon6666 ($3.30 in chips) 
Seat 5: Daws980 ($4.83 in chips) 
Seat 6: jerrew ($2.28 in chips) 
Lorpugo: posts small blind $0.01
G.Gagnon6666: posts big blind $0.02
*** HOLE CARDS ***
Dealt to Lorpugo [8s 7d]
Daws980: raises $0.04 to $0.06
jerrew: folds 
sickfreak666: folds 
AAA_set_nh: folds 
Lorpugo: folds 
G.Gagnon6666: folds 
Uncalled bet ($0.04) returned to Daws980
Daws980 collected $0.05 from pot
Daws980: doesn't show hand 
*** SUMMARY ***
Total pot $0.05 | Rake $0 
Seat 1: sickfreak666 folded before Flop (didn't bet)
Seat 2: AAA_set_nh (button) folded before Flop (didn't bet)
Seat 3: Lorpugo (small blind) folded before Flop
Seat 4: G.Gagnon6666 (big blind) folded before Flop
Seat 5: Daws980 collected ($0.05)
Seat 6: jerrew folded before Flop (didn't bet)



PokerStars Hand #241316485725:  Hold'em No Limit ($0.01/$0.02 USD) - 2023/01/22 8:18:52 ET
Table 'Numerowia' 6-max Seat #3 is the button
Seat 1: sickfreak666 ($0.49 in chips) 
Seat 2: AAA_set_nh ($2 in chips) 
Seat 3: Lorpugo ($1.13 in chips) 
Seat 4: G.Gagnon6666 ($3.28 in chips) 
Seat 5: Daws980 ($4.86 in chips) 
Seat 6: jerrew ($2.28 in chips) 
G.Gagnon6666: posts small blind $0.01
Daws980: posts big blind $0.02
*** HOLE CARDS ***
Dealt to Lorpugo [7h 9h]
jerrew: folds 
sickfreak666: folds 
AAA_set_nh: folds 
Lorpugo: raises $0.03 to $0.05
G.Gagnon6666: folds 
Daws980: folds 
Uncalled bet ($0.03) returned to Lorpugo
Lorpugo collected $0.05 from pot
Lorpugo: doesn't show hand 
*** SUMMARY ***
Total pot $0.05 | Rake $0 
Seat 1: sickfreak666 folded before Flop (didn't bet)
Seat 2: AAA_set_nh folded before Flop (didn't bet)
Seat 3: Lorpugo (button) collected ($0.05)
Seat 4: G.Gagnon6666 (small blind) folded before Flop
Seat 5: Daws980 (big blind) folded before Flop
Seat 6: jerrew folded before Flop (didn't bet)



PokerStars Hand #241316489889:  Hold'em No Limit ($0.01/$0.02 USD) - 2023/01/22 8:19:08 ET
Table 'Numerowia' 6-max Seat #4 is the button
Seat 1: sickfreak666 ($0.49 in chips) 
Seat 2: AAA_set_nh ($2 in chips) 
Seat 3: Lorpugo ($1.96 in chips) 
Seat 4: G.Gagnon6666 ($3.27 in chips) 
Seat 5: Daws980 ($4.84 in chips) 
Seat 6: jerrew ($2.28 in chips) 
Daws980: posts small blind $0.01
jerrew: posts big blind $0.02
*** HOLE CARDS ***
Dealt to Lorpugo [Ad 5h]
sickfreak666: folds 
AAA_set_nh: folds 
Lorpugo: raises $0.03 to $0.05
G.Gagnon6666: folds 
Daws980: folds 
jerrew: folds 
Uncalled bet ($0.03) returned to Lorpugo
Lorpugo collected $0.05 from pot
Lorpugo: doesn't show hand 
*** SUMMARY ***
Total pot $0.05 | Rake $0 
Seat 1: sickfreak666 folded before Flop (didn't bet)
Seat 2: AAA_set_nh folded before Flop (didn't bet)
Seat 3: Lorpugo collected ($0.05)
Seat 4: G.Gagnon6666 (button) folded before Flop (didn't bet)
Seat 5: Daws980 (small blind) folded before Flop
Seat 6: jerrew (big blind) folded before Flop



PokerStars Hand #241316493540:  Hold'em No Limit ($0.01/$0.02 USD) - 2023/01/22 8:19:23 ET
Table 'Numerowia' 6-max Seat #5 is the button
Seat 1: sickfreak666 ($0.49 in chips) 
Seat 2: AAA_set_nh ($2 in chips) 
Seat 3: Lorpugo ($1.99 in chips) 
Seat 4: G.Gagnon6666 ($3.27 in chips) 
Seat 5: Daws980 ($4.83 in chips) 
Seat 6: jerrew ($2.26 in chips) 
jerrew: posts small blind $0.01
sickfreak666: posts big blind $0.02
*** HOLE CARDS ***
Dealt to Lorpugo [Tc 7d]
AAA_set_nh: folds 
Lorpugo: folds 
G.Gagnon6666: raises $0.02 to $0.04
Daws980: folds 
jerrew: calls $0.03
sickfreak666: calls $0.02
*** FLOP *** [5h Kc 3d]
jerrew: bets $0.04
sickfreak666: calls $0.04
G.Gagnon6666: folds 
*** TURN *** [5h Kc 3d] [2s]
jerrew: bets $0.06
sickfreak666: folds 
Uncalled bet ($0.06) returned to jerrew
jerrew collected $0.19 from pot
*** SUMMARY ***
Total pot $0.20 | Rake $0.01 
Board [5h Kc 3d 2s]
Seat 1: sickfreak666 (big blind) folded on the Turn
Seat 2: AAA_set_nh folded before Flop (didn't bet)
Seat 3: Lorpugo folded before Flop (didn't bet)
Seat 4: G.Gagnon6666 folded on the Flop
Seat 5: Daws980 (button) folded before Flop (didn't bet)
Seat 6: jerrew (small blind) collected ($0.19)



PokerStars Hand #241316503714:  Hold'em No Limit ($0.01/$0.02 USD) - 2023/01/22 8:20:04 ET
Table 'Numerowia' 6-max Seat #6 is the button
Seat 1: sickfreak666 ($0.41 in chips) 
Seat 2: AAA_set_nh ($2 in chips) 
Seat 3: Lorpugo ($1.99 in chips) 
Seat 4: G.Gagnon6666 ($3.23 in chips) 
Seat 5: Daws980 ($4.83 in chips) 
Seat 6: jerrew ($2.37 in chips) 
sickfreak666: posts small blind $0.01
AAA_set_nh: posts big blind $0.02
*** HOLE CARDS ***
Dealt to Lorpugo [6c Tc]
Lorpugo: folds 
G.Gagnon6666: folds 
Daws980: folds 
jerrew: folds 
sickfreak666: folds 
Uncalled bet ($0.01) returned to AAA_set_nh
AAA_set_nh collected $0.02 from pot
AAA_set_nh: doesn't show hand 
*** SUMMARY ***
Total pot $0.02 | Rake $0 
Seat 1: sickfreak666 (small blind) folded before Flop
Seat 2: AAA_set_nh (big blind) collected ($0.02)
Seat 3: Lorpugo folded before Flop (didn't bet)
Seat 4: G.Gagnon6666 folded before Flop (didn't bet)
Seat 5: Daws980 folded before Flop (didn't bet)
Seat 6: jerrew (button) folded before Flop (didn't bet)



PokerStars Hand #241316506341:  Hold'em No Limit ($0.01/$0.02 USD) - 2023/01/22 8:20:14 ET
Table 'Numerowia' 6-max Seat #1 is the button
Seat 1: sickfreak666 ($0.40 in chips) 
Seat 2: AAA_set_nh ($2.01 in chips) 
Seat 3: Lorpugo ($1.99 in chips) 
Seat 4: G.Gagnon6666 ($3.23 in chips) 
Seat 5: Daws980 ($4.83 in chips) 
Seat 6: jerrew ($2.37 in chips) 
AAA_set_nh: posts small blind $0.01
Lorpugo: posts big blind $0.02
*** HOLE CARDS ***
Dealt to Lorpugo [6h 9c]
G.Gagnon6666: folds 
Daws980: folds 
jerrew: folds 
sickfreak666: folds 
AAA_set_nh: folds 
Uncalled bet ($0.01) returned to Lorpugo
Lorpugo collected $0.02 from pot
Lorpugo: doesn't show hand 
*** SUMMARY ***
Total pot $0.02 | Rake $0 
Seat 1: sickfreak666 (button) folded before Flop (didn't bet)
Seat 2: AAA_set_nh (small blind) folded before Flop
Seat 3: Lorpugo (big blind) collected ($0.02)
Seat 4: G.Gagnon6666 folded before Flop (didn't bet)
Seat 5: Daws980 folded before Flop (didn't bet)
Seat 6: jerrew folded before Flop (didn't bet)



PokerStars Hand #241316511610:  Hold'em No Limit ($0.01/$0.02 USD) - 2023/01/22 8:20:35 ET
Table 'Numerowia' 6-max Seat #2 is the button
Seat 1: sickfreak666 ($0.40 in chips) 
Seat 2: AAA_set_nh ($2 in chips) 
Seat 3: Lorpugo ($2 in chips) 
Seat 4: G.Gagnon6666 ($3.23 in chips) 
Seat 5: Daws980 ($4.83 in chips) 
Seat 6: jerrew ($2.37 in chips) 
Lorpugo: posts small blind $0.01
G.Gagnon6666: posts big blind $0.02
*** HOLE CARDS ***
Dealt to Lorpugo [5s 2d]
Daws980: folds 
jerrew: folds 
sickfreak666: calls $0.02
AAA_set_nh: folds 
Lorpugo: folds 
G.Gagnon6666: checks 
*** FLOP *** [2h 4s 4c]
G.Gagnon6666: checks 
sickfreak666: checks 
*** TURN *** [2h 4s 4c] [7s]
G.Gagnon6666: checks 
sickfreak666: bets $0.02
G.Gagnon6666: calls $0.02
*** RIVER *** [2h 4s 4c 7s] [6s]
G.Gagnon6666: checks 
sickfreak666: checks 
*** SHOW DOWN ***
G.Gagnon6666: shows [5c As] (a pair of Fours)
sickfreak666: shows [Jh 7h] (two pair, Sevens and Fours)
sickfreak666 collected $0.09 from pot
*** SUMMARY ***
Total pot $0.09 | Rake $0 
Board [2h 4s 4c 7s 6s]
Seat 1: sickfreak666 showed [Jh 7h] and won ($0.09) with two pair, Sevens and Fours
Seat 2: AAA_set_nh (button) folded before Flop (didn't bet)
Seat 3: Lorpugo (small blind) folded before Flop
Seat 4: G.Gagnon6666 (big blind) showed [5c As] and lost with a pair of Fours
Seat 5: Daws980 folded before Flop (didn't bet)
Seat 6: jerrew folded before Flop (didn't bet)



PokerStars Hand #241316523972:  Hold'em No Limit ($0.01/$0.02 USD) - 2023/01/22 8:21:24 ET
Table 'Numerowia' 6-max Seat #3 is the button
Seat 1: sickfreak666 ($0.45 in chips) 
Seat 2: AAA_set_nh ($2 in chips) 
Seat 3: Lorpugo ($1.99 in chips) 
Seat 4: G.Gagnon6666 ($3.19 in chips) 
Seat 5: Daws980 ($4.83 in chips) 
Seat 6: jerrew ($2.37 in chips) 
G.Gagnon6666: posts small blind $0.01
Daws980: posts big blind $0.02
*** HOLE CARDS ***
Dealt to Lorpugo [Jh As]
jerrew: raises $0.03 to $0.05
sickfreak666: folds 
AAA_set_nh: folds 
Lorpugo: calls $0.05
G.Gagnon6666: folds 
Daws980: calls $0.03
*** FLOP *** [Qc Tc 4c]
Daws980: checks 
jerrew: checks 
Lorpugo: checks 
*** TURN *** [Qc Tc 4c] [Ks]
Daws980: bets $0.06
jerrew: folds 
Lorpugo: calls $0.06
*** RIVER *** [Qc Tc 4c Ks] [5h]
Daws980: checks 
Lorpugo: bets $0.18
Daws980: folds 
Uncalled bet ($0.18) returned to Lorpugo
Lorpugo collected $0.27 from pot
Lorpugo: doesn't show hand 
*** SUMMARY ***
Total pot $0.28 | Rake $0.01 
Board [Qc Tc 4c Ks 5h]
Seat 1: sickfreak666 folded before Flop (didn't bet)
Seat 2: AAA_set_nh folded before Flop (didn't bet)
Seat 3: Lorpugo (button) collected ($0.27)
Seat 4: G.Gagnon6666 (small blind) folded before Flop
Seat 5: Daws980 (big blind) folded on the River
Seat 6: jerrew folded on the Turn



PokerStars Hand #241316538034:  Hold'em No Limit ($0.01/$0.02 USD) - 2023/01/22 8:22:18 ET
Table 'Numerowia' 6-max Seat #4 is the button
Seat 1: sickfreak666 ($0.45 in chips) 
Seat 2: AAA_set_nh ($2 in chips) 
Seat 3: Lorpugo ($2.15 in chips) 
Seat 4: G.Gagnon6666 ($3.18 in chips) 
Seat 5: Daws980 ($4.72 in chips) 
Seat 6: jerrew ($2.32 in chips) 
Daws980: posts small blind $0.01
jerrew: posts big blind $0.02
*** HOLE CARDS ***
Dealt to Lorpugo [4c Kc]
sickfreak666: folds 
AAA_set_nh: folds 
Lorpugo: raises $0.03 to $0.05
G.Gagnon6666: calls $0.05
Daws980: calls $0.04
jerrew: calls $0.03
*** FLOP *** [3d Ac 4h]
Daws980: checks 
jerrew: checks 
Lorpugo: checks 
G.Gagnon6666: checks 
*** TURN *** [3d Ac 4h] [Jh]
Daws980: checks 
jerrew: checks 
Lorpugo: bets $0.10
G.Gagnon6666: folds 
Daws980: calls $0.10
jerrew: folds 
*** RIVER *** [3d Ac 4h Jh] [2s]
Daws980: checks 
Lorpugo: checks 
*** SHOW DOWN ***
Daws980: shows [Qd Jd] (a pair of Jacks)
Lorpugo: mucks hand 
Daws980 collected $0.39 from pot
*** SUMMARY ***
Total pot $0.40 | Rake $0.01 
Board [3d Ac 4h Jh 2s]
Seat 1: sickfreak666 folded before Flop (didn't bet)
Seat 2: AAA_set_nh folded before Flop (didn't bet)
Seat 3: Lorpugo mucked [4c Kc]
Seat 4: G.Gagnon6666 (button) folded on the Turn
Seat 5: Daws980 (small blind) showed [Qd Jd] and won ($0.39) with a pair of Jacks
Seat 6: jerrew (big blind) folded on the Turn



PokerStars Hand #241316555448:  Hold'em No Limit ($0.01/$0.02 USD) - 2023/01/22 8:23:26 ET
Table 'Numerowia' 6-max Seat #5 is the button
Seat 1: sickfreak666 ($0.45 in chips) 
Seat 2: AAA_set_nh ($2 in chips) 
Seat 3: Lorpugo ($2 in chips) 
Seat 4: G.Gagnon6666 ($3.13 in chips) 
Seat 5: Daws980 ($4.96 in chips) 
Seat 6: jerrew ($2.27 in chips) 
jerrew: posts small blind $0.01
sickfreak666: posts big blind $0.02
*** HOLE CARDS ***
Dealt to Lorpugo [9c 7c]
AAA_set_nh: raises $0.03 to $0.05
Lorpugo: calls $0.05
G.Gagnon6666: calls $0.05
Daws980: folds 
jerrew: calls $0.04
sickfreak666: calls $0.03
*** FLOP *** [8c Kc 3s]
jerrew: checks 
sickfreak666: checks 
AAA_set_nh: checks 
Lorpugo: bets $0.08
G.Gagnon6666: calls $0.08
jerrew: calls $0.08
sickfreak666: folds 
AAA_set_nh: folds 
*** TURN *** [8c Kc 3s] [3d]
jerrew: checks 
Lorpugo: checks 
G.Gagnon6666: bets $0.24
jerrew: folds 
Lorpugo: calls $0.24
*** RIVER *** [8c Kc 3s 3d] [8d]
Lorpugo: checks 
G.Gagnon6666: checks 
*** SHOW DOWN ***
Lorpugo: shows [9c 7c] (two pair, Eights and Threes)
G.Gagnon6666: shows [Qc Ks] (two pair, Kings and Eights)
G.Gagnon6666 collected $0.94 from pot
*** SUMMARY ***
Total pot $0.97 | Rake $0.03 
Board [8c Kc 3s 3d 8d]
Seat 1: sickfreak666 (big blind) folded on the Flop
Seat 2: AAA_set_nh folded on the Flop
Seat 3: Lorpugo showed [9c 7c] and lost with two pair, Eights and Threes
Seat 4: G.Gagnon6666 showed [Qc Ks] and won ($0.94) with two pair, Kings and Eights
Seat 5: Daws980 (button) folded before Flop (didn't bet)
Seat 6: jerrew (small blind) folded on the Turn



PokerStars Hand #241316569916:  Hold'em No Limit ($0.01/$0.02 USD) - 2023/01/22 8:24:22 ET
Table 'Numerowia' 6-max Seat #6 is the button
Seat 1: sickfreak666 ($0.40 in chips) 
Seat 2: AAA_set_nh ($2 in chips) 
Seat 3: Lorpugo ($1.63 in chips) 
Seat 4: G.Gagnon6666 ($3.70 in chips) 
Seat 5: Daws980 ($4.96 in chips) 
Seat 6: jerrew ($2.14 in chips) 
sickfreak666: posts small blind $0.01
AAA_set_nh: posts big blind $0.02
*** HOLE CARDS ***
Dealt to Lorpugo [5s Jc]
Lorpugo: folds 
G.Gagnon6666: raises $0.02 to $0.04
Daws980: calls $0.04
jerrew: folds 
sickfreak666: folds 
AAA_set_nh: folds 
*** FLOP *** [Kh 3h 7s]
G.Gagnon6666: checks 
Daws980: bets $0.06
G.Gagnon6666: calls $0.06
*** TURN *** [Kh 3h 7s] [3c]
G.Gagnon6666: checks 
Daws980: checks 
*** RIVER *** [Kh 3h 7s 3c] [7h]
G.Gagnon6666: checks 
Daws980: checks 
*** SHOW DOWN ***
G.Gagnon6666: shows [Ts Kc] (two pair, Kings and Sevens)
Daws980: mucks hand 
G.Gagnon6666 collected $0.22 from pot
*** SUMMARY ***
Total pot $0.23 | Rake $0.01 
Board [Kh 3h 7s 3c 7h]
Seat 1: sickfreak666 (small blind) folded before Flop
Seat 2: AAA_set_nh (big blind) folded before Flop
Seat 3: Lorpugo folded before Flop (didn't bet)
Seat 4: G.Gagnon6666 showed [Ts Kc] and won ($0.22) with two pair, Kings and Sevens
Seat 5: Daws980 mucked [Qd Jd]
Seat 6: jerrew (button) folded before Flop (didn't bet)



PokerStars Hand #241316581896:  Hold'em No Limit ($0.01/$0.02 USD) - 2023/01/22 8:25:08 ET
Table 'Numerowia' 6-max Seat #1 is the button
Seat 1: sickfreak666 ($0.39 in chips) 
Seat 2: AAA_set_nh ($2 in chips) 
Seat 3: Lorpugo ($1.63 in chips) 
Seat 4: G.Gagnon6666 ($3.82 in chips) 
Seat 5: Daws980 ($4.86 in chips) 
Seat 6: jerrew ($2.14 in chips) 
AAA_set_nh: posts small blind $0.01
Lorpugo: posts big blind $0.02
*** HOLE CARDS ***
Dealt to Lorpugo [5d As]
G.Gagnon6666: folds 
Daws980: folds 
jerrew: raises $0.04 to $0.06
sickfreak666: raises $0.33 to $0.39 and is all-in
AAA_set_nh: folds 
Lorpugo: folds 
jerrew: folds 
Uncalled bet ($0.33) returned to sickfreak666
sickfreak666 collected $0.15 from pot
*** SUMMARY ***
Total pot $0.15 | Rake $0 
Seat 1: sickfreak666 (button) collected ($0.15)
Seat 2: AAA_set_nh (small blind) folded before Flop
Seat 3: Lorpugo (big blind) folded before Flop
Seat 4: G.Gagnon6666 folded before Flop (didn't bet)
Seat 5: Daws980 folded before Flop (didn't bet)
Seat 6: jerrew folded before Flop



PokerStars Hand #241316586707:  Hold'em No Limit ($0.01/$0.02 USD) - 2023/01/22 8:25:26 ET
Table 'Numerowia' 6-max Seat #2 is the button
Seat 1: sickfreak666 ($0.48 in chips) 
Seat 2: AAA_set_nh ($2 in chips) 
Seat 3: Lorpugo ($1.61 in chips) 
Seat 4: G.Gagnon6666 ($3.82 in chips) 
Seat 5: Daws980 ($4.86 in chips) 
Seat 6: jerrew ($2.08 in chips) 
Lorpugo: posts small blind $0.01
G.Gagnon6666: posts big blind $0.02
*** HOLE CARDS ***
Dealt to Lorpugo [Jh 2s]
Daws980: folds 
jerrew has timed out
jerrew: folds 
sickfreak666: folds 
AAA_set_nh: folds 
Lorpugo: folds 
Uncalled bet ($0.01) returned to G.Gagnon6666
G.Gagnon6666 collected $0.02 from pot
*** SUMMARY ***
Total pot $0.02 | Rake $0 
Seat 1: sickfreak666 folded before Flop (didn't bet)
Seat 2: AAA_set_nh (button) folded before Flop (didn't bet)
Seat 3: Lorpugo (small blind) folded before Flop
Seat 4: G.Gagnon6666 (big blind) collected ($0.02)
Seat 5: Daws980 folded before Flop (didn't bet)
Seat 6: jerrew folded before Flop (didn't bet)



PokerStars Hand #241316593859:  Hold'em No Limit ($0.01/$0.02 USD) - 2023/01/22 8:25:54 ET
Table 'Numerowia' 6-max Seat #3 is the button
Seat 1: sickfreak666 ($0.48 in chips) 
Seat 2: AAA_set_nh ($2 in chips) 
Seat 3: Lorpugo ($1.60 in chips) 
Seat 4: G.Gagnon6666 ($3.83 in chips) 
Seat 5: Daws980 ($4.86 in chips) 
Seat 6: jerrew ($2.08 in chips) 
G.Gagnon6666: posts small blind $0.01
Daws980: posts big blind $0.02
*** HOLE CARDS ***
Dealt to Lorpugo [8c Qs]
jerrew: folds 
sickfreak666: folds 
AAA_set_nh: folds 
Lorpugo: raises $0.03 to $0.05
G.Gagnon6666: folds 
Daws980: folds 
Uncalled bet ($0.03) returned to Lorpugo
Lorpugo collected $0.05 from pot
Lorpugo: doesn't show hand 
*** SUMMARY ***
Total pot $0.05 | Rake $0 
Seat 1: sickfreak666 folded before Flop (didn't bet)
Seat 2: AAA_set_nh folded before Flop (didn't bet)
Seat 3: Lorpugo (button) collected ($0.05)
Seat 4: G.Gagnon6666 (small blind) folded before Flop
Seat 5: Daws980 (big blind) folded before Flop
Seat 6: jerrew folded before Flop (didn't bet)



PokerStars Hand #241316598050:  Hold'em No Limit ($0.01/$0.02 USD) - 2023/01/22 8:26:10 ET
Table 'Numerowia' 6-max Seat #4 is the button
Seat 1: sickfreak666 ($0.48 in chips) 
Seat 2: AAA_set_nh ($2 in chips) 
Seat 3: Lorpugo ($1.63 in chips) 
Seat 4: G.Gagnon6666 ($3.82 in chips) 
Seat 5: Daws980 ($4.84 in chips) 
Seat 6: jerrew ($2.08 in chips) 
Daws980: posts small blind $0.01
jerrew: posts big blind $0.02
*** HOLE CARDS ***
Dealt to Lorpugo [6c 5c]
sickfreak666: calls $0.02
AAA_set_nh: folds 
Lorpugo: raises $0.03 to $0.05
G.Gagnon6666: folds 
Daws980: calls $0.04
jerrew: calls $0.03
sickfreak666: calls $0.03
*** FLOP *** [Th Ah 7h]
Daws980: checks 
jerrew: checks 
sickfreak666: checks 
Lorpugo: checks 
*** TURN *** [Th Ah 7h] [2h]
Daws980: checks 
jerrew: bets $0.06
sickfreak666: folds 
Lorpugo: folds 
Daws980: calls $0.06
*** RIVER *** [Th Ah 7h 2h] [3s]
Daws980: checks 
jerrew: checks 
*** SHOW DOWN ***
Daws980: shows [Js As] (a pair of Aces)
jerrew: shows [Td Jh] (a flush, Ace high)
jerrew collected $0.31 from pot
*** SUMMARY ***
Total pot $0.32 | Rake $0.01 
Board [Th Ah 7h 2h 3s]
Seat 1: sickfreak666 folded on the Turn
Seat 2: AAA_set_nh folded before Flop (didn't bet)
Seat 3: Lorpugo folded on the Turn
Seat 4: G.Gagnon6666 (button) folded before Flop (didn't bet)
Seat 5: Daws980 (small blind) showed [Js As] and lost with a pair of Aces
Seat 6: jerrew (big blind) showed [Td Jh] and won ($0.31) with a flush, Ace high



PokerStars Hand #241316619266:  Hold'em No Limit ($0.01/$0.02 USD) - 2023/01/22 8:27:33 ET
Table 'Numerowia' 6-max Seat #5 is the button
Seat 1: sickfreak666 ($0.43 in chips) 
Seat 2: AAA_set_nh ($2 in chips) 
Seat 3: Lorpugo ($1.58 in chips) 
Seat 4: G.Gagnon6666 ($3.82 in chips) 
Seat 5: Daws980 ($4.73 in chips) 
Seat 6: jerrew ($2.28 in chips) 
jerrew: posts small blind $0.01
sickfreak666: posts big blind $0.02
*** HOLE CARDS ***
Dealt to Lorpugo [3d 3h]
AAA_set_nh: folds 
Lorpugo: raises $0.03 to $0.05
G.Gagnon6666: calls $0.05
Daws980: folds 
jerrew: folds 
sickfreak666: folds 
*** FLOP *** [4c 8h 2c]
Lorpugo: bets $0.07
G.Gagnon6666: calls $0.07
*** TURN *** [4c 8h 2c] [As]
Lorpugo: bets $0.10
G.Gagnon6666: calls $0.10
*** RIVER *** [4c 8h 2c As] [Ts]
Lorpugo: checks 
G.Gagnon6666: bets $0.23
Lorpugo: folds 
Uncalled bet ($0.23) returned to G.Gagnon6666
G.Gagnon6666 collected $0.45 from pot
*** SUMMARY ***
Total pot $0.47 | Rake $0.02 
Board [4c 8h 2c As Ts]
Seat 1: sickfreak666 (big blind) folded before Flop
Seat 2: AAA_set_nh folded before Flop (didn't bet)
Seat 3: Lorpugo folded on the River
Seat 4: G.Gagnon6666 collected ($0.45)
Seat 5: Daws980 (button) folded before Flop (didn't bet)
Seat 6: jerrew (small blind) folded before Flop



PokerStars Hand #241316632501:  Hold'em No Limit ($0.01/$0.02 USD) - 2023/01/22 8:28:24 ET
Table 'Numerowia' 6-max Seat #6 is the button
Seat 1: sickfreak666 ($0.41 in chips) 
Seat 2: AAA_set_nh ($2 in chips) 
Seat 3: Lorpugo ($1.36 in chips) 
Seat 4: G.Gagnon6666 ($4.05 in chips) 
Seat 5: Daws980 ($4.73 in chips) 
Seat 6: jerrew ($2.27 in chips) 
sickfreak666: posts small blind $0.01
AAA_set_nh: posts big blind $0.02
*** HOLE CARDS ***
Dealt to Lorpugo [6c 6d]
Lorpugo: raises $0.03 to $0.05
G.Gagnon6666: folds 
Daws980: folds 
jerrew: raises $0.09 to $0.14
sickfreak666: folds 
AAA_set_nh: folds 
Lorpugo: calls $0.09
*** FLOP *** [2h 3d Qd]
Lorpugo: checks 
jerrew: bets $0.15
Lorpugo: calls $0.15
*** TURN *** [2h 3d Qd] [5c]
Lorpugo: checks 
jerrew: checks 
*** RIVER *** [2h 3d Qd 5c] [4h]
Lorpugo: bets $0.90
jerrew: folds 
Uncalled bet ($0.90) returned to Lorpugo
Lorpugo collected $0.59 from pot
Lorpugo: doesn't show hand 
*** SUMMARY ***
Total pot $0.61 | Rake $0.02 
Board [2h 3d Qd 5c 4h]
Seat 1: sickfreak666 (small blind) folded before Flop
Seat 2: AAA_set_nh (big blind) folded before Flop
Seat 3: Lorpugo collected ($0.59)
Seat 4: G.Gagnon6666 folded before Flop (didn't bet)
Seat 5: Daws980 folded before Flop (didn't bet)
Seat 6: jerrew (button) folded on the River



PokerStars Hand #241316651331:  Hold'em No Limit ($0.01/$0.02 USD) - 2023/01/22 8:29:37 ET
Table 'Numerowia' 6-max Seat #1 is the button
Seat 1: sickfreak666 ($0.40 in chips) 
Seat 2: AAA_set_nh ($2 in chips) 
Seat 3: Lorpugo ($1.66 in chips) 
Seat 4: G.Gagnon6666 ($4.05 in chips) 
Seat 5: Daws980 ($4.73 in chips) 
Seat 6: jerrew ($1.98 in chips) 
AAA_set_nh: posts small blind $0.01
Lorpugo: posts big blind $0.02
*** HOLE CARDS ***
Dealt to Lorpugo [4s Tc]
G.Gagnon6666: raises $0.04 to $0.06
Daws980: folds 
jerrew: calls $0.06
sickfreak666: folds 
AAA_set_nh: folds 
Lorpugo: folds 
*** FLOP *** [7s 5h 8d]
G.Gagnon6666: bets $0.07
jerrew: folds 
Uncalled bet ($0.07) returned to G.Gagnon6666
G.Gagnon6666 collected $0.14 from pot
*** SUMMARY ***
Total pot $0.15 | Rake $0.01 
Board [7s 5h 8d]
Seat 1: sickfreak666 (button) folded before Flop (didn't bet)
Seat 2: AAA_set_nh (small blind) folded before Flop
Seat 3: Lorpugo (big blind) folded before Flop
Seat 4: G.Gagnon6666 collected ($0.14)
Seat 5: Daws980 folded before Flop (didn't bet)
Seat 6: jerrew folded on the Flop



PokerStars Hand #241316658986:  Hold'em No Limit ($0.01/$0.02 USD) - 2023/01/22 8:30:07 ET
Table 'Numerowia' 6-max Seat #2 is the button
Seat 1: sickfreak666 ($0.40 in chips) 
Seat 2: AAA_set_nh ($2 in chips) 
Seat 3: Lorpugo ($1.64 in chips) 
Seat 4: G.Gagnon6666 ($4.13 in chips) 
Seat 5: Daws980 ($4.73 in chips) 
Seat 6: jerrew ($1.92 in chips) 
Lorpugo: posts small blind $0.01
G.Gagnon6666: posts big blind $0.02
*** HOLE CARDS ***
Dealt to Lorpugo [Tc Ac]
Daws980: folds 
jerrew: folds 
sickfreak666 has timed out
sickfreak666: folds 
AAA_set_nh: folds 
Lorpugo: raises $0.03 to $0.05
G.Gagnon6666: calls $0.03
*** FLOP *** [9h 3h Kc]
Lorpugo: bets $0.02
G.Gagnon6666: folds 
Uncalled bet ($0.02) returned to Lorpugo
Lorpugo collected $0.10 from pot
Lorpugo: doesn't show hand 
*** SUMMARY ***
Total pot $0.10 | Rake $0 
Board [9h 3h Kc]
Seat 1: sickfreak666 folded before Flop (didn't bet)
Seat 2: AAA_set_nh (button) folded before Flop (didn't bet)
Seat 3: Lorpugo (small blind) collected ($0.10)
Seat 4: G.Gagnon6666 (big blind) folded on the Flop
Seat 5: Daws980 folded before Flop (didn't bet)
Seat 6: jerrew folded before Flop (didn't bet)



PokerStars Hand #241316667479:  Hold'em No Limit ($0.01/$0.02 USD) - 2023/01/22 8:30:40 ET
Table 'Numerowia' 6-max Seat #3 is the button
Seat 1: sickfreak666 ($0.40 in chips) 
Seat 2: AAA_set_nh ($2 in chips) 
Seat 3: Lorpugo ($1.69 in chips) 
Seat 4: G.Gagnon6666 ($4.08 in chips) 
Seat 5: Daws980 ($4.73 in chips) 
Seat 6: jerrew ($1.92 in chips) 
G.Gagnon6666: posts small blind $0.01
Daws980: posts big blind $0.02
*** HOLE CARDS ***
Dealt to Lorpugo [Qs Th]
jerrew: folds 
sickfreak666 has timed out
sickfreak666: folds 
AAA_set_nh: raises $0.03 to $0.05
Lorpugo: calls $0.05
G.Gagnon6666: folds 
Daws980: folds 
*** FLOP *** [6h As 3s]
AAA_set_nh: bets $0.09
Lorpugo: folds 
Uncalled bet ($0.09) returned to AAA_set_nh
AAA_set_nh collected $0.13 from pot
AAA_set_nh: doesn't show hand 
*** SUMMARY ***
Total pot $0.13 | Rake $0 
Board [6h As 3s]
Seat 1: sickfreak666 folded before Flop (didn't bet)
Seat 2: AAA_set_nh collected ($0.13)
Seat 3: Lorpugo (button) folded on the Flop
Seat 4: G.Gagnon6666 (small blind) folded before Flop
Seat 5: Daws980 (big blind) folded before Flop
Seat 6: jerrew folded before Flop (didn't bet)



PokerStars Hand #241316676118:  Hold'em No Limit ($0.01/$0.02 USD) - 2023/01/22 8:31:12 ET
Table 'Numerowia' 6-max Seat #4 is the button
Seat 1: sickfreak666 ($0.40 in chips) 
Seat 2: AAA_set_nh ($2.08 in chips) 
Seat 3: Lorpugo ($1.64 in chips) 
Seat 4: G.Gagnon6666 ($4.07 in chips) 
Seat 5: Daws980 ($4.71 in chips) 
Seat 6: jerrew ($1.92 in chips) 
Daws980: posts small blind $0.01
jerrew: posts big blind $0.02
*** HOLE CARDS ***
Dealt to Lorpugo [Kc Jc]
sickfreak666: calls $0.02
AAA_set_nh: raises $0.05 to $0.07
Lorpugo: calls $0.07
G.Gagnon6666: calls $0.07
Daws980: folds 
jerrew: folds 
sickfreak666: calls $0.05
*** FLOP *** [Qc Jd 2h]
sickfreak666: checks 
AAA_set_nh: bets $0.10
Lorpugo: calls $0.10
G.Gagnon6666: calls $0.10
sickfreak666: raises $0.23 to $0.33 and is all-in
AAA_set_nh: raises $1.68 to $2.01 and is all-in
Lorpugo: folds 
G.Gagnon6666: folds 
Uncalled bet ($1.68) returned to AAA_set_nh
*** TURN *** [Qc Jd 2h] [9d]
*** RIVER *** [Qc Jd 2h 9d] [Kd]
*** SHOW DOWN ***
sickfreak666: shows [6h Qh] (a pair of Queens)
AAA_set_nh: shows [Kh As] (a pair of Kings)
AAA_set_nh collected $1.13 from pot
*** SUMMARY ***
Total pot $1.17 | Rake $0.04 
Board [Qc Jd 2h 9d Kd]
Seat 1: sickfreak666 showed [6h Qh] and lost with a pair of Queens
Seat 2: AAA_set_nh showed [Kh As] and won ($1.13) with a pair of Kings
Seat 3: Lorpugo folded on the Flop
Seat 4: G.Gagnon6666 (button) folded on the Flop
Seat 5: Daws980 (small blind) folded before Flop
Seat 6: jerrew (big blind) folded before Flop



PokerStars Hand #241316694351:  Hold'em No Limit ($0.01/$0.02 USD) - 2023/01/22 8:32:22 ET
Table 'Numerowia' 6-max Seat #5 is the button
Seat 2: AAA_set_nh ($2.81 in chips) 
Seat 3: Lorpugo ($1.47 in chips) 
Seat 4: G.Gagnon6666 ($3.90 in chips) 
Seat 5: Daws980 ($4.70 in chips) 
Seat 6: jerrew ($1.90 in chips) 
jerrew: posts small blind $0.01
AAA_set_nh: posts big blind $0.02
*** HOLE CARDS ***
Dealt to Lorpugo [6s 8c]
Lorpugo: folds 
sickfreak666 leaves the table
G.Gagnon6666: folds 
Daws980: folds 
jerrew: folds 
Uncalled bet ($0.01) returned to AAA_set_nh
AAA_set_nh collected $0.02 from pot
AAA_set_nh: doesn't show hand 
*** SUMMARY ***
Total pot $0.02 | Rake $0 
Seat 2: AAA_set_nh (big blind) collected ($0.02)
Seat 3: Lorpugo folded before Flop (didn't bet)
Seat 4: G.Gagnon6666 folded before Flop (didn't bet)
Seat 5: Daws980 (button) folded before Flop (didn't bet)
Seat 6: jerrew (small blind) folded before Flop



PokerStars Hand #241316696460:  Hold'em No Limit ($0.01/$0.02 USD) - 2023/01/22 8:32:30 ET
Table 'Numerowia' 6-max Seat #6 is the button
Seat 2: AAA_set_nh ($2.82 in chips) 
Seat 3: Lorpugo ($1.47 in chips) 
Seat 4: G.Gagnon6666 ($3.90 in chips) 
Seat 5: Daws980 ($4.70 in chips) 
Seat 6: jerrew ($1.89 in chips) 
AAA_set_nh: posts small blind $0.01
Lorpugo: posts big blind $0.02
*** HOLE CARDS ***
Dealt to Lorpugo [7s Kd]
G.Gagnon6666: raises $0.04 to $0.06
Daws980: calls $0.06
jerrew: folds 
AAA_set_nh: folds 
Lorpugo: folds 
*** FLOP *** [8c 2d 3c]
G.Gagnon6666: checks 
Daws980: bets $0.07
G.Gagnon6666: calls $0.07
*** TURN *** [8c 2d 3c] [Qh]
G.Gagnon6666: checks 
Daws980: bets $0.14
G.Gagnon6666: folds 
Uncalled bet ($0.14) returned to Daws980
Daws980 collected $0.28 from pot
*** SUMMARY ***
Total pot $0.29 | Rake $0.01 
Board [8c 2d 3c Qh]
Seat 2: AAA_set_nh (small blind) folded before Flop
Seat 3: Lorpugo (big blind) folded before Flop
Seat 4: G.Gagnon6666 folded on the Turn
Seat 5: Daws980 collected ($0.28)
Seat 6: jerrew (button) folded before Flop (didn't bet)



PokerStars Hand #241316707240:  Hold'em No Limit ($0.01/$0.02 USD) - 2023/01/22 8:33:11 ET
Table 'Numerowia' 6-max Seat #2 is the button
Seat 2: AAA_set_nh ($2.81 in chips) 
Seat 3: Lorpugo ($1.45 in chips) 
Seat 4: G.Gagnon6666 ($3.77 in chips) 
Seat 5: Daws980 ($4.85 in chips) 
Seat 6: jerrew ($1.89 in chips) 
Lorpugo: posts small blind $0.01
G.Gagnon6666: posts big blind $0.02
*** HOLE CARDS ***
Dealt to Lorpugo [4d 3h]
Daws980: folds 
jerrew: raises $0.04 to $0.06
Zaqaa joins the table at seat #1 
AAA_set_nh: folds 
Lorpugo: folds 
G.Gagnon6666: calls $0.04
*** FLOP *** [Ah 4c 9d]
G.Gagnon6666: checks 
jerrew: bets $0.06
G.Gagnon6666: calls $0.06
*** TURN *** [Ah 4c 9d] [4s]
G.Gagnon6666: checks 
jerrew: bets $0.14
G.Gagnon6666: folds 
Uncalled bet ($0.14) returned to jerrew
jerrew collected $0.24 from pot
*** SUMMARY ***
Total pot $0.25 | Rake $0.01 
Board [Ah 4c 9d 4s]
Seat 2: AAA_set_nh (button) folded before Flop (didn't bet)
Seat 3: Lorpugo (small blind) folded before Flop
Seat 4: G.Gagnon6666 (big blind) folded on the Turn
Seat 5: Daws980 folded before Flop (didn't bet)
Seat 6: jerrew collected ($0.24)



PokerStars Hand #241316715721:  Hold'em No Limit ($0.01/$0.02 USD) - 2023/01/22 8:33:43 ET
Table 'Numerowia' 6-max Seat #3 is the button
Seat 2: AAA_set_nh ($2.81 in chips) 
Seat 3: Lorpugo ($1.44 in chips) 
Seat 4: G.Gagnon6666 ($3.65 in chips) 
Seat 5: Daws980 ($4.85 in chips) 
Seat 6: jerrew ($2.01 in chips) 
G.Gagnon6666: posts small blind $0.01
Daws980: posts big blind $0.02
*** HOLE CARDS ***
Dealt to Lorpugo [2c 9c]
jerrew: folds 
AAA_set_nh: raises $0.03 to $0.05
Lorpugo: folds 
G.Gagnon6666: calls $0.04
Daws980: folds 
*** FLOP *** [Kh 6s 3h]
G.Gagnon6666: checks 
AAA_set_nh: checks 
*** TURN *** [Kh 6s 3h] [2s]
G.Gagnon6666: checks 
AAA_set_nh: checks 
*** RIVER *** [Kh 6s 3h 2s] [4h]
G.Gagnon6666: checks 
AAA_set_nh: checks 
*** SHOW DOWN ***
G.Gagnon6666: shows [Ad Jh] (high card Ace)
AAA_set_nh: shows [Qc Ac] (high card Ace - King+Queen kicker)
AAA_set_nh collected $0.12 from pot
*** SUMMARY ***
Total pot $0.12 | Rake $0 
Board [Kh 6s 3h 2s 4h]
Seat 2: AAA_set_nh showed [Qc Ac] and won ($0.12) with high card Ace
Seat 3: Lorpugo (button) folded before Flop (didn't bet)
Seat 4: G.Gagnon6666 (small blind) showed [Ad Jh] and lost with high card Ace
Seat 5: Daws980 (big blind) folded before Flop
Seat 6: jerrew folded before Flop (didn't bet)



PokerStars Hand #241316726989:  Hold'em No Limit ($0.01/$0.02 USD) - 2023/01/22 8:34:26 ET
Table 'Numerowia' 6-max Seat #4 is the button
Seat 2: AAA_set_nh ($2.88 in chips) 
Seat 3: Lorpugo ($1.44 in chips) 
Seat 4: G.Gagnon6666 ($3.60 in chips) 
Seat 5: Daws980 ($4.83 in chips) 
Seat 6: jerrew ($2.01 in chips) 
Daws980: posts small blind $0.01
jerrew: posts big blind $0.02
*** HOLE CARDS ***
Dealt to Lorpugo [Qh Ah]
AAA_set_nh: folds 
Lorpugo: raises $0.03 to $0.05
G.Gagnon6666: folds 
G.Gagnon6666 leaves the table
Daws980: folds 
jerrew: folds 
Uncalled bet ($0.03) returned to Lorpugo
Lorpugo collected $0.05 from pot
Lorpugo: doesn't show hand 
*** SUMMARY ***
Total pot $0.05 | Rake $0 
Seat 2: AAA_set_nh folded before Flop (didn't bet)
Seat 3: Lorpugo collected ($0.05)
Seat 4: G.Gagnon6666 (button) folded before Flop (didn't bet)
Seat 5: Daws980 (small blind) folded before Flop
Seat 6: jerrew (big blind) folded before Flop



PokerStars Hand #241316734585:  Hold'em No Limit ($0.01/$0.02 USD) - 2023/01/22 8:34:55 ET
Table 'Numerowia' 6-max Seat #5 is the button
Seat 1: Zaqaa ($2 in chips) 
Seat 2: AAA_set_nh ($2.88 in chips) 
Seat 3: Lorpugo ($1.47 in chips) 
Seat 5: Daws980 ($4.82 in chips) 
Seat 6: jerrew ($1.99 in chips) 
jerrew: posts small blind $0.01
Zaqaa: posts big blind $0.02
*** HOLE CARDS ***
Dealt to Lorpugo [3h Kh]
AAA_set_nh: folds 
Lorpugo: folds 
Daws980: folds 
jerrew: folds 
Uncalled bet ($0.01) returned to Zaqaa
Zaqaa collected $0.02 from pot
Zaqaa: doesn't show hand 
*** SUMMARY ***
Total pot $0.02 | Rake $0 
Seat 1: Zaqaa (big blind) collected ($0.02)
Seat 2: AAA_set_nh folded before Flop (didn't bet)
Seat 3: Lorpugo folded before Flop (didn't bet)
Seat 5: Daws980 (button) folded before Flop (didn't bet)
Seat 6: jerrew (small blind) folded before Flop



PokerStars Hand #241316737875:  Hold'em No Limit ($0.01/$0.02 USD) - 2023/01/22 8:35:07 ET
Table 'Numerowia' 6-max Seat #6 is the button
Seat 1: Zaqaa ($2.01 in chips) 
Seat 2: AAA_set_nh ($2.88 in chips) 
Seat 3: Lorpugo ($1.47 in chips) 
Seat 5: Daws980 ($4.82 in chips) 
Seat 6: jerrew ($1.98 in chips) 
Zaqaa: posts small blind $0.01
AAA_set_nh: posts big blind $0.02
*** HOLE CARDS ***
Dealt to Lorpugo [9s Ad]
Lorpugo: raises $0.03 to $0.05
Daws980: folds 
jerrew: calls $0.05
Zaqaa: folds 
Bettyboop536 joins the table at seat #4 
AAA_set_nh: folds 
*** FLOP *** [2d 5c 4d]
Lorpugo: checks 
jerrew: checks 
*** TURN *** [2d 5c 4d] [7c]
Lorpugo: checks 
jerrew: checks 
*** RIVER *** [2d 5c 4d 7c] [8h]
Lorpugo: checks 
jerrew: bets $0.09
Lorpugo: folds 
Uncalled bet ($0.09) returned to jerrew
jerrew collected $0.13 from pot
*** SUMMARY ***
Total pot $0.13 | Rake $0 
Board [2d 5c 4d 7c 8h]
Seat 1: Zaqaa (small blind) folded before Flop
Seat 2: AAA_set_nh (big blind) folded before Flop
Seat 3: Lorpugo folded on the River
Seat 5: Daws980 folded before Flop (didn't bet)
Seat 6: jerrew (button) collected ($0.13)



PokerStars Hand #241316755105:  Hold'em No Limit ($0.01/$0.02 USD) - 2023/01/22 8:36:11 ET
Table 'Numerowia' 6-max Seat #1 is the button
Seat 1: Zaqaa ($2 in chips) 
Seat 2: AAA_set_nh ($2.86 in chips) 
Seat 3: Lorpugo ($1.42 in chips) 
Seat 4: Bettyboop536 ($2 in chips) 
Seat 5: Daws980 ($4.82 in chips) 
Seat 6: jerrew ($2.06 in chips) 
AAA_set_nh: posts small blind $0.01
Lorpugo: posts big blind $0.02
Bettyboop536: posts big blind $0.02
*** HOLE CARDS ***
Dealt to Lorpugo [9c 4s]
Bettyboop536: checks 
Daws980: folds 
jerrew: raises $0.04 to $0.06
Zaqaa: folds 
AAA_set_nh: folds 
Lorpugo: folds 
Bettyboop536: folds 
Uncalled bet ($0.04) returned to jerrew
jerrew collected $0.07 from pot
*** SUMMARY ***
Total pot $0.07 | Rake $0 
Seat 1: Zaqaa (button) folded before Flop (didn't bet)
Seat 2: AAA_set_nh (small blind) folded before Flop
Seat 3: Lorpugo (big blind) folded before Flop
Seat 4: Bettyboop536 folded before Flop (didn't bet)
Seat 5: Daws980 folded before Flop (didn't bet)
Seat 6: jerrew collected ($0.07)



PokerStars Hand #241316760621:  Hold'em No Limit ($0.01/$0.02 USD) - 2023/01/22 8:36:32 ET
Table 'Numerowia' 6-max Seat #2 is the button
Seat 1: Zaqaa ($2 in chips) 
Seat 2: AAA_set_nh ($2.85 in chips) 
Seat 3: Lorpugo ($1.40 in chips) 
Seat 4: Bettyboop536 ($1.98 in chips) 
Seat 5: Daws980 ($4.82 in chips) 
Seat 6: jerrew ($2.11 in chips) 
Lorpugo: posts small blind $0.01
Bettyboop536: posts big blind $0.02
*** HOLE CARDS ***
Dealt to Lorpugo [Qc 9c]
Daws980: folds 
jerrew: folds 
Zaqaa: folds 
AAA_set_nh: folds 
Lorpugo: raises $0.03 to $0.05
Bettyboop536: folds 
Uncalled bet ($0.03) returned to Lorpugo
Lorpugo collected $0.04 from pot
Lorpugo: doesn't show hand 
*** SUMMARY ***
Total pot $0.04 | Rake $0 
Seat 1: Zaqaa folded before Flop (didn't bet)
Seat 2: AAA_set_nh (button) folded before Flop (didn't bet)
Seat 3: Lorpugo (small blind) collected ($0.04)
Seat 4: Bettyboop536 (big blind) folded before Flop
Seat 5: Daws980 folded before Flop (didn't bet)
Seat 6: jerrew folded before Flop (didn't bet)



PokerStars Hand #241316764206:  Hold'em No Limit ($0.01/$0.02 USD) - 2023/01/22 8:36:45 ET
Table 'Numerowia' 6-max Seat #3 is the button
Seat 1: Zaqaa ($2 in chips) 
Seat 2: AAA_set_nh ($2.85 in chips) 
Seat 3: Lorpugo ($1.42 in chips) 
Seat 4: Bettyboop536 ($1.96 in chips) 
Seat 5: Daws980 ($4.82 in chips) 
Seat 6: jerrew ($2.11 in chips) 
Bettyboop536: posts small blind $0.01
Daws980: posts big blind $0.02
*** HOLE CARDS ***
Dealt to Lorpugo [Qs 2h]
jerrew: folds 
Zaqaa: folds 
AAA_set_nh: raises $0.03 to $0.05
Lorpugo: folds 
Bettyboop536: folds 
Daws980: folds 
Uncalled bet ($0.03) returned to AAA_set_nh
AAA_set_nh collected $0.05 from pot
AAA_set_nh: doesn't show hand 
*** SUMMARY ***
Total pot $0.05 | Rake $0 
Seat 1: Zaqaa folded before Flop (didn't bet)
Seat 2: AAA_set_nh collected ($0.05)
Seat 3: Lorpugo (button) folded before Flop (didn't bet)
Seat 4: Bettyboop536 (small blind) folded before Flop
Seat 5: Daws980 (big blind) folded before Flop
Seat 6: jerrew folded before Flop (didn't bet)



PokerStars Hand #241316770170:  Hold'em No Limit ($0.01/$0.02 USD) - 2023/01/22 8:37:07 ET
Table 'Numerowia' 6-max Seat #4 is the button
Seat 1: Zaqaa ($2 in chips) 
Seat 2: AAA_set_nh ($2.88 in chips) 
Seat 3: Lorpugo ($1.42 in chips) 
Seat 4: Bettyboop536 ($1.95 in chips) 
Seat 5: Daws980 ($4.80 in chips) 
Seat 6: jerrew ($2.11 in chips) 
Daws980: posts small blind $0.01
jerrew: posts big blind $0.02
*** HOLE CARDS ***
Dealt to Lorpugo [6h Qc]
Zaqaa: folds 
AAA_set_nh: folds 
Lorpugo: folds 
Bettyboop536: folds 
Daws980: folds 
Uncalled bet ($0.01) returned to jerrew
jerrew collected $0.02 from pot
*** SUMMARY ***
Total pot $0.02 | Rake $0 
Seat 1: Zaqaa folded before Flop (didn't bet)
Seat 2: AAA_set_nh folded before Flop (didn't bet)
Seat 3: Lorpugo folded before Flop (didn't bet)
Seat 4: Bettyboop536 (button) folded before Flop (didn't bet)
Seat 5: Daws980 (small blind) folded before Flop
Seat 6: jerrew (big blind) collected ($0.02)



PokerStars Hand #241316773316:  Hold'em No Limit ($0.01/$0.02 USD) - 2023/01/22 8:37:19 ET
Table 'Numerowia' 6-max Seat #5 is the button
Seat 1: Zaqaa ($2 in chips) 
Seat 2: AAA_set_nh ($2.88 in chips) 
Seat 3: Lorpugo ($1.42 in chips) 
Seat 4: Bettyboop536 ($1.95 in chips) 
Seat 5: Daws980 ($4.79 in chips) 
Seat 6: jerrew ($2.12 in chips) 
jerrew: posts small blind $0.01
Zaqaa: posts big blind $0.02
*** HOLE CARDS ***
Dealt to Lorpugo [Ac 3h]
AAA_set_nh: folds 
Lorpugo: folds 
Bettyboop536: calls $0.02
Daws980: raises $0.06 to $0.08
jerrew: folds 
Zaqaa: folds 
Bettyboop536: folds 
Uncalled bet ($0.06) returned to Daws980
Daws980 collected $0.07 from pot
Daws980: doesn't show hand 
*** SUMMARY ***
Total pot $0.07 | Rake $0 
Seat 1: Zaqaa (big blind) folded before Flop
Seat 2: AAA_set_nh folded before Flop (didn't bet)
Seat 3: Lorpugo folded before Flop (didn't bet)
Seat 4: Bettyboop536 folded before Flop
Seat 5: Daws980 (button) collected ($0.07)
Seat 6: jerrew (small blind) folded before Flop



PokerStars Hand #241316777313:  Hold'em No Limit ($0.01/$0.02 USD) - 2023/01/22 8:37:34 ET
Table 'Numerowia' 6-max Seat #6 is the button
Seat 1: Zaqaa ($2 in chips) 
Seat 2: AAA_set_nh ($2.88 in chips) 
Seat 3: Lorpugo ($1.42 in chips) 
Seat 4: Bettyboop536 ($1.93 in chips) 
Seat 5: Daws980 ($4.84 in chips) 
Seat 6: jerrew ($2.11 in chips) 
Zaqaa: posts small blind $0.01
AAA_set_nh: posts big blind $0.02
*** HOLE CARDS ***
Dealt to Lorpugo [7h 3h]
Lorpugo: folds 
Bettyboop536: folds 
Daws980: folds 
jerrew: folds 
Zaqaa: raises $0.04 to $0.06
AAA_set_nh: calls $0.04
*** FLOP *** [4d Qc Td]
Zaqaa: bets $0.04
AAA_set_nh: folds 
Uncalled bet ($0.04) returned to Zaqaa
Zaqaa collected $0.12 from pot
Zaqaa: doesn't show hand 
*** SUMMARY ***
Total pot $0.12 | Rake $0 
Board [4d Qc Td]
Seat 1: Zaqaa (small blind) collected ($0.12)
Seat 2: AAA_set_nh (big blind) folded on the Flop
Seat 3: Lorpugo folded before Flop (didn't bet)
Seat 4: Bettyboop536 folded before Flop (didn't bet)
Seat 5: Daws980 folded before Flop (didn't bet)
Seat 6: jerrew (button) folded before Flop (didn't bet)



PokerStars Hand #241316783256:  Hold'em No Limit ($0.01/$0.02 USD) - 2023/01/22 8:37:56 ET
Table 'Numerowia' 6-max Seat #1 is the button
Seat 1: Zaqaa ($2.06 in chips) 
Seat 2: AAA_set_nh ($2.82 in chips) 
Seat 3: Lorpugo ($1.42 in chips) 
Seat 4: Bettyboop536 ($1.93 in chips) 
Seat 5: Daws980 ($4.84 in chips) 
Seat 6: jerrew ($2.11 in chips) 
AAA_set_nh: posts small blind $0.01
Lorpugo: posts big blind $0.02
*** HOLE CARDS ***
Dealt to Lorpugo [6d Qd]
Bettyboop536: folds 
Daws980: raises $0.04 to $0.06
jerrew: folds 
Zaqaa: folds 
AAA_set_nh: folds 
Lorpugo: folds 
Uncalled bet ($0.04) returned to Daws980
Daws980 collected $0.05 from pot
Daws980: doesn't show hand 
*** SUMMARY ***
Total pot $0.05 | Rake $0 
Seat 1: Zaqaa (button) folded before Flop (didn't bet)
Seat 2: AAA_set_nh (small blind) folded before Flop
Seat 3: Lorpugo (big blind) folded before Flop
Seat 4: Bettyboop536 folded before Flop (didn't bet)
Seat 5: Daws980 collected ($0.05)
Seat 6: jerrew folded before Flop (didn't bet)



PokerStars Hand #241316788413:  Hold'em No Limit ($0.01/$0.02 USD) - 2023/01/22 8:38:15 ET
Table 'Numerowia' 6-max Seat #2 is the button
Seat 2: AAA_set_nh ($2.81 in chips) 
Seat 3: Lorpugo ($1.40 in chips) 
Seat 4: Bettyboop536 ($1.93 in chips) 
Seat 5: Daws980 ($4.87 in chips) 
Seat 6: jerrew ($2.11 in chips) 
Lorpugo: posts small blind $0.01
Bettyboop536: posts big blind $0.02
*** HOLE CARDS ***
Dealt to Lorpugo [Jc Jd]
Daws980: raises $0.04 to $0.06
jerrew: folds 
AAA_set_nh: folds 
Lorpugo: raises $0.14 to $0.20
Bettyboop536: folds 
Daws980: folds 
Uncalled bet ($0.14) returned to Lorpugo
Lorpugo collected $0.14 from pot
Lorpugo: doesn't show hand 
*** SUMMARY ***
Total pot $0.14 | Rake $0 
Seat 2: AAA_set_nh (button) folded before Flop (didn't bet)
Seat 3: Lorpugo (small blind) collected ($0.14)
Seat 4: Bettyboop536 (big blind) folded before Flop
Seat 5: Daws980 folded before Flop
Seat 6: jerrew folded before Flop (didn't bet)



PokerStars Hand #241316793494:  Hold'em No Limit ($0.01/$0.02 USD) - 2023/01/22 8:38:34 ET
Table 'Numerowia' 6-max Seat #3 is the button
Seat 2: AAA_set_nh ($2.81 in chips) 
Seat 3: Lorpugo ($1.48 in chips) 
Seat 4: Bettyboop536 ($1.91 in chips) 
Seat 5: Daws980 ($4.81 in chips) 
Seat 6: jerrew ($2.11 in chips) 
Bettyboop536: posts small blind $0.01
Daws980: posts big blind $0.02
*** HOLE CARDS ***
Dealt to Lorpugo [Ad 7c]
jerrew: raises $0.03 to $0.05
AAA_set_nh: folds 
Lorpugo: folds 
Bettyboop536: folds 
Daws980: calls $0.03
*** FLOP *** [Qh 9s 4h]
Daws980: checks 
Bettyboop536 leaves the table
jerrew: checks 
*** TURN *** [Qh 9s 4h] [3d]
Daws980: bets $0.06
Zaqaa leaves the table
jerrew: folds 
Uncalled bet ($0.06) returned to Daws980
Daws980 collected $0.11 from pot
Daws980: doesn't show hand 
*** SUMMARY ***
Total pot $0.11 | Rake $0 
Board [Qh 9s 4h 3d]
Seat 2: AAA_set_nh folded before Flop (didn't bet)
Seat 3: Lorpugo (button) folded before Flop (didn't bet)
Seat 4: Bettyboop536 (small blind) folded before Flop
Seat 5: Daws980 (big blind) collected ($0.11)
Seat 6: jerrew folded on the Turn



PokerStars Hand #241316806986:  Hold'em No Limit ($0.01/$0.02 USD) - 2023/01/22 8:39:24 ET
Table 'Numerowia' 6-max Seat #5 is the button
Seat 2: AAA_set_nh ($2.81 in chips) 
Seat 3: Lorpugo ($1.48 in chips) 
Seat 5: Daws980 ($4.87 in chips) 
Seat 6: jerrew ($2.06 in chips) 
jerrew: posts small blind $0.01
AAA_set_nh: posts big blind $0.02
*** HOLE CARDS ***
Dealt to Lorpugo [Th 3d]
Lorpugo: folds 
Daws980: raises $0.04 to $0.06
jerrew: folds 
AAA_set_nh: folds 
Uncalled bet ($0.04) returned to Daws980
Daws980 collected $0.05 from pot
Daws980: doesn't show hand 
*** SUMMARY ***
Total pot $0.05 | Rake $0 
Seat 2: AAA_set_nh (big blind) folded before Flop
Seat 3: Lorpugo folded before Flop (didn't bet)
Seat 5: Daws980 (button) collected ($0.05)
Seat 6: jerrew (small blind) folded before Flop



PokerStars Hand #241316809135:  Hold'em No Limit ($0.01/$0.02 USD) - 2023/01/22 8:39:32 ET
Table 'Numerowia' 6-max Seat #6 is the button
Seat 2: AAA_set_nh ($2.79 in chips) 
Seat 3: Lorpugo ($1.48 in chips) 
Seat 5: Daws980 ($4.90 in chips) 
Seat 6: jerrew ($2.05 in chips) 
AAA_set_nh: posts small blind $0.01
Lorpugo: posts big blind $0.02
*** HOLE CARDS ***
Dealt to Lorpugo [5d Kc]
Daws980: folds 
jerrew: folds 
AAA_set_nh: folds 
Uncalled bet ($0.01) returned to Lorpugo
Lorpugo collected $0.02 from pot
Lorpugo: doesn't show hand 
*** SUMMARY ***
Total pot $0.02 | Rake $0 
Seat 2: AAA_set_nh (small blind) folded before Flop
Seat 3: Lorpugo (big blind) collected ($0.02)
Seat 5: Daws980 folded before Flop (didn't bet)
Seat 6: jerrew (button) folded before Flop (didn't bet)



PokerStars Hand #241316811163:  Hold'em No Limit ($0.01/$0.02 USD) - 2023/01/22 8:39:40 ET
Table 'Numerowia' 6-max Seat #2 is the button
Seat 2: AAA_set_nh ($2.78 in chips) 
Seat 3: Lorpugo ($1.49 in chips) 
Seat 5: Daws980 ($4.90 in chips) 
Seat 6: jerrew ($2.05 in chips) 
Lorpugo: posts small blind $0.01
Daws980: posts big blind $0.02
*** HOLE CARDS ***
Dealt to Lorpugo [Th 3s]
jerrew: raises $0.02 to $0.04
AAA_set_nh: folds 
Lorpugo: folds 
Daws980: raises $0.02 to $0.06
jerrew: raises $0.06 to $0.12
Daws980: calls $0.06
*** FLOP *** [8c Td Js]
Daws980: checks 
jerrew: bets $0.12
Daws980: calls $0.12
*** TURN *** [8c Td Js] [7h]
cleanmatrix joins the table at seat #1 
Daws980: checks 
jerrew: bets $0.24
Daws980: calls $0.24
*** RIVER *** [8c Td Js 7h] [6s]
Daws980: checks 
jerrew: checks 
*** SHOW DOWN ***
Daws980: shows [7d 8d] (two pair, Eights and Sevens)
jerrew: mucks hand 
Daws980 collected $0.94 from pot
*** SUMMARY ***
Total pot $0.97 | Rake $0.03 
Board [8c Td Js 7h 6s]
Seat 2: AAA_set_nh (button) folded before Flop (didn't bet)
Seat 3: Lorpugo (small blind) folded before Flop
Seat 5: Daws980 (big blind) showed [7d 8d] and won ($0.94) with two pair, Eights and Sevens
Seat 6: jerrew mucked [Qc Qd]



PokerStars Hand #241316826567:  Hold'em No Limit ($0.01/$0.02 USD) - 2023/01/22 8:40:37 ET
Table 'Numerowia' 6-max Seat #3 is the button
Seat 2: AAA_set_nh ($2.78 in chips) 
Seat 3: Lorpugo ($1.48 in chips) 
Seat 5: Daws980 ($5.36 in chips) 
Seat 6: jerrew ($1.57 in chips) 
Daws980: posts small blind $0.01
jerrew: posts big blind $0.02
*** HOLE CARDS ***
Dealt to Lorpugo [4s Th]
AAA_set_nh: raises $0.03 to $0.05
Lorpugo: folds 
Daws980: calls $0.04
jerrew: folds 
*** FLOP *** [Jc Qc Jd]
Daws980: checks 
Striker691 joins the table at seat #4 
AAA_set_nh: checks 
*** TURN *** [Jc Qc Jd] [9c]
Daws980: bets $0.12
AAA_set_nh: folds 
Uncalled bet ($0.12) returned to Daws980
Daws980 collected $0.12 from pot
Daws980: doesn't show hand 
*** SUMMARY ***
Total pot $0.12 | Rake $0 
Board [Jc Qc Jd 9c]
Seat 2: AAA_set_nh folded on the Turn
Seat 3: Lorpugo (button) folded before Flop (didn't bet)
Seat 5: Daws980 (small blind) collected ($0.12)
Seat 6: jerrew (big blind) folded before Flop



PokerStars Hand #241316832462:  Hold'em No Limit ($0.01/$0.02 USD) - 2023/01/22 8:40:59 ET
Table 'Numerowia' 6-max Seat #5 is the button
Seat 1: cleanmatrix ($0.80 in chips) 
Seat 2: AAA_set_nh ($2.73 in chips) 
Seat 3: Lorpugo ($1.48 in chips) 
Seat 5: Daws980 ($5.43 in chips) 
Seat 6: jerrew ($1.55 in chips) 
jerrew: posts small blind $0.01
cleanmatrix: posts big blind $0.02
*** HOLE CARDS ***
Dealt to Lorpugo [6d Qh]
AAA_set_nh: raises $0.03 to $0.05
Lorpugo: folds 
Daws980: calls $0.05
jerrew: folds 
cleanmatrix: folds 
*** FLOP *** [2c 5d Ks]
AAA_set_nh: checks 
Daws980: bets $0.06
AAA_set_nh: folds 
Uncalled bet ($0.06) returned to Daws980
AAA_set_nh leaves the table
Daws980 collected $0.13 from pot
Daws980: doesn't show hand 
*** SUMMARY ***
Total pot $0.13 | Rake $0 
Board [2c 5d Ks]
Seat 1: cleanmatrix (big blind) folded before Flop
Seat 2: AAA_set_nh folded on the Flop
Seat 3: Lorpugo folded before Flop (didn't bet)
Seat 5: Daws980 (button) collected ($0.13)
Seat 6: jerrew (small blind) folded before Flop



PokerStars Hand #241316843600:  Hold'em No Limit ($0.01/$0.02 USD) - 2023/01/22 8:41:40 ET
Table 'Numerowia' 6-max Seat #6 is the button
Seat 1: cleanmatrix ($0.78 in chips) 
Seat 3: Lorpugo ($1.48 in chips) 
Seat 5: Daws980 ($5.51 in chips) 
Seat 6: jerrew ($1.54 in chips) 
cleanmatrix: posts small blind $0.01
Lorpugo: posts big blind $0.02
*** HOLE CARDS ***
Dealt to Lorpugo [8d Tc]
Daws980: folds 
jerrew: folds 
cleanmatrix: raises $0.02 to $0.04
Lorpugo: calls $0.02
*** FLOP *** [Ks Js 6h]
cleanmatrix: bets $0.04
Lorpugo: folds 
Uncalled bet ($0.04) returned to cleanmatrix
cleanmatrix collected $0.08 from pot
LongHart joins the table at seat #2 
*** SUMMARY ***
Total pot $0.08 | Rake $0 
Board [Ks Js 6h]
Seat 1: cleanmatrix (small blind) collected ($0.08)
Seat 3: Lorpugo (big blind) folded on the Flop
Seat 5: Daws980 folded before Flop (didn't bet)
Seat 6: jerrew (button) folded before Flop (didn't bet)



PokerStars Hand #241316850261:  Hold'em No Limit ($0.01/$0.02 USD) - 2023/01/22 8:42:05 ET
Table 'Numerowia' 6-max Seat #1 is the button
Seat 1: cleanmatrix ($0.82 in chips) 
Seat 3: Lorpugo ($1.44 in chips) 
Seat 4: Striker691 ($2 in chips) 
Seat 5: Daws980 ($5.51 in chips) 
Seat 6: jerrew ($1.54 in chips) 
Lorpugo: posts small blind $0.01
Striker691: posts big blind $0.02
*** HOLE CARDS ***
Dealt to Lorpugo [9h 7d]
Daws980: folds 
jerrew: folds 
cleanmatrix: folds 
Lorpugo: raises $0.03 to $0.05
Striker691: folds 
Uncalled bet ($0.03) returned to Lorpugo
Lorpugo collected $0.04 from pot
Lorpugo: doesn't show hand 
*** SUMMARY ***
Total pot $0.04 | Rake $0 
Seat 1: cleanmatrix (button) folded before Flop (didn't bet)
Seat 3: Lorpugo (small blind) collected ($0.04)
Seat 4: Striker691 (big blind) folded before Flop
Seat 5: Daws980 folded before Flop (didn't bet)
Seat 6: jerrew folded before Flop (didn't bet)



PokerStars Hand #241316853529:  Hold'em No Limit ($0.01/$0.02 USD) - 2023/01/22 8:42:17 ET
Table 'Numerowia' 6-max Seat #3 is the button
Seat 1: cleanmatrix ($0.82 in chips) 
Seat 3: Lorpugo ($1.46 in chips) 
Seat 4: Striker691 ($1.98 in chips) 
Seat 5: Daws980 ($5.51 in chips) 
Seat 6: jerrew ($1.54 in chips) 
Striker691: posts small blind $0.01
Daws980: posts big blind $0.02
*** HOLE CARDS ***
Dealt to Lorpugo [2c 7d]
jerrew: folds 
cleanmatrix: folds 
Lorpugo: folds 
Striker691: folds 
Uncalled bet ($0.01) returned to Daws980
Daws980 collected $0.02 from pot
Daws980: doesn't show hand 
*** SUMMARY ***
Total pot $0.02 | Rake $0 
Seat 1: cleanmatrix folded before Flop (didn't bet)
Seat 3: Lorpugo (button) folded before Flop (didn't bet)
Seat 4: Striker691 (small blind) folded before Flop
Seat 5: Daws980 (big blind) collected ($0.02)
Seat 6: jerrew folded before Flop (didn't bet)



PokerStars Hand #241316857664:  Hold'em No Limit ($0.01/$0.02 USD) - 2023/01/22 8:42:32 ET
Table 'Numerowia' 6-max Seat #4 is the button
Seat 1: cleanmatrix ($0.82 in chips) 
Seat 3: Lorpugo ($1.46 in chips) 
Seat 4: Striker691 ($1.97 in chips) 
Seat 5: Daws980 ($5.52 in chips) 
Seat 6: jerrew ($1.54 in chips) 
Daws980: posts small blind $0.01
jerrew: posts big blind $0.02
*** HOLE CARDS ***
Dealt to Lorpugo [As 9c]
cleanmatrix: folds 
Lorpugo: raises $0.03 to $0.05
Striker691: calls $0.05
Daws980: folds 
jerrew: folds 
*** FLOP *** [Ac 8h 8s]
Lorpugo: bets $0.04
Striker691: folds 
Uncalled bet ($0.04) returned to Lorpugo
Lorpugo collected $0.13 from pot
Lorpugo: doesn't show hand 
*** SUMMARY ***
Total pot $0.13 | Rake $0 
Board [Ac 8h 8s]
Seat 1: cleanmatrix folded before Flop (didn't bet)
Seat 3: Lorpugo collected ($0.13)
Seat 4: Striker691 (button) folded on the Flop
Seat 5: Daws980 (small blind) folded before Flop
Seat 6: jerrew (big blind) folded before Flop



PokerStars Hand #241316863105:  Hold'em No Limit ($0.01/$0.02 USD) - 2023/01/22 8:42:52 ET
Table 'Numerowia' 6-max Seat #5 is the button
Seat 1: cleanmatrix ($0.82 in chips) 
Seat 3: Lorpugo ($1.54 in chips) 
Seat 4: Striker691 ($1.92 in chips) 
Seat 5: Daws980 ($5.51 in chips) 
Seat 6: jerrew ($1.52 in chips) 
jerrew: posts small blind $0.01
cleanmatrix: posts big blind $0.02
*** HOLE CARDS ***
Dealt to Lorpugo [2s 7d]
Lorpugo: folds 
Striker691: folds 
Daws980: folds 
jerrew: folds 
Uncalled bet ($0.01) returned to cleanmatrix
cleanmatrix collected $0.02 from pot
*** SUMMARY ***
Total pot $0.02 | Rake $0 
Seat 1: cleanmatrix (big blind) collected ($0.02)
Seat 3: Lorpugo folded before Flop (didn't bet)
Seat 4: Striker691 folded before Flop (didn't bet)
Seat 5: Daws980 (button) folded before Flop (didn't bet)
Seat 6: jerrew (small blind) folded before Flop



PokerStars Hand #241316865057:  Hold'em No Limit ($0.01/$0.02 USD) - 2023/01/22 8:42:59 ET
Table 'Numerowia' 6-max Seat #6 is the button
Seat 1: cleanmatrix ($0.83 in chips) 
Seat 2: LongHart ($2 in chips) 
Seat 3: Lorpugo ($1.54 in chips) 
Seat 4: Striker691 ($1.92 in chips) 
Seat 5: Daws980 ($5.51 in chips) 
Seat 6: jerrew ($1.51 in chips) 
cleanmatrix: posts small blind $0.01
LongHart: posts big blind $0.02
*** HOLE CARDS ***
Dealt to Lorpugo [4s 6d]
Lorpugo: folds 
Striker691: folds 
Daws980: raises $0.04 to $0.06
jerrew: calls $0.06
cleanmatrix: folds 
LongHart: raises $0.19 to $0.25
Daws980: folds 
jerrew: folds 
Uncalled bet ($0.19) returned to LongHart
LongHart collected $0.19 from pot
LongHart: doesn't show hand 
*** SUMMARY ***
Total pot $0.19 | Rake $0 
Seat 1: cleanmatrix (small blind) folded before Flop
Seat 2: LongHart (big blind) collected ($0.19)
Seat 3: Lorpugo folded before Flop (didn't bet)
Seat 4: Striker691 folded before Flop (didn't bet)
Seat 5: Daws980 folded before Flop
Seat 6: jerrew (button) folded before Flop



PokerStars Hand #241316873870:  Hold'em No Limit ($0.01/$0.02 USD) - 2023/01/22 8:43:32 ET
Table 'Numerowia' 6-max Seat #1 is the button
Seat 1: cleanmatrix ($0.82 in chips) 
Seat 2: LongHart ($2.13 in chips) 
Seat 3: Lorpugo ($1.54 in chips) 
Seat 4: Striker691 ($1.92 in chips) 
Seat 5: Daws980 ($5.45 in chips) 
Seat 6: jerrew ($1.45 in chips) 
LongHart: posts small blind $0.01
Lorpugo: posts big blind $0.02
*** HOLE CARDS ***
Dealt to Lorpugo [Js Kc]
Striker691: folds 
Daws980: folds 
jerrew: folds 
cleanmatrix: raises $0.02 to $0.04
LongHart: folds 
Lorpugo: calls $0.02
*** FLOP *** [6c 4h 6s]
Lorpugo: checks 
cleanmatrix: checks 
*** TURN *** [6c 4h 6s] [4s]
Lorpugo: bets $0.06
cleanmatrix: folds 
Uncalled bet ($0.06) returned to Lorpugo
Lorpugo collected $0.09 from pot
Lorpugo: doesn't show hand 
*** SUMMARY ***
Total pot $0.09 | Rake $0 
Board [6c 4h 6s 4s]
Seat 1: cleanmatrix (button) folded on the Turn
Seat 2: LongHart (small blind) folded before Flop
Seat 3: Lorpugo (big blind) collected ($0.09)
Seat 4: Striker691 folded before Flop (didn't bet)
Seat 5: Daws980 folded before Flop (didn't bet)
Seat 6: jerrew folded before Flop (didn't bet)



PokerStars Hand #241316882101:  Hold'em No Limit ($0.01/$0.02 USD) - 2023/01/22 8:44:02 ET
Table 'Numerowia' 6-max Seat #2 is the button
Seat 1: cleanmatrix ($0.78 in chips) 
Seat 2: LongHart ($2.12 in chips) 
Seat 3: Lorpugo ($1.59 in chips) 
Seat 4: Striker691 ($1.92 in chips) 
Seat 5: Daws980 ($5.45 in chips) 
Seat 6: jerrew ($1.45 in chips) 
Lorpugo: posts small blind $0.01
Striker691: posts big blind $0.02
*** HOLE CARDS ***
Dealt to Lorpugo [Ks 9h]
Daws980: folds 
jerrew: folds 
cleanmatrix: calls $0.02
LongHart: calls $0.02
Lorpugo: calls $0.01
Striker691: checks 
*** FLOP *** [7h 8h Td]
Lorpugo: checks 
Striker691: checks 
cleanmatrix: bets $0.02
LongHart: calls $0.02
Lorpugo: calls $0.02
Striker691: folds 
*** TURN *** [7h 8h Td] [9s]
Lorpugo: checks 
cleanmatrix: bets $0.07
LongHart: folds 
Lorpugo: folds 
Uncalled bet ($0.07) returned to cleanmatrix
cleanmatrix collected $0.14 from pot
*** SUMMARY ***
Total pot $0.14 | Rake $0 
Board [7h 8h Td 9s]
Seat 1: cleanmatrix collected ($0.14)
Seat 2: LongHart (button) folded on the Turn
Seat 3: Lorpugo (small blind) folded on the Turn
Seat 4: Striker691 (big blind) folded on the Flop
Seat 5: Daws980 folded before Flop (didn't bet)
Seat 6: jerrew folded before Flop (didn't bet)



PokerStars Hand #241316895412:  Hold'em No Limit ($0.01/$0.02 USD) - 2023/01/22 8:44:51 ET
Table 'Numerowia' 6-max Seat #3 is the button
Seat 1: cleanmatrix ($0.88 in chips) 
Seat 2: LongHart ($2.08 in chips) 
Seat 3: Lorpugo ($1.55 in chips) 
Seat 4: Striker691 ($1.90 in chips) 
Seat 5: Daws980 ($5.45 in chips) 
Seat 6: jerrew ($1.45 in chips) 
Striker691: posts small blind $0.01
Daws980: posts big blind $0.02
*** HOLE CARDS ***
Dealt to Lorpugo [5d Js]
jerrew: folds 
cleanmatrix: folds 
LongHart: raises $0.04 to $0.06
Lorpugo: folds 
Striker691: calls $0.05
Daws980: calls $0.04
*** FLOP *** [6d 6c 4s]
Striker691: checks 
Daws980: bets $0.08
LongHart: calls $0.08
Striker691: folds 
*** TURN *** [6d 6c 4s] [6h]
Daws980: checks 
LongHart: checks 
*** RIVER *** [6d 6c 4s 6h] [Ks]
Daws980: bets $0.10
LongHart: calls $0.10
*** SHOW DOWN ***
Daws980: shows [5c 5h] (a full house, Sixes full of Fives)
LongHart: mucks hand 
Daws980 collected $0.52 from pot
*** SUMMARY ***
Total pot $0.54 | Rake $0.02 
Board [6d 6c 4s 6h Ks]
Seat 1: cleanmatrix folded before Flop (didn't bet)
Seat 2: LongHart mucked [Ah Th]
Seat 3: Lorpugo (button) folded before Flop (didn't bet)
Seat 4: Striker691 (small blind) folded on the Flop
Seat 5: Daws980 (big blind) showed [5c 5h] and won ($0.52) with a full house, Sixes full of Fives
Seat 6: jerrew folded before Flop (didn't bet)



PokerStars Hand #241316908011:  Hold'em No Limit ($0.01/$0.02 USD) - 2023/01/22 8:45:37 ET
Table 'Numerowia' 6-max Seat #4 is the button
Seat 1: cleanmatrix ($0.88 in chips) 
Seat 2: LongHart ($1.84 in chips) 
Seat 3: Lorpugo ($1.55 in chips) 
Seat 4: Striker691 ($1.84 in chips) 
Seat 5: Daws980 ($5.73 in chips) 
Seat 6: jerrew ($1.45 in chips) 
Daws980: posts small blind $0.01
jerrew: posts big blind $0.02
*** HOLE CARDS ***
Dealt to Lorpugo [8d Jh]
cleanmatrix: folds 
LongHart: raises $0.04 to $0.06
Lorpugo: folds 
Striker691: folds 
Daws980: calls $0.05
jerrew: calls $0.04
*** FLOP *** [5c Kd 2c]
Daws980: checks 
jerrew: checks 
LongHart: bets $0.09
Daws980: folds 
jerrew: calls $0.09
*** TURN *** [5c Kd 2c] [9s]
jerrew: checks 
LongHart: checks 
*** RIVER *** [5c Kd 2c 9s] [8h]
jerrew: checks 
LongHart: checks 
*** SHOW DOWN ***
jerrew: shows [Jc 9c] (a pair of Nines)
LongHart: mucks hand 
jerrew collected $0.35 from pot
*** SUMMARY ***
Total pot $0.36 | Rake $0.01 
Board [5c Kd 2c 9s 8h]
Seat 1: cleanmatrix folded before Flop (didn't bet)
Seat 2: LongHart mucked [6d 5d]
Seat 3: Lorpugo folded before Flop (didn't bet)
Seat 4: Striker691 (button) folded before Flop (didn't bet)
Seat 5: Daws980 (small blind) folded on the Flop
Seat 6: jerrew (big blind) showed [Jc 9c] and won ($0.35) with a pair of Nines



PokerStars Hand #241316921462:  Hold'em No Limit ($0.01/$0.02 USD) - 2023/01/22 8:46:26 ET
Table 'Numerowia' 6-max Seat #5 is the button
Seat 1: cleanmatrix ($0.88 in chips) 
Seat 2: LongHart ($1.69 in chips) 
Seat 3: Lorpugo ($1.55 in chips) 
Seat 4: Striker691 ($1.84 in chips) 
Seat 5: Daws980 ($5.67 in chips) 
Seat 6: jerrew ($1.65 in chips) 
jerrew: posts small blind $0.01
cleanmatrix: posts big blind $0.02
*** HOLE CARDS ***
Dealt to Lorpugo [Ks Jh]
LongHart: folds 
Lorpugo: raises $0.03 to $0.05
Striker691: calls $0.05
Daws980: folds 
jerrew: calls $0.04
cleanmatrix: folds 
*** FLOP *** [Qs Kc 8d]
jerrew: checks 
Lorpugo: bets $0.11
Striker691: folds 
jerrew: folds 
Uncalled bet ($0.11) returned to Lorpugo
Lorpugo collected $0.16 from pot
Lorpugo: doesn't show hand 
*** SUMMARY ***
Total pot $0.17 | Rake $0.01 
Board [Qs Kc 8d]
Seat 1: cleanmatrix (big blind) folded before Flop
Seat 2: LongHart folded before Flop (didn't bet)
Seat 3: Lorpugo collected ($0.16)
Seat 4: Striker691 folded on the Flop
Seat 5: Daws980 (button) folded before Flop (didn't bet)
Seat 6: jerrew (small blind) folded on the Flop



PokerStars Hand #241316931942:  Hold'em No Limit ($0.01/$0.02 USD) - 2023/01/22 8:47:04 ET
Table 'Numerowia' 6-max Seat #6 is the button
Seat 1: cleanmatrix ($0.86 in chips) 
Seat 2: LongHart ($1.69 in chips) 
Seat 3: Lorpugo ($1.66 in chips) 
Seat 4: Striker691 ($1.79 in chips) 
Seat 5: Daws980 ($5.67 in chips) 
Seat 6: jerrew ($1.60 in chips) 
cleanmatrix: posts small blind $0.01
LongHart: posts big blind $0.02
*** HOLE CARDS ***
Dealt to Lorpugo [9s 3h]
Lorpugo: folds 
Striker691: folds 
Daws980: folds 
jerrew: folds 
cleanmatrix: folds 
Uncalled bet ($0.01) returned to LongHart
LongHart collected $0.02 from pot
LongHart: doesn't show hand 
*** SUMMARY ***
Total pot $0.02 | Rake $0 
Seat 1: cleanmatrix (small blind) folded before Flop
Seat 2: LongHart (big blind) collected ($0.02)
Seat 3: Lorpugo folded before Flop (didn't bet)
Seat 4: Striker691 folded before Flop (didn't bet)
Seat 5: Daws980 folded before Flop (didn't bet)
Seat 6: jerrew (button) folded before Flop (didn't bet)



PokerStars Hand #241316934600:  Hold'em No Limit ($0.01/$0.02 USD) - 2023/01/22 8:47:14 ET
Table 'Numerowia' 6-max Seat #1 is the button
Seat 1: cleanmatrix ($0.85 in chips) 
Seat 2: LongHart ($1.70 in chips) 
Seat 3: Lorpugo ($1.66 in chips) 
Seat 4: Striker691 ($1.79 in chips) 
Seat 5: Daws980 ($5.67 in chips) 
Seat 6: jerrew ($1.60 in chips) 
LongHart: posts small blind $0.01
Lorpugo: posts big blind $0.02
*** HOLE CARDS ***
Dealt to Lorpugo [3d 8h]
Striker691: raises $0.04 to $0.06
Daws980: calls $0.06
jerrew: folds 
cleanmatrix: folds 
LongHart: folds 
Lorpugo: folds 
*** FLOP *** [Qc 9c Qs]
Striker691: checks 
Daws980: checks 
*** TURN *** [Qc 9c Qs] [4h]
Striker691: bets $0.08
Daws980: calls $0.08
*** RIVER *** [Qc 9c Qs 4h] [8c]
Striker691: bets $0.18
Daws980: folds 
Uncalled bet ($0.18) returned to Striker691
Striker691 collected $0.30 from pot
Striker691: doesn't show hand 
*** SUMMARY ***
Total pot $0.31 | Rake $0.01 
Board [Qc 9c Qs 4h 8c]
Seat 1: cleanmatrix (button) folded before Flop (didn't bet)
Seat 2: LongHart (small blind) folded before Flop
Seat 3: Lorpugo (big blind) folded before Flop
Seat 4: Striker691 collected ($0.30)
Seat 5: Daws980 folded on the River
Seat 6: jerrew folded before Flop (didn't bet)



PokerStars Hand #241316946000:  Hold'em No Limit ($0.01/$0.02 USD) - 2023/01/22 8:47:56 ET
Table 'Numerowia' 6-max Seat #2 is the button
Seat 1: cleanmatrix ($0.85 in chips) 
Seat 2: LongHart ($1.69 in chips) 
Seat 3: Lorpugo ($1.64 in chips) 
Seat 4: Striker691 ($1.95 in chips) 
Seat 5: Daws980 ($5.53 in chips) 
Seat 6: jerrew ($1.60 in chips) 
Lorpugo: posts small blind $0.01
Striker691: posts big blind $0.02
*** HOLE CARDS ***
Dealt to Lorpugo [5s 3d]
Daws980: raises $0.04 to $0.06
jerrew: folds 
cleanmatrix: folds 
LongHart: folds 
Lorpugo: folds 
Striker691: calls $0.04
*** FLOP *** [5h 3s 3h]
Striker691: checks 
Daws980: checks 
*** TURN *** [5h 3s 3h] [Qc]
Striker691: checks 
Daws980: bets $0.07
Striker691: folds 
Uncalled bet ($0.07) returned to Daws980
Daws980 collected $0.13 from pot
Daws980: doesn't show hand 
*** SUMMARY ***
Total pot $0.13 | Rake $0 
Board [5h 3s 3h Qc]
Seat 1: cleanmatrix folded before Flop (didn't bet)
Seat 2: LongHart (button) folded before Flop (didn't bet)
Seat 3: Lorpugo (small blind) folded before Flop
Seat 4: Striker691 (big blind) folded on the Turn
Seat 5: Daws980 collected ($0.13)
Seat 6: jerrew folded before Flop (didn't bet)



PokerStars Hand #241316952740:  Hold'em No Limit ($0.01/$0.02 USD) - 2023/01/22 8:48:21 ET
Table 'Numerowia' 6-max Seat #3 is the button
Seat 1: cleanmatrix ($0.85 in chips) 
Seat 2: LongHart ($1.69 in chips) 
Seat 3: Lorpugo ($1.63 in chips) 
Seat 4: Striker691 ($1.89 in chips) 
Seat 5: Daws980 ($5.60 in chips) 
Seat 6: jerrew ($1.60 in chips) 
Striker691: posts small blind $0.01
Daws980: posts big blind $0.02
*** HOLE CARDS ***
Dealt to Lorpugo [8c Td]
jerrew: folds 
cleanmatrix: calls $0.02
LongHart: calls $0.02
Lorpugo: calls $0.02
Striker691: raises $0.08 to $0.10
Daws980: folds 
cleanmatrix: folds 
LongHart: folds 
Lorpugo: folds 
Uncalled bet ($0.08) returned to Striker691
Striker691 collected $0.10 from pot
Striker691: doesn't show hand 
*** SUMMARY ***
Total pot $0.10 | Rake $0 
Seat 1: cleanmatrix folded before Flop
Seat 2: LongHart folded before Flop
Seat 3: Lorpugo (button) folded before Flop
Seat 4: Striker691 (small blind) collected ($0.10)
Seat 5: Daws980 (big blind) folded before Flop
Seat 6: jerrew folded before Flop (didn't bet)



PokerStars Hand #241316959710:  Hold'em No Limit ($0.01/$0.02 USD) - 2023/01/22 8:48:46 ET
Table 'Numerowia' 6-max Seat #4 is the button
Seat 1: cleanmatrix ($0.83 in chips) 
Seat 2: LongHart ($1.67 in chips) 
Seat 3: Lorpugo ($1.61 in chips) 
Seat 4: Striker691 ($1.97 in chips) 
Seat 5: Daws980 ($5.58 in chips) 
Seat 6: jerrew ($1.60 in chips) 
Daws980: posts small blind $0.01
jerrew: posts big blind $0.02
*** HOLE CARDS ***
Dealt to Lorpugo [Ks 7s]
cleanmatrix: folds 
LongHart: folds 
Lorpugo: raises $0.03 to $0.05
Striker691: raises $0.11 to $0.16
Daws980: folds 
jerrew: folds 
Lorpugo: folds 
Uncalled bet ($0.11) returned to Striker691
Striker691 collected $0.13 from pot
Striker691: doesn't show hand 
*** SUMMARY ***
Total pot $0.13 | Rake $0 
Seat 1: cleanmatrix folded before Flop (didn't bet)
Seat 2: LongHart folded before Flop (didn't bet)
Seat 3: Lorpugo folded before Flop
Seat 4: Striker691 (button) collected ($0.13)
Seat 5: Daws980 (small blind) folded before Flop
Seat 6: jerrew (big blind) folded before Flop



PokerStars Hand #241316968866:  Hold'em No Limit ($0.01/$0.02 USD) - 2023/01/22 8:49:20 ET
Table 'Numerowia' 6-max Seat #5 is the button
Seat 1: cleanmatrix ($0.83 in chips) 
Seat 2: LongHart ($1.67 in chips) 
Seat 3: Lorpugo ($1.56 in chips) 
Seat 4: Striker691 ($2.05 in chips) 
Seat 5: Daws980 ($5.57 in chips) 
Seat 6: jerrew ($1.58 in chips) 
jerrew: posts small blind $0.01
cleanmatrix: posts big blind $0.02
*** HOLE CARDS ***
Dealt to Lorpugo [9h 7d]
LongHart: folds 
Lorpugo: folds 
Striker691: folds 
Daws980: folds 
jerrew: folds 
Uncalled bet ($0.01) returned to cleanmatrix
cleanmatrix collected $0.02 from pot
*** SUMMARY ***
Total pot $0.02 | Rake $0 
Seat 1: cleanmatrix (big blind) collected ($0.02)
Seat 2: LongHart folded before Flop (didn't bet)
Seat 3: Lorpugo folded before Flop (didn't bet)
Seat 4: Striker691 folded before Flop (didn't bet)
Seat 5: Daws980 (button) folded before Flop (didn't bet)
Seat 6: jerrew (small blind) folded before Flop



PokerStars Hand #241316973116:  Hold'em No Limit ($0.01/$0.02 USD) - 2023/01/22 8:49:36 ET
Table 'Numerowia' 6-max Seat #6 is the button
Seat 1: cleanmatrix ($0.84 in chips) 
Seat 2: LongHart ($1.67 in chips) 
Seat 3: Lorpugo ($1.56 in chips) 
Seat 4: Striker691 ($2.05 in chips) 
Seat 5: Daws980 ($5.57 in chips) 
Seat 6: jerrew ($1.57 in chips) 
cleanmatrix: posts small blind $0.01
LongHart: posts big blind $0.02
*** HOLE CARDS ***
Dealt to Lorpugo [6h 5d]
Lorpugo: folds 
Striker691: raises $0.04 to $0.06
Daws980: folds 
jerrew: folds 
cleanmatrix: folds 
LongHart: folds 
Uncalled bet ($0.04) returned to Striker691
Striker691 collected $0.05 from pot
Striker691: doesn't show hand 
*** SUMMARY ***
Total pot $0.05 | Rake $0 
Seat 1: cleanmatrix (small blind) folded before Flop
Seat 2: LongHart (big blind) folded before Flop
Seat 3: Lorpugo folded before Flop (didn't bet)
Seat 4: Striker691 collected ($0.05)
Seat 5: Daws980 folded before Flop (didn't bet)
Seat 6: jerrew (button) folded before Flop (didn't bet)



PokerStars Hand #241316976307:  Hold'em No Limit ($0.01/$0.02 USD) - 2023/01/22 8:49:47 ET
Table 'Numerowia' 6-max Seat #1 is the button
Seat 1: cleanmatrix ($0.83 in chips) 
Seat 2: LongHart ($1.65 in chips) 
Seat 3: Lorpugo ($1.56 in chips) 
Seat 4: Striker691 ($2.08 in chips) 
Seat 5: Daws980 ($5.57 in chips) 
Seat 6: jerrew ($1.57 in chips) 
LongHart: posts small blind $0.01
Lorpugo: posts big blind $0.02
*** HOLE CARDS ***
Dealt to Lorpugo [4d 2d]
Striker691: raises $0.04 to $0.06
Daws980: folds 
jerrew: folds 
cleanmatrix: calls $0.06
LongHart: folds 
Lorpugo: calls $0.04
*** FLOP *** [Ah 8h 8s]
Lorpugo: checks 
Striker691: checks 
cleanmatrix: bets $0.09
Lorpugo: folds 
Striker691: folds 
Uncalled bet ($0.09) returned to cleanmatrix
cleanmatrix collected $0.18 from pot
*** SUMMARY ***
Total pot $0.19 | Rake $0.01 
Board [Ah 8h 8s]
Seat 1: cleanmatrix (button) collected ($0.18)
Seat 2: LongHart (small blind) folded before Flop
Seat 3: Lorpugo (big blind) folded on the Flop
Seat 4: Striker691 folded on the Flop
Seat 5: Daws980 folded before Flop (didn't bet)
Seat 6: jerrew folded before Flop (didn't bet)



PokerStars Hand #241316986741:  Hold'em No Limit ($0.01/$0.02 USD) - 2023/01/22 8:50:26 ET
Table 'Numerowia' 6-max Seat #2 is the button
Seat 1: cleanmatrix ($0.95 in chips) 
Seat 2: LongHart ($1.64 in chips) 
Seat 3: Lorpugo ($1.50 in chips) 
Seat 4: Striker691 ($2.02 in chips) 
Seat 5: Daws980 ($5.57 in chips) 
Seat 6: jerrew ($1.57 in chips) 
Lorpugo: posts small blind $0.01
Striker691: posts big blind $0.02
*** HOLE CARDS ***
Dealt to Lorpugo [9s 4h]
Daws980: folds 
jerrew: folds 
cleanmatrix: calls $0.02
LongHart: calls $0.02
Lorpugo: folds 
Striker691: checks 
*** FLOP *** [3s Tc 5c]
Striker691: checks 
cleanmatrix: checks 
LongHart: checks 
*** TURN *** [3s Tc 5c] [Qc]
Striker691: checks 
cleanmatrix: checks 
LongHart: bets $0.04
Striker691: folds 
cleanmatrix: folds 
Uncalled bet ($0.04) returned to LongHart
LongHart collected $0.07 from pot
LongHart: doesn't show hand 
*** SUMMARY ***
Total pot $0.07 | Rake $0 
Board [3s Tc 5c Qc]
Seat 1: cleanmatrix folded on the Turn
Seat 2: LongHart (button) collected ($0.07)
Seat 3: Lorpugo (small blind) folded before Flop
Seat 4: Striker691 (big blind) folded on the Turn
Seat 5: Daws980 folded before Flop (didn't bet)
Seat 6: jerrew folded before Flop (didn't bet)



PokerStars Hand #241317000296:  Hold'em No Limit ($0.01/$0.02 USD) - 2023/01/22 8:51:16 ET
Table 'Numerowia' 6-max Seat #3 is the button
Seat 1: cleanmatrix ($0.93 in chips) 
Seat 2: LongHart ($1.69 in chips) 
Seat 3: Lorpugo ($1.49 in chips) 
Seat 4: Striker691 ($2 in chips) 
Seat 5: Daws980 ($5.57 in chips) 
Seat 6: jerrew ($1.57 in chips) 
Striker691: posts small blind $0.01
Daws980: posts big blind $0.02
*** HOLE CARDS ***
Dealt to Lorpugo [7c Kh]
jerrew has timed out
jerrew: folds 
cleanmatrix: folds 
LongHart: raises $0.04 to $0.06
Lorpugo: folds 
Striker691: calls $0.05
Daws980: folds 
*** FLOP *** [2s Ad Ts]
Striker691: bets $0.08
LongHart: calls $0.08
*** TURN *** [2s Ad Ts] [9d]
Striker691: bets $0.17
LongHart: raises $0.32 to $0.49
Striker691: calls $0.32
*** RIVER *** [2s Ad Ts 9d] [6h]
Striker691: checks 
LongHart: bets $0.62
Striker691: calls $0.62
*** SHOW DOWN ***
LongHart: shows [Ah 9h] (two pair, Aces and Nines)
Striker691: shows [9c As] (two pair, Aces and Nines)
Striker691 collected $1.22 from pot
LongHart collected $1.21 from pot
*** SUMMARY ***
Total pot $2.52 | Rake $0.09 
Board [2s Ad Ts 9d 6h]
Seat 1: cleanmatrix folded before Flop (didn't bet)
Seat 2: LongHart showed [Ah 9h] and won ($1.21) with two pair, Aces and Nines
Seat 3: Lorpugo (button) folded before Flop (didn't bet)
Seat 4: Striker691 (small blind) showed [9c As] and won ($1.22) with two pair, Aces and Nines
Seat 5: Daws980 (big blind) folded before Flop
Seat 6: jerrew folded before Flop (didn't bet)



PokerStars Hand #241317018206:  Hold'em No Limit ($0.01/$0.02 USD) - 2023/01/22 8:52:22 ET
Table 'Numerowia' 6-max Seat #4 is the button
Seat 1: cleanmatrix ($0.93 in chips) 
Seat 2: LongHart ($1.65 in chips) 
Seat 3: Lorpugo ($1.49 in chips) 
Seat 4: Striker691 ($1.97 in chips) 
Seat 5: Daws980 ($5.55 in chips) 
Seat 6: jerrew ($1.57 in chips) 
Daws980: posts small blind $0.01
jerrew: posts big blind $0.02
*** HOLE CARDS ***
Dealt to Lorpugo [7s 9c]
cleanmatrix: folds 
LongHart: raises $0.04 to $0.06
Lorpugo: folds 
Striker691: folds 
Daws980: folds 
jerrew: calls $0.04
*** FLOP *** [2d 3s 8h]
jerrew: checks 
LongHart: checks 
*** TURN *** [2d 3s 8h] [4d]
jerrew: checks 
LongHart: bets $0.07
jerrew: calls $0.07
*** RIVER *** [2d 3s 8h 4d] [4s]
jerrew: bets $0.08
LongHart: calls $0.08
*** SHOW DOWN ***
jerrew: shows [5s Ah] (a straight, Ace to Five)
LongHart: mucks hand 
jerrew collected $0.41 from pot
*** SUMMARY ***
Total pot $0.43 | Rake $0.02 
Board [2d 3s 8h 4d 4s]
Seat 1: cleanmatrix folded before Flop (didn't bet)
Seat 2: LongHart mucked [Kd Ac]
Seat 3: Lorpugo folded before Flop (didn't bet)
Seat 4: Striker691 (button) folded before Flop (didn't bet)
Seat 5: Daws980 (small blind) folded before Flop
Seat 6: jerrew (big blind) showed [5s Ah] and won ($0.41) with a straight, Ace to Five



PokerStars Hand #241317030791:  Hold'em No Limit ($0.01/$0.02 USD) - 2023/01/22 8:53:09 ET
Table 'Numerowia' 6-max Seat #5 is the button
Seat 1: cleanmatrix ($0.93 in chips) 
Seat 2: LongHart ($1.44 in chips) 
Seat 3: Lorpugo ($1.49 in chips) 
Seat 4: Striker691 ($1.97 in chips) 
Seat 5: Daws980 ($5.54 in chips) 
Seat 6: jerrew ($1.77 in chips) 
jerrew: posts small blind $0.01
cleanmatrix: posts big blind $0.02
*** HOLE CARDS ***
Dealt to Lorpugo [Js 9c]
LongHart: raises $0.04 to $0.06
Lorpugo: folds 
Striker691: folds 
Daws980: calls $0.06
jerrew: calls $0.05
cleanmatrix: folds 
*** FLOP *** [7c 8d 6d]
jerrew: checks 
LongHart: checks 
Daws980: checks 
*** TURN *** [7c 8d 6d] [4s]
jerrew: checks 
LongHart: bets $0.10
Daws980: folds 
jerrew: raises $0.16 to $0.26
LongHart: calls $0.16
*** RIVER *** [7c 8d 6d 4s] [Qd]
jerrew: bets $0.52
LongHart: folds 
Uncalled bet ($0.52) returned to jerrew
jerrew collected $0.69 from pot
*** SUMMARY ***
Total pot $0.72 | Rake $0.03 
Board [7c 8d 6d 4s Qd]
Seat 1: cleanmatrix (big blind) folded before Flop
Seat 2: LongHart folded on the River
Seat 3: Lorpugo folded before Flop (didn't bet)
Seat 4: Striker691 folded before Flop (didn't bet)
Seat 5: Daws980 (button) folded on the Turn
Seat 6: jerrew (small blind) collected ($0.69)



PokerStars Hand #241317048660:  Hold'em No Limit ($0.01/$0.02 USD) - 2023/01/22 8:54:15 ET
Table 'Numerowia' 6-max Seat #6 is the button
Seat 1: cleanmatrix ($0.91 in chips) 
Seat 2: LongHart ($1.12 in chips) 
Seat 3: Lorpugo ($1.49 in chips) 
Seat 4: Striker691 ($1.97 in chips) 
Seat 5: Daws980 ($5.48 in chips) 
Seat 6: jerrew ($2.14 in chips) 
cleanmatrix: posts small blind $0.01
LongHart: posts big blind $0.02
*** HOLE CARDS ***
Dealt to Lorpugo [Ts Kc]
Lorpugo: folds 
Striker691: folds 
Daws980: folds 
jerrew: folds 
cleanmatrix: folds 
Uncalled bet ($0.01) returned to LongHart
LongHart collected $0.02 from pot
LongHart: doesn't show hand 
*** SUMMARY ***
Total pot $0.02 | Rake $0 
Seat 1: cleanmatrix (small blind) folded before Flop
Seat 2: LongHart (big blind) collected ($0.02)
Seat 3: Lorpugo folded before Flop (didn't bet)
Seat 4: Striker691 folded before Flop (didn't bet)
Seat 5: Daws980 folded before Flop (didn't bet)
Seat 6: jerrew (button) folded before Flop (didn't bet)



PokerStars Hand #241317051423:  Hold'em No Limit ($0.01/$0.02 USD) - 2023/01/22 8:54:25 ET
Table 'Numerowia' 6-max Seat #1 is the button
Seat 1: cleanmatrix ($0.90 in chips) 
Seat 2: LongHart ($1.13 in chips) 
Seat 3: Lorpugo ($1.49 in chips) 
Seat 4: Striker691 ($1.97 in chips) 
Seat 5: Daws980 ($5.48 in chips) 
Seat 6: jerrew ($2.14 in chips) 
LongHart: posts small blind $0.01
Lorpugo: posts big blind $0.02
*** HOLE CARDS ***
Dealt to Lorpugo [3h 7s]
Striker691: folds 
Daws980: raises $0.04 to $0.06
jerrew: folds 
cleanmatrix: calls $0.06
LongHart: folds 
Lorpugo: folds 
*** FLOP *** [Kh 4d 5d]
Daws980: bets $0.06
cleanmatrix: raises $0.13 to $0.19
Daws980: folds 
Uncalled bet ($0.13) returned to cleanmatrix
cleanmatrix collected $0.26 from pot
*** SUMMARY ***
Total pot $0.27 | Rake $0.01 
Board [Kh 4d 5d]
Seat 1: cleanmatrix (button) collected ($0.26)
Seat 2: LongHart (small blind) folded before Flop
Seat 3: Lorpugo (big blind) folded before Flop
Seat 4: Striker691 folded before Flop (didn't bet)
Seat 5: Daws980 folded on the Flop
Seat 6: jerrew folded before Flop (didn't bet)



PokerStars Hand #241317058173:  Hold'em No Limit ($0.01/$0.02 USD) - 2023/01/22 8:54:50 ET
Table 'Numerowia' 6-max Seat #2 is the button
Seat 1: cleanmatrix ($1.04 in chips) 
Seat 2: LongHart ($1.12 in chips) 
Seat 3: Lorpugo ($1.47 in chips) 
Seat 4: Striker691 ($1.97 in chips) 
Seat 5: Daws980 ($5.36 in chips) 
Seat 6: jerrew ($2.14 in chips) 
Lorpugo: posts small blind $0.01
Striker691: posts big blind $0.02
*** HOLE CARDS ***
Dealt to Lorpugo [6c Ad]
Daws980: folds 
jerrew: raises $0.03 to $0.05
cleanmatrix: folds 
LongHart: folds 
Lorpugo: calls $0.04
Striker691: calls $0.03
*** FLOP *** [2d Jc Td]
Lorpugo: checks 
LongHart leaves the table
Striker691: checks 
jerrew: bets $0.06
merupirlv joins the table at seat #2 
Lorpugo: folds 
Striker691: calls $0.06
*** TURN *** [2d Jc Td] [Ts]
Striker691: checks 
jerrew: bets $0.13
Striker691: calls $0.13
*** RIVER *** [2d Jc Td Ts] [7d]
Striker691: checks 
jerrew: bets $0.16
Striker691: calls $0.16
*** SHOW DOWN ***
jerrew: shows [As Th] (three of a kind, Tens)
Striker691: mucks hand 
jerrew collected $0.82 from pot
*** SUMMARY ***
Total pot $0.85 | Rake $0.03 
Board [2d Jc Td Ts 7d]
Seat 1: cleanmatrix folded before Flop (didn't bet)
Seat 2: LongHart (button) folded before Flop (didn't bet)
Seat 3: Lorpugo (small blind) folded on the Flop
Seat 4: Striker691 (big blind) mucked [Kh Tc]
Seat 5: Daws980 folded before Flop (didn't bet)
Seat 6: jerrew showed [As Th] and won ($0.82) with three of a kind, Tens



PokerStars Hand #241317071598:  Hold'em No Limit ($0.01/$0.02 USD) - 2023/01/22 8:55:47 ET
Table 'Numerowia' 6-max Seat #3 is the button
Seat 1: cleanmatrix ($1.04 in chips) 
Seat 2: merupirlv ($0.80 in chips) 
Seat 3: Lorpugo ($1.42 in chips) 
Seat 4: Striker691 ($1.57 in chips) 
Seat 5: Daws980 ($5.36 in chips) 
Seat 6: jerrew ($2.56 in chips) 
Striker691: posts small blind $0.01
Daws980: posts big blind $0.02
merupirlv: posts big blind $0.02
*** HOLE CARDS ***
Dealt to Lorpugo [Ad Ks]
jerrew: folds 
cleanmatrix: folds 
merupirlv: checks 
Lorpugo: raises $0.10 to $0.12
Striker691: folds 
Daws980: folds 
merupirlv: folds 
Uncalled bet ($0.10) returned to Lorpugo
Lorpugo collected $0.07 from pot
Lorpugo: doesn't show hand 
*** SUMMARY ***
Total pot $0.07 | Rake $0 
Seat 1: cleanmatrix folded before Flop (didn't bet)
Seat 2: merupirlv folded before Flop (didn't bet)
Seat 3: Lorpugo (button) collected ($0.07)
Seat 4: Striker691 (small blind) folded before Flop
Seat 5: Daws980 (big blind) folded before Flop
Seat 6: jerrew folded before Flop (didn't bet)



PokerStars Hand #241317076936:  Hold'em No Limit ($0.01/$0.02 USD) - 2023/01/22 8:56:11 ET
Table 'Numerowia' 6-max Seat #4 is the button
Seat 1: cleanmatrix ($1.04 in chips) 
Seat 2: merupirlv ($0.78 in chips) 
Seat 3: Lorpugo ($1.47 in chips) 
Seat 4: Striker691 ($1.56 in chips) 
Seat 5: Daws980 ($5.34 in chips) 
Seat 6: jerrew ($2.56 in chips) 
Daws980: posts small blind $0.01
jerrew: posts big blind $0.02
*** HOLE CARDS ***
Dealt to Lorpugo [2h Ad]
cleanmatrix: folds 
merupirlv: calls $0.02
Lorpugo: folds 
Striker691: folds 
Daws980: folds 
jerrew: checks 
*** FLOP *** [9s As 6h]
jerrew: checks 
merupirlv: bets $0.04
jerrew: calls $0.04
*** TURN *** [9s As 6h] [Kd]
jerrew: checks 
merupirlv: checks 
*** RIVER *** [9s As 6h Kd] [2d]
jerrew: bets $0.07
merupirlv: folds 
Uncalled bet ($0.07) returned to jerrew
jerrew collected $0.13 from pot
*** SUMMARY ***
Total pot $0.13 | Rake $0 
Board [9s As 6h Kd 2d]
Seat 1: cleanmatrix folded before Flop (didn't bet)
Seat 2: merupirlv folded on the River
Seat 3: Lorpugo folded before Flop (didn't bet)
Seat 4: Striker691 (button) folded before Flop (didn't bet)
Seat 5: Daws980 (small blind) folded before Flop
Seat 6: jerrew (big blind) collected ($0.13)



PokerStars Hand #241317087234:  Hold'em No Limit ($0.01/$0.02 USD) - 2023/01/22 8:56:59 ET
Table 'Numerowia' 6-max Seat #5 is the button
Seat 1: cleanmatrix ($1.04 in chips) 
Seat 2: merupirlv ($0.72 in chips) 
Seat 3: Lorpugo ($1.47 in chips) 
Seat 4: Striker691 ($1.56 in chips) 
Seat 5: Daws980 ($5.33 in chips) 
Seat 6: jerrew ($2.63 in chips) 
jerrew: posts small blind $0.01
cleanmatrix: posts big blind $0.02
*** HOLE CARDS ***
Dealt to Lorpugo [Qc Th]
merupirlv: folds 
Lorpugo: folds 
Striker691: folds 
Daws980: folds 
jerrew: folds 
Uncalled bet ($0.01) returned to cleanmatrix
cleanmatrix collected $0.02 from pot
*** SUMMARY ***
Total pot $0.02 | Rake $0 
Seat 1: cleanmatrix (big blind) collected ($0.02)
Seat 2: merupirlv folded before Flop (didn't bet)
Seat 3: Lorpugo folded before Flop (didn't bet)
Seat 4: Striker691 folded before Flop (didn't bet)
Seat 5: Daws980 (button) folded before Flop (didn't bet)
Seat 6: jerrew (small blind) folded before Flop



PokerStars Hand #241317088778:  Hold'em No Limit ($0.01/$0.02 USD) - 2023/01/22 8:57:06 ET
Table 'Numerowia' 6-max Seat #6 is the button
Seat 1: cleanmatrix ($1.05 in chips) 
Seat 2: merupirlv ($0.72 in chips) 
Seat 3: Lorpugo ($1.47 in chips) 
Seat 4: Striker691 ($1.56 in chips) 
Seat 5: Daws980 ($5.33 in chips) 
Seat 6: jerrew ($2.62 in chips) 
cleanmatrix: posts small blind $0.01
merupirlv: posts big blind $0.02
*** HOLE CARDS ***
Dealt to Lorpugo [4d 2s]
Lorpugo: folds 
Striker691: folds 
Daws980: raises $0.04 to $0.06
jerrew: calls $0.06
cleanmatrix: calls $0.05
merupirlv: folds 
*** FLOP *** [4s 6d 5h]
cleanmatrix: checks 
Daws980: checks 
jerrew: bets $0.06
cleanmatrix: calls $0.06
Daws980: folds 
*** TURN *** [4s 6d 5h] [Ah]
cleanmatrix: checks 
jerrew: bets $0.16
cleanmatrix is disconnected 
cleanmatrix is disconnected 
cleanmatrix is connected 
cleanmatrix: folds 
Uncalled bet ($0.16) returned to jerrew
jerrew collected $0.31 from pot
*** SUMMARY ***
Total pot $0.32 | Rake $0.01 
Board [4s 6d 5h Ah]
Seat 1: cleanmatrix (small blind) folded on the Turn
Seat 2: merupirlv (big blind) folded before Flop
Seat 3: Lorpugo folded before Flop (didn't bet)
Seat 4: Striker691 folded before Flop (didn't bet)
Seat 5: Daws980 folded on the Flop
Seat 6: jerrew (button) collected ($0.31)



PokerStars Hand #241317113463:  Hold'em No Limit ($0.01/$0.02 USD) - 2023/01/22 8:59:00 ET
Table 'Numerowia' 6-max Seat #1 is the button
Seat 1: cleanmatrix ($0.93 in chips) 
Seat 2: merupirlv ($0.70 in chips) 
Seat 3: Lorpugo ($1.47 in chips) 
Seat 4: Striker691 ($1.56 in chips) 
Seat 5: Daws980 ($5.27 in chips) 
Seat 6: jerrew ($2.81 in chips) 
merupirlv: posts small blind $0.01
Lorpugo: posts big blind $0.02
*** HOLE CARDS ***
Dealt to Lorpugo [3d As]
Striker691: folds 
Daws980: folds 
jerrew: folds 
cleanmatrix: raises $0.04 to $0.06
merupirlv: folds 
Lorpugo: calls $0.04
*** FLOP *** [Ts Tc 4c]
Lorpugo: checks 
cleanmatrix: checks 
*** TURN *** [Ts Tc 4c] [Qs]
Lorpugo: checks 
cleanmatrix: bets $0.06
Lorpugo: folds 
Uncalled bet ($0.06) returned to cleanmatrix
cleanmatrix collected $0.13 from pot
*** SUMMARY ***
Total pot $0.13 | Rake $0 
Board [Ts Tc 4c Qs]
Seat 1: cleanmatrix (button) collected ($0.13)
Seat 2: merupirlv (small blind) folded before Flop
Seat 3: Lorpugo (big blind) folded on the Turn
Seat 4: Striker691 folded before Flop (didn't bet)
Seat 5: Daws980 folded before Flop (didn't bet)
Seat 6: jerrew folded before Flop (didn't bet)



PokerStars Hand #241317118883:  Hold'em No Limit ($0.01/$0.02 USD) - 2023/01/22 8:59:24 ET
Table 'Numerowia' 6-max Seat #2 is the button
Seat 1: cleanmatrix ($1 in chips) 
Seat 2: merupirlv ($0.69 in chips) 
Seat 3: Lorpugo ($1.41 in chips) 
Seat 4: Striker691 ($1.56 in chips) 
Seat 5: Daws980 ($5.27 in chips) 
Seat 6: jerrew ($2.81 in chips) 
Lorpugo: posts small blind $0.01
Striker691: posts big blind $0.02
*** HOLE CARDS ***
Dealt to Lorpugo [7s Kc]
Daws980: folds 
jerrew has timed out
jerrew: folds 
cleanmatrix: folds 
merupirlv: folds 
Lorpugo: raises $0.03 to $0.05
Striker691: folds 
Uncalled bet ($0.03) returned to Lorpugo
Lorpugo collected $0.04 from pot
Lorpugo: doesn't show hand 
*** SUMMARY ***
Total pot $0.04 | Rake $0 
Seat 1: cleanmatrix folded before Flop (didn't bet)
Seat 2: merupirlv (button) folded before Flop (didn't bet)
Seat 3: Lorpugo (small blind) collected ($0.04)
Seat 4: Striker691 (big blind) folded before Flop
Seat 5: Daws980 folded before Flop (didn't bet)
Seat 6: jerrew folded before Flop (didn't bet)



PokerStars Hand #241317123371:  Hold'em No Limit ($0.01/$0.02 USD) - 2023/01/22 8:59:45 ET
Table 'Numerowia' 6-max Seat #3 is the button
Seat 1: cleanmatrix ($1 in chips) 
Seat 2: merupirlv ($0.69 in chips) 
Seat 3: Lorpugo ($1.43 in chips) 
Seat 4: Striker691 ($1.54 in chips) 
Seat 5: Daws980 ($5.27 in chips) 
Striker691: posts small blind $0.01
Daws980: posts big blind $0.02
*** HOLE CARDS ***
Dealt to Lorpugo [Ts 7c]
cleanmatrix: calls $0.02
merupirlv: folds 
Lorpugo: folds 
Striker691: folds 
Daws980: raises $0.04 to $0.06
cleanmatrix: calls $0.04
*** FLOP *** [Qs 2h Tc]
Daws980: bets $0.06
cleanmatrix: calls $0.06
*** TURN *** [Qs 2h Tc] [6h]
Daws980: bets $0.06
cleanmatrix: calls $0.06
*** RIVER *** [Qs 2h Tc 6h] [3d]
Daws980: checks 
cleanmatrix: checks 
*** SHOW DOWN ***
Daws980: shows [8s 7s] (high card Queen)
cleanmatrix: shows [Td Jc] (a pair of Tens)
cleanmatrix collected $0.36 from pot
*** SUMMARY ***
Total pot $0.37 | Rake $0.01 
Board [Qs 2h Tc 6h 3d]
Seat 1: cleanmatrix showed [Td Jc] and won ($0.36) with a pair of Tens
Seat 2: merupirlv folded before Flop (didn't bet)
Seat 3: Lorpugo (button) folded before Flop (didn't bet)
Seat 4: Striker691 (small blind) folded before Flop
Seat 5: Daws980 (big blind) showed [8s 7s] and lost with high card Queen



PokerStars Hand #241317130045:  Hold'em No Limit ($0.01/$0.02 USD) - 2023/01/22 9:00:16 ET
Table 'Numerowia' 6-max Seat #4 is the button
Seat 1: cleanmatrix ($1.18 in chips) 
Seat 2: merupirlv ($0.69 in chips) 
Seat 3: Lorpugo ($1.43 in chips) 
Seat 4: Striker691 ($1.53 in chips) 
Seat 5: Daws980 ($5.09 in chips) 
Seat 6: jerrew ($2.81 in chips) 
Daws980: posts small blind $0.01
jerrew: posts big blind $0.02
*** HOLE CARDS ***
Dealt to Lorpugo [As 2s]
cleanmatrix: folds 
merupirlv: calls $0.02
Lorpugo: calls $0.02
Striker691: folds 
Daws980: calls $0.01
jerrew: checks 
*** FLOP *** [Td Qd Jd]
Daws980: bets $0.04
jerrew: folds 
merupirlv: folds 
Lorpugo: folds 
Uncalled bet ($0.04) returned to Daws980
Daws980 collected $0.08 from pot
Daws980: doesn't show hand 
*** SUMMARY ***
Total pot $0.08 | Rake $0 
Board [Td Qd Jd]
Seat 1: cleanmatrix folded before Flop (didn't bet)
Seat 2: merupirlv folded on the Flop
Seat 3: Lorpugo folded on the Flop
Seat 4: Striker691 (button) folded before Flop (didn't bet)
Seat 5: Daws980 (small blind) collected ($0.08)
Seat 6: jerrew (big blind) folded on the Flop



PokerStars Hand #241317136661:  Hold'em No Limit ($0.01/$0.02 USD) - 2023/01/22 9:00:45 ET
Table 'Numerowia' 6-max Seat #5 is the button
Seat 1: cleanmatrix ($1.18 in chips) 
Seat 2: merupirlv ($0.67 in chips) 
Seat 3: Lorpugo ($1.41 in chips) 
Seat 4: Striker691 ($1.53 in chips) 
Seat 5: Daws980 ($5.15 in chips) 
Seat 6: jerrew ($2.79 in chips) 
jerrew: posts small blind $0.01
cleanmatrix: posts big blind $0.02
*** HOLE CARDS ***
Dealt to Lorpugo [4d Jd]
merupirlv: calls $0.02
Lorpugo: folds 
Striker691: raises $0.04 to $0.06
Daws980: folds 
jerrew: calls $0.05
cleanmatrix: folds 
merupirlv: calls $0.04
*** FLOP *** [Ah Kd Kc]
jerrew: checks 
merupirlv: bets $0.06
Striker691: folds 
jerrew: calls $0.06
*** TURN *** [Ah Kd Kc] [8h]
jerrew: checks 
merupirlv: checks 
*** RIVER *** [Ah Kd Kc 8h] [Qd]
jerrew: checks 
merupirlv: checks 
*** SHOW DOWN ***
jerrew: shows [Qc Kh] (a full house, Kings full of Queens)
merupirlv: mucks hand 
jerrew collected $0.31 from pot
*** SUMMARY ***
Total pot $0.32 | Rake $0.01 
Board [Ah Kd Kc 8h Qd]
Seat 1: cleanmatrix (big blind) folded before Flop
Seat 2: merupirlv mucked [8s 5s]
Seat 3: Lorpugo folded before Flop (didn't bet)
Seat 4: Striker691 folded on the Flop
Seat 5: Daws980 (button) folded before Flop (didn't bet)
Seat 6: jerrew (small blind) showed [Qc Kh] and won ($0.31) with a full house, Kings full of Queens



PokerStars Hand #241317146670:  Hold'em No Limit ($0.01/$0.02 USD) - 2023/01/22 9:01:25 ET
Table 'Numerowia' 6-max Seat #6 is the button
Seat 1: cleanmatrix ($1.16 in chips) 
Seat 2: merupirlv ($0.55 in chips) 
Seat 3: Lorpugo ($1.41 in chips) 
Seat 4: Striker691 ($1.47 in chips) 
Seat 5: Daws980 ($5.15 in chips) 
Seat 6: jerrew ($2.98 in chips) 
cleanmatrix: posts small blind $0.01
merupirlv: posts big blind $0.02
*** HOLE CARDS ***
Dealt to Lorpugo [6d Qs]
Lorpugo: folds 
Striker691: folds 
Daws980: raises $0.04 to $0.06
jerrew: folds 
cleanmatrix: folds 
merupirlv: folds 
Uncalled bet ($0.04) returned to Daws980
Daws980 collected $0.05 from pot
Daws980: doesn't show hand 
*** SUMMARY ***
Total pot $0.05 | Rake $0 
Seat 1: cleanmatrix (small blind) folded before Flop
Seat 2: merupirlv (big blind) folded before Flop
Seat 3: Lorpugo folded before Flop (didn't bet)
Seat 4: Striker691 folded before Flop (didn't bet)
Seat 5: Daws980 collected ($0.05)
Seat 6: jerrew (button) folded before Flop (didn't bet)



PokerStars Hand #241317149804:  Hold'em No Limit ($0.01/$0.02 USD) - 2023/01/22 9:01:37 ET
Table 'Numerowia' 6-max Seat #1 is the button
Seat 1: cleanmatrix ($1.15 in chips) 
Seat 2: merupirlv ($0.53 in chips) 
Seat 3: Lorpugo ($1.41 in chips) 
Seat 4: Striker691 ($1.47 in chips) 
Seat 5: Daws980 ($5.18 in chips) 
Seat 6: jerrew ($2.98 in chips) 
merupirlv: posts small blind $0.01
Lorpugo: posts big blind $0.02
*** HOLE CARDS ***
Dealt to Lorpugo [5s 7c]
Striker691: folds 
Daws980: folds 
jerrew: folds 
cleanmatrix: raises $0.02 to $0.04
merupirlv: folds 
Lorpugo: calls $0.02
*** FLOP *** [7h Ks 8d]
Lorpugo: checks 
cleanmatrix: checks 
*** TURN *** [7h Ks 8d] [5h]
Lorpugo: bets $0.09
cleanmatrix: folds 
Uncalled bet ($0.09) returned to Lorpugo
Lorpugo collected $0.09 from pot
Lorpugo: doesn't show hand 
*** SUMMARY ***
Total pot $0.09 | Rake $0 
Board [7h Ks 8d 5h]
Seat 1: cleanmatrix (button) folded on the Turn
Seat 2: merupirlv (small blind) folded before Flop
Seat 3: Lorpugo (big blind) collected ($0.09)
Seat 4: Striker691 folded before Flop (didn't bet)
Seat 5: Daws980 folded before Flop (didn't bet)
Seat 6: jerrew folded before Flop (didn't bet)



PokerStars Hand #241317164085:  Hold'em No Limit ($0.01/$0.02 USD) - 2023/01/22 9:02:29 ET
Table 'Numerowia' 6-max Seat #2 is the button
Seat 1: cleanmatrix ($1.11 in chips) 
Seat 2: merupirlv ($0.52 in chips) 
Seat 3: Lorpugo ($1.46 in chips) 
Seat 4: Striker691 ($1.47 in chips) 
Seat 5: Daws980 ($5.18 in chips) 
Seat 6: jerrew ($2.98 in chips) 
Lorpugo: posts small blind $0.01
Striker691: posts big blind $0.02
*** HOLE CARDS ***
Dealt to Lorpugo [Tc Jc]
Daws980: raises $0.04 to $0.06
jerrew: folds 
cleanmatrix: folds 
merupirlv: calls $0.06
Lorpugo: calls $0.05
Striker691: folds 
*** FLOP *** [Qh Qc Kh]
Lorpugo: bets $0.06
Daws980: folds 
merupirlv: folds 
Uncalled bet ($0.06) returned to Lorpugo
Lorpugo collected $0.19 from pot
Lorpugo: doesn't show hand 
*** SUMMARY ***
Total pot $0.20 | Rake $0.01 
Board [Qh Qc Kh]
Seat 1: cleanmatrix folded before Flop (didn't bet)
Seat 2: merupirlv (button) folded on the Flop
Seat 3: Lorpugo (small blind) collected ($0.19)
Seat 4: Striker691 (big blind) folded before Flop
Seat 5: Daws980 folded on the Flop
Seat 6: jerrew folded before Flop (didn't bet)



PokerStars Hand #241317170797:  Hold'em No Limit ($0.01/$0.02 USD) - 2023/01/22 9:02:54 ET
Table 'Numerowia' 6-max Seat #3 is the button
Seat 1: cleanmatrix ($1.11 in chips) 
Seat 2: merupirlv ($0.46 in chips) 
Seat 3: Lorpugo ($1.59 in chips) 
Seat 4: Striker691 ($1.45 in chips) 
Seat 5: Daws980 ($5.12 in chips) 
Seat 6: jerrew ($2.98 in chips) 
Striker691: posts small blind $0.01
Daws980: posts big blind $0.02
*** HOLE CARDS ***
Dealt to Lorpugo [Jh 3h]
jerrew: folds 
cleanmatrix: raises $0.04 to $0.06
merupirlv: calls $0.06
Lorpugo: folds 
Striker691: folds 
Daws980: folds 
*** FLOP *** [8d 2c 7d]
cleanmatrix: checks 
merupirlv: checks 
*** TURN *** [8d 2c 7d] [Ah]
cleanmatrix: bets $0.07
merupirlv: folds 
Uncalled bet ($0.07) returned to cleanmatrix
cleanmatrix collected $0.14 from pot
*** SUMMARY ***
Total pot $0.15 | Rake $0.01 
Board [8d 2c 7d Ah]
Seat 1: cleanmatrix collected ($0.14)
Seat 2: merupirlv folded on the Turn
Seat 3: Lorpugo (button) folded before Flop (didn't bet)
Seat 4: Striker691 (small blind) folded before Flop
Seat 5: Daws980 (big blind) folded before Flop
Seat 6: jerrew folded before Flop (didn't bet)



PokerStars Hand #241317178880:  Hold'em No Limit ($0.01/$0.02 USD) - 2023/01/22 9:03:23 ET
Table 'Numerowia' 6-max Seat #4 is the button
Seat 1: cleanmatrix ($1.19 in chips) 
Seat 2: merupirlv ($0.40 in chips) 
Seat 3: Lorpugo ($1.59 in chips) 
Seat 4: Striker691 ($1.44 in chips) 
Seat 5: Daws980 ($5.10 in chips) 
Seat 6: jerrew ($2.98 in chips) 
Daws980: posts small blind $0.01
jerrew: posts big blind $0.02
*** HOLE CARDS ***
Dealt to Lorpugo [7s 6c]
cleanmatrix: folds 
merupirlv: calls $0.02
Lorpugo: folds 
Striker691: folds 
Daws980: calls $0.01
jerrew: checks 
*** FLOP *** [Ts Kh Kc]
Daws980: checks 
jerrew: checks 
merupirlv: checks 
*** TURN *** [Ts Kh Kc] [5c]
Daws980: bets $0.06
jerrew: folds 
merupirlv: folds 
Uncalled bet ($0.06) returned to Daws980
Daws980 collected $0.06 from pot
Daws980: doesn't show hand 
*** SUMMARY ***
Total pot $0.06 | Rake $0 
Board [Ts Kh Kc 5c]
Seat 1: cleanmatrix folded before Flop (didn't bet)
Seat 2: merupirlv folded on the Turn
Seat 3: Lorpugo folded before Flop (didn't bet)
Seat 4: Striker691 (button) folded before Flop (didn't bet)
Seat 5: Daws980 (small blind) collected ($0.06)
Seat 6: jerrew (big blind) folded on the Turn



PokerStars Hand #241317185292:  Hold'em No Limit ($0.01/$0.02 USD) - 2023/01/22 9:03:46 ET
Table 'Numerowia' 6-max Seat #5 is the button
Seat 1: cleanmatrix ($1.19 in chips) 
Seat 2: merupirlv ($0.38 in chips) 
Seat 3: Lorpugo ($1.59 in chips) 
Seat 4: Striker691 ($1.44 in chips) 
Seat 5: Daws980 ($5.14 in chips) 
Seat 6: jerrew ($2.96 in chips) 
jerrew: posts small blind $0.01
cleanmatrix: posts big blind $0.02
*** HOLE CARDS ***
Dealt to Lorpugo [5c Jc]
merupirlv: folds 
Lorpugo: folds 
Striker691: folds 
Daws980: raises $0.04 to $0.06
jerrew: folds 
cleanmatrix: calls $0.04
*** FLOP *** [Qs 4s 2s]
cleanmatrix: checks 
Daws980: checks 
*** TURN *** [Qs 4s 2s] [Js]
cleanmatrix: checks 
Daws980: bets $0.06
cleanmatrix: calls $0.06
*** RIVER *** [Qs 4s 2s Js] [8d]
cleanmatrix: checks 
Daws980: checks 
*** SHOW DOWN ***
cleanmatrix: shows [9s Ts] (a flush, Queen high)
Daws980: mucks hand 
cleanmatrix collected $0.24 from pot
*** SUMMARY ***
Total pot $0.25 | Rake $0.01 
Board [Qs 4s 2s Js 8d]
Seat 1: cleanmatrix (big blind) showed [9s Ts] and won ($0.24) with a flush, Queen high
Seat 2: merupirlv folded before Flop (didn't bet)
Seat 3: Lorpugo folded before Flop (didn't bet)
Seat 4: Striker691 folded before Flop (didn't bet)
Seat 5: Daws980 (button) mucked [Qc 7c]
Seat 6: jerrew (small blind) folded before Flop



PokerStars Hand #241317193024:  Hold'em No Limit ($0.01/$0.02 USD) - 2023/01/22 9:04:14 ET
Table 'Numerowia' 6-max Seat #6 is the button
Seat 1: cleanmatrix ($1.31 in chips) 
Seat 2: merupirlv ($0.38 in chips) 
Seat 3: Lorpugo ($1.59 in chips) 
Seat 4: Striker691 ($1.44 in chips) 
Seat 5: Daws980 ($5.02 in chips) 
Seat 6: jerrew ($2.95 in chips) 
cleanmatrix: posts small blind $0.01
merupirlv: posts big blind $0.02
*** HOLE CARDS ***
Dealt to Lorpugo [As Ts]
Lorpugo: raises $0.03 to $0.05
Striker691: folds 
Daws980: folds 
jerrew: folds 
cleanmatrix: calls $0.04
merupirlv: folds 
*** FLOP *** [Js Qd 8d]
cleanmatrix: bets $0.12
Lorpugo: calls $0.12
*** TURN *** [Js Qd 8d] [Ad]
cleanmatrix: checks 
Lorpugo: checks 
*** RIVER *** [Js Qd 8d Ad] [6d]
cleanmatrix: bets $0.18
Lorpugo: folds 
Uncalled bet ($0.18) returned to cleanmatrix
cleanmatrix collected $0.35 from pot
*** SUMMARY ***
Total pot $0.36 | Rake $0.01 
Board [Js Qd 8d Ad 6d]
Seat 1: cleanmatrix (small blind) collected ($0.35)
Seat 2: merupirlv (big blind) folded before Flop
Seat 3: Lorpugo folded on the River
Seat 4: Striker691 folded before Flop (didn't bet)
Seat 5: Daws980 folded before Flop (didn't bet)
Seat 6: jerrew (button) folded before Flop (didn't bet)



PokerStars Hand #241317207986:  Hold'em No Limit ($0.01/$0.02 USD) - 2023/01/22 9:05:07 ET
Table 'Numerowia' 6-max Seat #1 is the button
Seat 1: cleanmatrix ($1.49 in chips) 
Seat 2: merupirlv ($0.36 in chips) 
Seat 3: Lorpugo ($1.42 in chips) 
Seat 4: Striker691 ($1.44 in chips) 
Seat 5: Daws980 ($5.02 in chips) 
Seat 6: jerrew ($2.95 in chips) 
merupirlv: posts small blind $0.01
Lorpugo: posts big blind $0.02
*** HOLE CARDS ***
Dealt to Lorpugo [3d 2h]
Striker691: folds 
Daws980: folds 
jerrew: folds 
cleanmatrix: raises $0.02 to $0.04
merupirlv: folds 
Lorpugo: folds 
Uncalled bet ($0.02) returned to cleanmatrix
cleanmatrix collected $0.05 from pot
*** SUMMARY ***
Total pot $0.05 | Rake $0 
Seat 1: cleanmatrix (button) collected ($0.05)
Seat 2: merupirlv (small blind) folded before Flop
Seat 3: Lorpugo (big blind) folded before Flop
Seat 4: Striker691 folded before Flop (didn't bet)
Seat 5: Daws980 folded before Flop (didn't bet)
Seat 6: jerrew folded before Flop (didn't bet)



PokerStars Hand #241317213577:  Hold'em No Limit ($0.01/$0.02 USD) - 2023/01/22 9:05:27 ET
Table 'Numerowia' 6-max Seat #2 is the button
Seat 1: cleanmatrix ($1.52 in chips) 
Seat 2: merupirlv ($0.35 in chips) 
Seat 3: Lorpugo ($1.40 in chips) 
Seat 5: Daws980 ($5.02 in chips) 
Seat 6: jerrew ($2.95 in chips) 
Lorpugo: posts small blind $0.01
Daws980: posts big blind $0.02
*** HOLE CARDS ***
Dealt to Lorpugo [6h 7h]
jerrew: folds 
cleanmatrix: folds 
merupirlv: folds 
Lorpugo: raises $0.03 to $0.05
Daws980: folds 
Uncalled bet ($0.03) returned to Lorpugo
Lorpugo collected $0.04 from pot
Lorpugo: doesn't show hand 
*** SUMMARY ***
Total pot $0.04 | Rake $0 
Seat 1: cleanmatrix folded before Flop (didn't bet)
Seat 2: merupirlv (button) folded before Flop (didn't bet)
Seat 3: Lorpugo (small blind) collected ($0.04)
Seat 5: Daws980 (big blind) folded before Flop
Seat 6: jerrew folded before Flop (didn't bet)



PokerStars Hand #241317218346:  Hold'em No Limit ($0.01/$0.02 USD) - 2023/01/22 9:05:44 ET
Table 'Numerowia' 6-max Seat #3 is the button
Seat 1: cleanmatrix ($1.52 in chips) 
Seat 2: merupirlv ($0.35 in chips) 
Seat 3: Lorpugo ($1.42 in chips) 
Seat 5: Daws980 ($5 in chips) 
Seat 6: jerrew ($2.95 in chips) 
Daws980: posts small blind $0.01
jerrew: posts big blind $0.02
*** HOLE CARDS ***
Dealt to Lorpugo [Ac 6d]
cleanmatrix: raises $0.04 to $0.06
merupirlv: calls $0.06
Lorpugo: folds 
Daws980: folds 
jerrew: folds 
*** FLOP *** [9d 6s Jh]
cleanmatrix: bets $0.07
merupirlv: folds 
Uncalled bet ($0.07) returned to cleanmatrix
cleanmatrix collected $0.14 from pot
*** SUMMARY ***
Total pot $0.15 | Rake $0.01 
Board [9d 6s Jh]
Seat 1: cleanmatrix collected ($0.14)
Seat 2: merupirlv folded on the Flop
Seat 3: Lorpugo (button) folded before Flop (didn't bet)
Seat 5: Daws980 (small blind) folded before Flop
Seat 6: jerrew (big blind) folded before Flop



PokerStars Hand #241317222411:  Hold'em No Limit ($0.01/$0.02 USD) - 2023/01/22 9:05:58 ET
Table 'Numerowia' 6-max Seat #5 is the button
Seat 1: cleanmatrix ($1.60 in chips) 
Seat 2: merupirlv ($0.29 in chips) 
Seat 3: Lorpugo ($1.42 in chips) 
Seat 5: Daws980 ($4.99 in chips) 
Seat 6: jerrew ($2.93 in chips) 
jerrew: posts small blind $0.01
cleanmatrix: posts big blind $0.02
*** HOLE CARDS ***
Dealt to Lorpugo [5h 8c]
merupirlv: folds 
Lorpugo: folds 
Daws980: folds 
jerrew: folds 
Uncalled bet ($0.01) returned to cleanmatrix
cleanmatrix collected $0.02 from pot
*** SUMMARY ***
Total pot $0.02 | Rake $0 
Seat 1: cleanmatrix (big blind) collected ($0.02)
Seat 2: merupirlv folded before Flop (didn't bet)
Seat 3: Lorpugo folded before Flop (didn't bet)
Seat 5: Daws980 (button) folded before Flop (didn't bet)
Seat 6: jerrew (small blind) folded before Flop



PokerStars Hand #241317227076:  Hold'em No Limit ($0.01/$0.02 USD) - 2023/01/22 9:06:15 ET
Table 'Numerowia' 6-max Seat #6 is the button
Seat 1: cleanmatrix ($1.61 in chips) 
Seat 2: merupirlv ($0.29 in chips) 
Seat 3: Lorpugo ($1.42 in chips) 
Seat 5: Daws980 ($4.99 in chips) 
Seat 6: jerrew ($2.92 in chips) 
cleanmatrix: posts small blind $0.01
merupirlv: posts big blind $0.02
*** HOLE CARDS ***
Dealt to Lorpugo [4h 9c]
Lorpugo: folds 
Daws980: raises $0.04 to $0.06
jerrew: folds 
cleanmatrix: folds 
merupirlv: folds 
Uncalled bet ($0.04) returned to Daws980
Daws980 collected $0.05 from pot
Daws980: doesn't show hand 
*** SUMMARY ***
Total pot $0.05 | Rake $0 
Seat 1: cleanmatrix (small blind) folded before Flop
Seat 2: merupirlv (big blind) folded before Flop
Seat 3: Lorpugo folded before Flop (didn't bet)
Seat 5: Daws980 collected ($0.05)
Seat 6: jerrew (button) folded before Flop (didn't bet)



PokerStars Hand #241317232269:  Hold'em No Limit ($0.01/$0.02 USD) - 2023/01/22 9:06:33 ET
Table 'Numerowia' 6-max Seat #1 is the button
Seat 1: cleanmatrix ($1.60 in chips) 
Seat 2: merupirlv ($0.27 in chips) 
Seat 3: Lorpugo ($1.42 in chips) 
Seat 5: Daws980 ($5.02 in chips) 
Seat 6: jerrew ($2.92 in chips) 
merupirlv: posts small blind $0.01
Lorpugo: posts big blind $0.02
*** HOLE CARDS ***
Dealt to Lorpugo [2h 9d]
Daws980: folds 
jerrew: folds 
cleanmatrix: raises $0.02 to $0.04
merupirlv: calls $0.03
Lorpugo: folds 
*** FLOP *** [9s 3d Ac]
merupirlv: bets $0.04
cleanmatrix: folds 
Uncalled bet ($0.04) returned to merupirlv
merupirlv collected $0.10 from pot
*** SUMMARY ***
Total pot $0.10 | Rake $0 
Board [9s 3d Ac]
Seat 1: cleanmatrix (button) folded on the Flop
Seat 2: merupirlv (small blind) collected ($0.10)
Seat 3: Lorpugo (big blind) folded before Flop
Seat 5: Daws980 folded before Flop (didn't bet)
Seat 6: jerrew folded before Flop (didn't bet)



PokerStars Hand #241317242832:  Hold'em No Limit ($0.01/$0.02 USD) - 2023/01/22 9:07:11 ET
Table 'Numerowia' 6-max Seat #2 is the button
Seat 1: cleanmatrix ($1.56 in chips) 
Seat 2: merupirlv ($0.33 in chips) 
Seat 3: Lorpugo ($1.40 in chips) 
Seat 5: Daws980 ($5.02 in chips) 
Seat 6: jerrew ($2.92 in chips) 
Lorpugo: posts small blind $0.01
Daws980: posts big blind $0.02
*** HOLE CARDS ***
Dealt to Lorpugo [8d 5c]
jerrew: folds 
cleanmatrix: folds 
merupirlv: calls $0.02
Lorpugo: calls $0.01
Daws980: raises $0.04 to $0.06
merupirlv: calls $0.04
Lorpugo: folds 
*** FLOP *** [5h 4c 5d]
Daws980: checks 
merupirlv: bets $0.04
Daws980: folds 
Uncalled bet ($0.04) returned to merupirlv
merupirlv collected $0.14 from pot
*** SUMMARY ***
Total pot $0.14 | Rake $0 
Board [5h 4c 5d]
Seat 1: cleanmatrix folded before Flop (didn't bet)
Seat 2: merupirlv (button) collected ($0.14)
Seat 3: Lorpugo (small blind) folded before Flop
Seat 5: Daws980 (big blind) folded on the Flop
Seat 6: jerrew folded before Flop (didn't bet)



PokerStars Hand #241317255829:  Hold'em No Limit ($0.01/$0.02 USD) - 2023/01/22 9:07:58 ET
Table 'Numerowia' 6-max Seat #3 is the button
Seat 1: cleanmatrix ($1.56 in chips) 
Seat 2: merupirlv ($0.41 in chips) 
Seat 3: Lorpugo ($1.38 in chips) 
Seat 5: Daws980 ($4.96 in chips) 
Seat 6: jerrew ($2.92 in chips) 
Daws980: posts small blind $0.01
jerrew: posts big blind $0.02
*** HOLE CARDS ***
Dealt to Lorpugo [Th 6s]
cleanmatrix: folds 
merupirlv: folds 
Lorpugo: folds 
Daws980: folds 
Uncalled bet ($0.01) returned to jerrew
jerrew collected $0.02 from pot
*** SUMMARY ***
Total pot $0.02 | Rake $0 
Seat 1: cleanmatrix folded before Flop (didn't bet)
Seat 2: merupirlv folded before Flop (didn't bet)
Seat 3: Lorpugo (button) folded before Flop (didn't bet)
Seat 5: Daws980 (small blind) folded before Flop
Seat 6: jerrew (big blind) collected ($0.02)



PokerStars Hand #241317257840:  Hold'em No Limit ($0.01/$0.02 USD) - 2023/01/22 9:08:05 ET
Table 'Numerowia' 6-max Seat #5 is the button
Seat 1: cleanmatrix ($1.56 in chips) 
Seat 2: merupirlv ($0.41 in chips) 
Seat 3: Lorpugo ($1.38 in chips) 
Seat 5: Daws980 ($4.95 in chips) 
Seat 6: jerrew ($2.93 in chips) 
jerrew: posts small blind $0.01
cleanmatrix: posts big blind $0.02
*** HOLE CARDS ***
Dealt to Lorpugo [Kc 7h]
merupirlv: calls $0.02
Lorpugo: folds 
Daws980: folds 
jerrew: raises $0.04 to $0.06
cleanmatrix: folds 
merupirlv: calls $0.04
*** FLOP *** [Kh 7c Ad]
Daws980 leaves the table
jerrew: checks 
merupirlv: checks 
*** TURN *** [Kh 7c Ad] [3c]
jerrew: bets $0.06
merupirlv: calls $0.06
*** RIVER *** [Kh 7c Ad 3c] [Kd]
LadyGaGa126 joins the table at seat #5 
jerrew: checks 
merupirlv: checks 
*** SHOW DOWN ***
jerrew: shows [Jc Qd] (a pair of Kings)
merupirlv: shows [Ah 8c] (two pair, Aces and Kings)
merupirlv collected $0.25 from pot
*** SUMMARY ***
Total pot $0.26 | Rake $0.01 
Board [Kh 7c Ad 3c Kd]
Seat 1: cleanmatrix (big blind) folded before Flop
Seat 2: merupirlv showed [Ah 8c] and won ($0.25) with two pair, Aces and Kings
Seat 3: Lorpugo folded before Flop (didn't bet)
Seat 5: Daws980 (button) folded before Flop (didn't bet)
Seat 6: jerrew (small blind) showed [Jc Qd] and lost with a pair of Kings



PokerStars Hand #241317271671:  Hold'em No Limit ($0.01/$0.02 USD) - 2023/01/22 9:08:55 ET
Table 'Numerowia' 6-max Seat #6 is the button
Seat 1: cleanmatrix ($1.54 in chips) 
Seat 2: merupirlv ($0.54 in chips) 
Seat 3: Lorpugo ($1.38 in chips) 
Seat 6: jerrew ($2.81 in chips) 
cleanmatrix: posts small blind $0.01
merupirlv: posts big blind $0.02
*** HOLE CARDS ***
Dealt to Lorpugo [Th Ah]
Lorpugo: raises $0.02 to $0.04
jerrew: folds 
cleanmatrix: calls $0.03
merupirlv: calls $0.02
*** FLOP *** [4s 5d Tc]
cleanmatrix: bets $0.06
merupirlv: folds 
Lorpugo: raises $0.12 to $0.18
cleanmatrix: calls $0.12
*** TURN *** [4s 5d Tc] [6s]
cleanmatrix: checks 
Lorpugo: bets $0.46
cleanmatrix: calls $0.46
*** RIVER *** [4s 5d Tc 6s] [Kh]
cleanmatrix: checks 
Lorpugo: checks 
*** SHOW DOWN ***
cleanmatrix: shows [8s Ts] (a pair of Tens)
Lorpugo: shows [Th Ah] (a pair of Tens - Ace kicker)
Lorpugo collected $1.35 from pot
*** SUMMARY ***
Total pot $1.40 | Rake $0.05 
Board [4s 5d Tc 6s Kh]
Seat 1: cleanmatrix (small blind) showed [8s Ts] and lost with a pair of Tens
Seat 2: merupirlv (big blind) folded on the Flop
Seat 3: Lorpugo showed [Th Ah] and won ($1.35) with a pair of Tens
Seat 6: jerrew (button) folded before Flop (didn't bet)



