PokerStars Zoom Hand #241347437748:  Hold'em No Limit ($0.25/$0.50 - $10 Cap - ) - 2023/01/23 14:45:31 ET
Table 'Alpha Reticuli (Cap)' 2-max Seat #1 is the button
Seat 1: StefanovPPV ($26.46 in chips) 
Seat 2: Lorpugo ($10 in chips) 
StefanovPPV: posts small blind $0.25
Lorpugo: posts big blind $0.50
*** HOLE CARDS ***
Dealt to Lorpugo [2h Kh]
StefanovPPV: calls $0.25
Lorpugo: checks 
*** FLOP *** [Th 3c 6d]
Lorpugo: checks 
StefanovPPV: checks 
*** TURN *** [Th 3c 6d] [Td]
Lorpugo: checks 
StefanovPPV: bets $0.50
Lorpugo: calls $0.50
*** RIVER *** [Th 3c 6d Td] [9d]
Lorpugo: checks 
StefanovPPV: checks 
*** SHOW DOWN ***
Lorpugo: shows [2h Kh] (a pair of Tens)
StefanovPPV: mucks hand 
Lorpugo collected $1.90 from pot
*** SUMMARY ***
Total pot $2 | Rake $0.10 
Board [Th 3c 6d Td 9d]
Seat 1: StefanovPPV (button) (small blind) mucked [4h 2d]
Seat 2: Lorpugo (big blind) showed [2h Kh] and won ($1.90) with a pair of Tens



PokerStars Zoom Hand #241347450515:  Hold'em No Limit ($0.25/$0.50 - $10 Cap - ) - 2023/01/23 14:46:02 ET
Table 'Alpha Reticuli (Cap)' 2-max Seat #1 is the button
Seat 1: Lorpugo ($10.90 in chips) 
Seat 2: StefanovPPV ($25.46 in chips) 
Lorpugo: posts small blind $0.25
StefanovPPV: posts big blind $0.50
*** HOLE CARDS ***
Dealt to Lorpugo [Th 8h]
Lorpugo: raises $0.50 to $1
StefanovPPV: raises $2 to $3
Lorpugo: calls $2
*** FLOP *** [Qd 4h 3c]
StefanovPPV: bets $7 and has reached the $10 cap
Lorpugo: folds 
Uncalled bet ($7) returned to StefanovPPV
StefanovPPV collected $5.70 from pot
StefanovPPV: doesn't show hand 
*** SUMMARY ***
Total pot $6 | Rake $0.30 
Board [Qd 4h 3c]
Seat 1: Lorpugo (button) (small blind) folded on the Flop
Seat 2: StefanovPPV (big blind) collected ($5.70)



PokerStars Zoom Hand #241347460829:  Hold'em No Limit ($0.25/$0.50 - $10 Cap - ) - 2023/01/23 14:46:27 ET
Table 'Alpha Reticuli (Cap)' 2-max Seat #1 is the button
Seat 1: StefanovPPV ($28.16 in chips) 
Seat 2: Lorpugo ($7.90 in chips) 
StefanovPPV: posts small blind $0.25
Lorpugo: posts big blind $0.50
*** HOLE CARDS ***
Dealt to Lorpugo [3d Js]
StefanovPPV: calls $0.25
Lorpugo: checks 
*** FLOP *** [3s Kc 9h]
Lorpugo: checks 
StefanovPPV: checks 
*** TURN *** [3s Kc 9h] [2h]
Lorpugo: checks 
StefanovPPV: checks 
*** RIVER *** [3s Kc 9h 2h] [3c]
Lorpugo: bets $1.50
StefanovPPV: folds 
Uncalled bet ($1.50) returned to Lorpugo
Lorpugo collected $0.95 from pot
Lorpugo: doesn't show hand 
*** SUMMARY ***
Total pot $1 | Rake $0.05 
Board [3s Kc 9h 2h 3c]
Seat 1: StefanovPPV (button) (small blind) folded on the River
Seat 2: Lorpugo (big blind) collected ($0.95)



PokerStars Zoom Hand #241347477693:  Hold'em No Limit ($0.25/$0.50 - $10 Cap - ) - 2023/01/23 14:47:08 ET
Table 'Alpha Reticuli (Cap)' 2-max Seat #1 is the button
Seat 1: Lorpugo ($8.35 in chips) 
Seat 2: bigiuadrian ($10 in chips) 
Lorpugo: posts small blind $0.25
bigiuadrian: posts big blind $0.50
*** HOLE CARDS ***
Dealt to Lorpugo [Td Ad]
Lorpugo: raises $0.50 to $1
bigiuadrian: calls $0.50
*** FLOP *** [2d 3h Kd]
bigiuadrian: checks 
Lorpugo: bets $0.95
bigiuadrian: folds 
Uncalled bet ($0.95) returned to Lorpugo
Lorpugo collected $1.90 from pot
Lorpugo: doesn't show hand 
*** SUMMARY ***
Total pot $2 | Rake $0.10 
Board [2d 3h Kd]
Seat 1: Lorpugo (button) (small blind) collected ($1.90)
Seat 2: bigiuadrian (big blind) folded on the Flop



PokerStars Zoom Hand #241347485316:  Hold'em No Limit ($0.25/$0.50 - $10 Cap - ) - 2023/01/23 14:47:26 ET
Table 'Alpha Reticuli (Cap)' 2-max Seat #1 is the button
Seat 1: bigiuadrian ($9 in chips) 
Seat 2: Lorpugo ($9.25 in chips) 
bigiuadrian: posts small blind $0.25
Lorpugo: posts big blind $0.50
*** HOLE CARDS ***
Dealt to Lorpugo [Qd Kd]
bigiuadrian: calls $0.25
Lorpugo: raises $2 to $2.50
bigiuadrian: folds 
Uncalled bet ($2) returned to Lorpugo
Lorpugo collected $1 from pot
Lorpugo: doesn't show hand 
*** SUMMARY ***
Total pot $1 | Rake $0 
Seat 1: bigiuadrian (button) (small blind) folded before Flop
Seat 2: Lorpugo (big blind) collected ($1)



PokerStars Zoom Hand #241347490382:  Hold'em No Limit ($0.25/$0.50 - $10 Cap - ) - 2023/01/23 14:47:39 ET
Table 'Alpha Reticuli (Cap)' 2-max Seat #1 is the button
Seat 1: Lorpugo ($9.75 in chips) 
Seat 2: bigiuadrian ($8.50 in chips) 
Lorpugo: posts small blind $0.25
bigiuadrian: posts big blind $0.50
*** HOLE CARDS ***
Dealt to Lorpugo [4h 4d]
Lorpugo: calls $0.25
bigiuadrian: checks 
*** FLOP *** [Ac 3c Kd]
bigiuadrian: checks 
Lorpugo: bets $0.50
bigiuadrian: raises $1.15 to $1.65
Lorpugo: calls $1.15
*** TURN *** [Ac 3c Kd] [9c]
bigiuadrian: checks 
Lorpugo: checks 
*** RIVER *** [Ac 3c Kd 9c] [8c]
bigiuadrian: bets $3.10
Lorpugo: folds 
Uncalled bet ($3.10) returned to bigiuadrian
bigiuadrian collected $4.08 from pot
bigiuadrian: doesn't show hand 
*** SUMMARY ***
Total pot $4.30 | Rake $0.22 
Board [Ac 3c Kd 9c 8c]
Seat 1: Lorpugo (button) (small blind) folded on the River
Seat 2: bigiuadrian (big blind) collected ($4.08)



PokerStars Zoom Hand #241347507539:  Hold'em No Limit ($0.25/$0.50 - $10 Cap - ) - 2023/01/23 14:48:20 ET
Table 'Alpha Reticuli (Cap)' 2-max Seat #1 is the button
Seat 1: Lorpugo ($7.60 in chips) 
Seat 2: amphii ($10 in chips) 
Lorpugo: posts small blind $0.25
amphii: posts big blind $0.50
*** HOLE CARDS ***
Dealt to Lorpugo [8c 3d]
Lorpugo: folds 
Uncalled bet ($0.25) returned to amphii
amphii collected $0.50 from pot
amphii: doesn't show hand 
*** SUMMARY ***
Total pot $0.50 | Rake $0 
Seat 1: Lorpugo (button) (small blind) folded before Flop
Seat 2: amphii (big blind) collected ($0.50)



PokerStars Zoom Hand #241347509606:  Hold'em No Limit ($0.25/$0.50 - $10 Cap - ) - 2023/01/23 14:48:25 ET
Table 'Alpha Reticuli (Cap)' 2-max Seat #1 is the button
Seat 1: amphii ($10.25 in chips) 
Seat 2: Lorpugo ($7.35 in chips) 
amphii: posts small blind $0.25
Lorpugo: posts big blind $0.50
*** HOLE CARDS ***
Dealt to Lorpugo [3d Jh]
amphii: raises $9.50 to $10 and has reached the $10 cap
Lorpugo: folds 
Uncalled bet ($9.50) returned to amphii
amphii collected $1 from pot
amphii: doesn't show hand 
*** SUMMARY ***
Total pot $1 | Rake $0 
Seat 1: amphii (button) (small blind) collected ($1)
Seat 2: Lorpugo (big blind) folded before Flop



PokerStars Zoom Hand #241347512453:  Hold'em No Limit ($0.25/$0.50 - $10 Cap - ) - 2023/01/23 14:48:32 ET
Table 'Alpha Reticuli (Cap)' 2-max Seat #1 is the button
Seat 1: vivilalau ($26.80 in chips) 
Seat 2: Lorpugo ($6.85 in chips) 
vivilalau: posts small blind $0.25
Lorpugo: posts big blind $0.50
*** HOLE CARDS ***
Dealt to Lorpugo [9d Jd]
vivilalau: calls $0.25
Lorpugo: raises $0.75 to $1.25
vivilalau: calls $0.75
*** FLOP *** [Ad Kc Jh]
Lorpugo: checks 
vivilalau: checks 
*** TURN *** [Ad Kc Jh] [3d]
Lorpugo: bets $1.19
vivilalau: calls $1.19
*** RIVER *** [Ad Kc Jh 3d] [5s]
Lorpugo: checks 
vivilalau: bets $4.64
Lorpugo: calls $4.41 and is all-in
Uncalled bet ($0.23) returned to vivilalau
*** SHOW DOWN ***
vivilalau: shows [8c 7h] (high card Ace)
Lorpugo: shows [9d Jd] (a pair of Jacks)
Lorpugo collected $13.02 from pot
*** SUMMARY ***
Total pot $13.70 | Rake $0.68 
Board [Ad Kc Jh 3d 5s]
Seat 1: vivilalau (button) (small blind) showed [8c 7h] and lost with high card Ace
Seat 2: Lorpugo (big blind) showed [9d Jd] and won ($13.02) with a pair of Jacks



PokerStars Zoom Hand #241347527275:  Hold'em No Limit ($0.25/$0.50 - $10 Cap - ) - 2023/01/23 14:49:09 ET
Table 'Alpha Reticuli (Cap)' 2-max Seat #1 is the button
Seat 1: Lorpugo ($13.02 in chips) 
Seat 2: vivilalau ($19.95 in chips) 
Lorpugo: posts small blind $0.25
vivilalau: posts big blind $0.50
*** HOLE CARDS ***
Dealt to Lorpugo [Tc Th]
Lorpugo: raises $0.50 to $1
vivilalau: calls $0.50
*** FLOP *** [Ks 8d Js]
vivilalau: checks 
Lorpugo: checks 
*** TURN *** [Ks 8d Js] [9h]
vivilalau: checks 
Lorpugo: checks 
*** RIVER *** [Ks 8d Js 9h] [6d]
vivilalau: bets $0.50
Lorpugo: calls $0.50
*** SHOW DOWN ***
vivilalau: shows [Qh 3d] (high card King)
Lorpugo: shows [Tc Th] (a pair of Tens)
Lorpugo collected $2.85 from pot
*** SUMMARY ***
Total pot $3 | Rake $0.15 
Board [Ks 8d Js 9h 6d]
Seat 1: Lorpugo (button) (small blind) showed [Tc Th] and won ($2.85) with a pair of Tens
Seat 2: vivilalau (big blind) showed [Qh 3d] and lost with high card King



PokerStars Zoom Hand #241347535157:  Hold'em No Limit ($0.25/$0.50 - $10 Cap - ) - 2023/01/23 14:49:28 ET
Table 'Alpha Reticuli (Cap)' 2-max Seat #1 is the button
Seat 1: vivilalau ($18.45 in chips) 
Seat 2: Lorpugo ($14.37 in chips) 
vivilalau: posts small blind $0.25
Lorpugo: posts big blind $0.50
*** HOLE CARDS ***
Dealt to Lorpugo [6s Qd]
vivilalau: calls $0.25
Lorpugo: checks 
*** FLOP *** [Ts 8s 5d]
Lorpugo: checks 
vivilalau: checks 
*** TURN *** [Ts 8s 5d] [7d]
Lorpugo: checks 
vivilalau: checks 
*** RIVER *** [Ts 8s 5d 7d] [9s]
Lorpugo: checks 
vivilalau: checks 
*** SHOW DOWN ***
Lorpugo: shows [6s Qd] (a straight, Six to Ten)
vivilalau: mucks hand 
Lorpugo collected $0.95 from pot
*** SUMMARY ***
Total pot $1 | Rake $0.05 
Board [Ts 8s 5d 7d 9s]
Seat 1: vivilalau (button) (small blind) mucked [4d 2h]
Seat 2: Lorpugo (big blind) showed [6s Qd] and won ($0.95) with a straight, Six to Ten



PokerStars Zoom Hand #241347545428:  Hold'em No Limit ($0.25/$0.50 - $10 Cap - ) - 2023/01/23 14:49:53 ET
Table 'Alpha Reticuli (Cap)' 2-max Seat #1 is the button
Seat 1: Lorpugo ($14.82 in chips) 
Seat 2: amphii ($18.83 in chips) 
Lorpugo: posts small blind $0.25
amphii: posts big blind $0.50
*** HOLE CARDS ***
Dealt to Lorpugo [9d 2c]
Lorpugo: folds 
Uncalled bet ($0.25) returned to amphii
amphii collected $0.50 from pot
amphii: doesn't show hand 
*** SUMMARY ***
Total pot $0.50 | Rake $0 
Seat 1: Lorpugo (button) (small blind) folded before Flop
Seat 2: amphii (big blind) collected ($0.50)



PokerStars Zoom Hand #241347548244:  Hold'em No Limit ($0.25/$0.50 - $10 Cap - ) - 2023/01/23 14:50:00 ET
Table 'Alpha Reticuli (Cap)' 2-max Seat #1 is the button
Seat 1: vivilalau ($17.45 in chips) 
Seat 2: Lorpugo ($14.57 in chips) 
vivilalau: posts small blind $0.25
Lorpugo: posts big blind $0.50
*** HOLE CARDS ***
Dealt to Lorpugo [Kd 5h]
vivilalau: folds 
Uncalled bet ($0.25) returned to Lorpugo
Lorpugo collected $0.50 from pot
Lorpugo: doesn't show hand 
*** SUMMARY ***
Total pot $0.50 | Rake $0 
Seat 1: vivilalau (button) (small blind) folded before Flop
Seat 2: Lorpugo (big blind) collected ($0.50)



PokerStars Zoom Hand #241347551144:  Hold'em No Limit ($0.25/$0.50 - $10 Cap - ) - 2023/01/23 14:50:07 ET
Table 'Alpha Reticuli (Cap)' 2-max Seat #1 is the button
Seat 1: Lorpugo ($14.82 in chips) 
Seat 2: vivilalau ($17.20 in chips) 
Lorpugo: posts small blind $0.25
vivilalau: posts big blind $0.50
*** HOLE CARDS ***
Dealt to Lorpugo [9s Qd]
Lorpugo: raises $0.50 to $1
vivilalau: calls $0.50
*** FLOP *** [Qh 2h 3s]
vivilalau: checks 
Lorpugo: checks 
*** TURN *** [Qh 2h 3s] [Ah]
vivilalau: bets $1.90
Lorpugo: calls $1.90
*** RIVER *** [Qh 2h 3s Ah] [Jh]
vivilalau: checks 
Lorpugo: checks 
*** SHOW DOWN ***
vivilalau: shows [2s 3h] (a flush, Ace high)
Lorpugo: mucks hand 
vivilalau collected $5.51 from pot
*** SUMMARY ***
Total pot $5.80 | Rake $0.29 
Board [Qh 2h 3s Ah Jh]
Seat 1: Lorpugo (button) (small blind) mucked [9s Qd]
Seat 2: vivilalau (big blind) showed [2s 3h] and won ($5.51) with a flush, Ace high



PokerStars Zoom Hand #241347564445:  Hold'em No Limit ($0.25/$0.50 - $10 Cap - ) - 2023/01/23 14:50:39 ET
Table 'Alpha Reticuli (Cap)' 2-max Seat #1 is the button
Seat 1: nasserterapia ($5.61 in chips) 
Seat 2: Lorpugo ($11.92 in chips) 
nasserterapia: posts small blind $0.25
Lorpugo: posts big blind $0.50
*** HOLE CARDS ***
Dealt to Lorpugo [6h Qh]
nasserterapia: calls $0.25
Lorpugo: checks 
*** FLOP *** [6d As 9s]
Lorpugo: checks 
nasserterapia: checks 
*** TURN *** [6d As 9s] [2c]
Lorpugo: checks 
nasserterapia: checks 
*** RIVER *** [6d As 9s 2c] [8d]
Lorpugo: checks 
nasserterapia: bets $0.95
Lorpugo: calls $0.95
*** SHOW DOWN ***
nasserterapia: shows [Ac Qd] (a pair of Aces)
Lorpugo: mucks hand 
nasserterapia collected $2.76 from pot
*** SUMMARY ***
Total pot $2.90 | Rake $0.14 
Board [6d As 9s 2c 8d]
Seat 1: nasserterapia (button) (small blind) showed [Ac Qd] and won ($2.76) with a pair of Aces
Seat 2: Lorpugo (big blind) mucked [6h Qh]



PokerStars Zoom Hand #241347573128:  Hold'em No Limit ($0.25/$0.50 - $10 Cap - ) - 2023/01/23 14:51:00 ET
Table 'Alpha Reticuli (Cap)' 2-max Seat #1 is the button
Seat 1: Lorpugo ($10.47 in chips) 
Seat 2: bigiuadrian ($14.32 in chips) 
Lorpugo: posts small blind $0.25
bigiuadrian: posts big blind $0.50
*** HOLE CARDS ***
Dealt to Lorpugo [3h Qc]
Lorpugo: folds 
Uncalled bet ($0.25) returned to bigiuadrian
bigiuadrian collected $0.50 from pot
bigiuadrian: doesn't show hand 
*** SUMMARY ***
Total pot $0.50 | Rake $0 
Seat 1: Lorpugo (button) (small blind) folded before Flop
Seat 2: bigiuadrian (big blind) collected ($0.50)



PokerStars Zoom Hand #241347575582:  Hold'em No Limit ($0.25/$0.50 - $10 Cap - ) - 2023/01/23 14:51:06 ET
Table 'Alpha Reticuli (Cap)' 2-max Seat #1 is the button
Seat 1: nasserterapia ($6.92 in chips) 
Seat 2: Lorpugo ($10.22 in chips) 
nasserterapia: posts small blind $0.25
Lorpugo: posts big blind $0.50
*** HOLE CARDS ***
Dealt to Lorpugo [4c 5c]
nasserterapia: calls $0.25
Lorpugo: checks 
*** FLOP *** [Qh Ks Ts]
Lorpugo: checks 
nasserterapia: checks 
*** TURN *** [Qh Ks Ts] [Jd]
Lorpugo: checks 
nasserterapia: checks 
*** RIVER *** [Qh Ks Ts Jd] [2h]
Lorpugo: bets $1
nasserterapia: raises $1 to $2
Lorpugo: folds 
Uncalled bet ($1) returned to nasserterapia
nasserterapia collected $2.85 from pot
nasserterapia: doesn't show hand 
*** SUMMARY ***
Total pot $3 | Rake $0.15 
Board [Qh Ks Ts Jd 2h]
Seat 1: nasserterapia (button) (small blind) collected ($2.85)
Seat 2: Lorpugo (big blind) folded on the River



PokerStars Zoom Hand #241347585217:  Hold'em No Limit ($0.25/$0.50 - $10 Cap - ) - 2023/01/23 14:51:30 ET
Table 'Alpha Reticuli (Cap)' 2-max Seat #1 is the button
Seat 1: Lorpugo ($8.72 in chips) 
Seat 2: bigiuadrian ($15.47 in chips) 
Lorpugo: posts small blind $0.25
bigiuadrian: posts big blind $0.50
*** HOLE CARDS ***
Dealt to Lorpugo [9s 4c]
Lorpugo: folds 
Uncalled bet ($0.25) returned to bigiuadrian
bigiuadrian collected $0.50 from pot
bigiuadrian: doesn't show hand 
*** SUMMARY ***
Total pot $0.50 | Rake $0 
Seat 1: Lorpugo (button) (small blind) folded before Flop
Seat 2: bigiuadrian (big blind) collected ($0.50)



PokerStars Zoom Hand #241347587169:  Hold'em No Limit ($0.25/$0.50 - $10 Cap - ) - 2023/01/23 14:51:34 ET
Table 'Alpha Reticuli (Cap)' 2-max Seat #1 is the button
Seat 1: Lorpugo ($8.47 in chips) 
Seat 2: amphii ($10.70 in chips) 
Lorpugo: posts small blind $0.25
amphii: posts big blind $0.50
*** HOLE CARDS ***
Dealt to Lorpugo [Tc Qc]
Lorpugo: raises $0.50 to $1
amphii: calls $0.50
*** FLOP *** [Js 8s 7d]
amphii: checks 
Lorpugo: checks 
*** TURN *** [Js 8s 7d] [3c]
amphii: checks 
Lorpugo: checks 
*** RIVER *** [Js 8s 7d 3c] [As]
amphii: checks 
Lorpugo: checks 
*** SHOW DOWN ***
amphii: shows [5c Kh] (high card Ace)
Lorpugo: mucks hand 
amphii collected $1.90 from pot
*** SUMMARY ***
Total pot $2 | Rake $0.10 
Board [Js 8s 7d 3c As]
Seat 1: Lorpugo (button) (small blind) mucked [Tc Qc]
Seat 2: amphii (big blind) showed [5c Kh] and won ($1.90) with high card Ace



PokerStars Zoom Hand #241347596604:  Hold'em No Limit ($0.25/$0.50 - $10 Cap - ) - 2023/01/23 14:51:57 ET
Table 'Alpha Reticuli (Cap)' 2-max Seat #1 is the button
Seat 1: StefanovPPV ($9.30 in chips) 
Seat 2: Lorpugo ($7.47 in chips) 
StefanovPPV: posts small blind $0.25
Lorpugo: posts big blind $0.50
*** HOLE CARDS ***
Dealt to Lorpugo [5h 6d]
StefanovPPV: calls $0.25
Lorpugo: checks 
*** FLOP *** [5d Kh 2c]
Lorpugo: checks 
StefanovPPV: bets $0.50
Lorpugo: calls $0.50
*** TURN *** [5d Kh 2c] [Qs]
Lorpugo: checks 
StefanovPPV: bets $0.50
Lorpugo: calls $0.50
*** RIVER *** [5d Kh 2c Qs] [8d]
Lorpugo: checks 
StefanovPPV: bets $2.85
Lorpugo: folds 
Uncalled bet ($2.85) returned to StefanovPPV
StefanovPPV collected $2.85 from pot
StefanovPPV: doesn't show hand 
*** SUMMARY ***
Total pot $3 | Rake $0.15 
Board [5d Kh 2c Qs 8d]
Seat 1: StefanovPPV (button) (small blind) collected ($2.85)
Seat 2: Lorpugo (big blind) folded on the River



PokerStars Zoom Hand #241347605331:  Hold'em No Limit ($0.25/$0.50 - $10 Cap - ) - 2023/01/23 14:52:19 ET
Table 'Alpha Reticuli (Cap)' 2-max Seat #1 is the button
Seat 1: amphii ($19.73 in chips) 
Seat 2: Lorpugo ($5.97 in chips) 
amphii: posts small blind $0.25
Lorpugo: posts big blind $0.50
*** HOLE CARDS ***
Dealt to Lorpugo [Tc 8d]
amphii: folds 
Uncalled bet ($0.25) returned to Lorpugo
Lorpugo collected $0.50 from pot
Lorpugo: doesn't show hand 
*** SUMMARY ***
Total pot $0.50 | Rake $0 
Seat 1: amphii (button) (small blind) folded before Flop
Seat 2: Lorpugo (big blind) collected ($0.50)



PokerStars Zoom Hand #241347613060:  Hold'em No Limit ($0.25/$0.50 - $10 Cap - ) - 2023/01/23 14:52:38 ET
Table 'Alpha Reticuli (Cap)' 2-max Seat #1 is the button
Seat 1: amphii ($21.35 in chips) 
Seat 2: Lorpugo ($6.22 in chips) 
amphii: posts small blind $0.25
Lorpugo: posts big blind $0.50
*** HOLE CARDS ***
Dealt to Lorpugo [Tc As]
amphii: calls $0.25
Lorpugo: raises $5.72 to $6.22 and is all-in
amphii: folds 
Uncalled bet ($5.72) returned to Lorpugo
Lorpugo collected $1 from pot
Lorpugo: doesn't show hand 
*** SUMMARY ***
Total pot $1 | Rake $0 
Seat 1: amphii (button) (small blind) folded before Flop
Seat 2: Lorpugo (big blind) collected ($1)



PokerStars Zoom Hand #241347617999:  Hold'em No Limit ($0.25/$0.50 - $10 Cap - ) - 2023/01/23 14:52:50 ET
Table 'Alpha Reticuli (Cap)' 2-max Seat #1 is the button
Seat 1: Lorpugo ($6.72 in chips) 
Seat 2: amphii ($17.98 in chips) 
Lorpugo: posts small blind $0.25
amphii: posts big blind $0.50
*** HOLE CARDS ***
Dealt to Lorpugo [6h 8c]
Lorpugo: calls $0.25
amphii: checks 
*** FLOP *** [Kc 4c 6d]
amphii: checks 
Lorpugo: bets $0.63
amphii: folds 
Uncalled bet ($0.63) returned to Lorpugo
Lorpugo collected $0.95 from pot
Lorpugo: doesn't show hand 
*** SUMMARY ***
Total pot $1 | Rake $0.05 
Board [Kc 4c 6d]
Seat 1: Lorpugo (button) (small blind) collected ($0.95)
Seat 2: amphii (big blind) folded on the Flop



PokerStars Zoom Hand #241347623866:  Hold'em No Limit ($0.25/$0.50 - $10 Cap - ) - 2023/01/23 14:53:04 ET
Table 'Alpha Reticuli (Cap)' 2-max Seat #1 is the button
Seat 1: Lorpugo ($7.17 in chips) 
Seat 2: amphii ($19.35 in chips) 
Lorpugo: posts small blind $0.25
amphii: posts big blind $0.50
*** HOLE CARDS ***
Dealt to Lorpugo [Ac 8c]
Lorpugo: raises $0.50 to $1
amphii: raises $9 to $10 and has reached the $10 cap
Lorpugo: calls $6.17 and is all-in
Uncalled bet ($2.83) returned to amphii
*** FLOP *** [8s 3h 5c]
*** TURN *** [8s 3h 5c] [2c]
*** RIVER *** [8s 3h 5c 2c] [6d]
*** SHOW DOWN ***
amphii: shows [6c Ad] (a pair of Sixes)
Lorpugo: shows [Ac 8c] (a pair of Eights)
Lorpugo collected $13.62 from pot
*** SUMMARY ***
Total pot $14.34 | Rake $0.72 
Board [8s 3h 5c 2c 6d]
Seat 1: Lorpugo (button) (small blind) showed [Ac 8c] and won ($13.62) with a pair of Eights
Seat 2: amphii (big blind) showed [6c Ad] and lost with a pair of Sixes



PokerStars Zoom Hand #241347630575:  Hold'em No Limit ($0.25/$0.50 - $10 Cap - ) - 2023/01/23 14:53:20 ET
Table 'Alpha Reticuli (Cap)' 2-max Seat #1 is the button
Seat 1: Lorpugo ($13.62 in chips) 
Seat 2: StefanovPPV ($11.90 in chips) 
Lorpugo: posts small blind $0.25
StefanovPPV: posts big blind $0.50
*** HOLE CARDS ***
Dealt to Lorpugo [7c 6s]
Lorpugo: raises $0.50 to $1
StefanovPPV: calls $0.50
*** FLOP *** [Qc 9c 2s]
StefanovPPV: checks 
Lorpugo: checks 
*** TURN *** [Qc 9c 2s] [8c]
StefanovPPV: bets $1.50
Lorpugo: folds 
Uncalled bet ($1.50) returned to StefanovPPV
StefanovPPV collected $1.90 from pot
StefanovPPV: doesn't show hand 
*** SUMMARY ***
Total pot $2 | Rake $0.10 
Board [Qc 9c 2s 8c]
Seat 1: Lorpugo (button) (small blind) folded on the Turn
Seat 2: StefanovPPV (big blind) collected ($1.90)



PokerStars Zoom Hand #241347642795:  Hold'em No Limit ($0.25/$0.50 - $10 Cap - ) - 2023/01/23 14:53:50 ET
Table 'Alpha Reticuli (Cap)' 2-max Seat #1 is the button
Seat 1: amphii ($12.68 in chips) 
Seat 2: Lorpugo ($12.62 in chips) 
amphii: posts small blind $0.25
Lorpugo: posts big blind $0.50
*** HOLE CARDS ***
Dealt to Lorpugo [7d Th]
amphii: folds 
Uncalled bet ($0.25) returned to Lorpugo
Lorpugo collected $0.50 from pot
Lorpugo: doesn't show hand 
*** SUMMARY ***
Total pot $0.50 | Rake $0 
Seat 1: amphii (button) (small blind) folded before Flop
Seat 2: Lorpugo (big blind) collected ($0.50)



PokerStars Zoom Hand #241347646526:  Hold'em No Limit ($0.25/$0.50 - $10 Cap - ) - 2023/01/23 14:53:59 ET
Table 'Alpha Reticuli (Cap)' 2-max Seat #1 is the button
Seat 1: bigiuadrian ($19.57 in chips) 
Seat 2: Lorpugo ($12.87 in chips) 
bigiuadrian: posts small blind $0.25
Lorpugo: posts big blind $0.50
*** HOLE CARDS ***
Dealt to Lorpugo [Th 8s]
bigiuadrian: calls $0.25
Lorpugo: checks 
*** FLOP *** [8c 8h 9h]
Lorpugo: checks 
bigiuadrian: bets $0.50
Lorpugo: calls $0.50
*** TURN *** [8c 8h 9h] [7c]
Lorpugo: checks 
bigiuadrian: checks 
*** RIVER *** [8c 8h 9h 7c] [7s]
Lorpugo: checks 
bigiuadrian: checks 
*** SHOW DOWN ***
Lorpugo: shows [Th 8s] (a full house, Eights full of Sevens)
bigiuadrian: mucks hand 
Lorpugo collected $1.90 from pot
*** SUMMARY ***
Total pot $2 | Rake $0.10 
Board [8c 8h 9h 7c 7s]
Seat 1: bigiuadrian (button) (small blind) mucked [4h Qs]
Seat 2: Lorpugo (big blind) showed [Th 8s] and won ($1.90) with a full house, Eights full of Sevens



PokerStars Zoom Hand #241347657869:  Hold'em No Limit ($0.25/$0.50 - $10 Cap - ) - 2023/01/23 14:54:27 ET
Table 'Alpha Reticuli (Cap)' 2-max Seat #1 is the button
Seat 1: Lorpugo ($13.77 in chips) 
Seat 2: vivilalau ($15.71 in chips) 
Lorpugo: posts small blind $0.25
vivilalau: posts big blind $0.50
*** HOLE CARDS ***
Dealt to Lorpugo [Td 6d]
Lorpugo: calls $0.25
vivilalau: checks 
*** FLOP *** [8d Jc Tc]
vivilalau: checks 
Lorpugo: checks 
*** TURN *** [8d Jc Tc] [4c]
vivilalau: bets $1
Lorpugo: calls $1
*** RIVER *** [8d Jc Tc 4c] [3d]
vivilalau: bets $2.85
Lorpugo: calls $2.85
*** SHOW DOWN ***
vivilalau: shows [8c 7c] (a flush, Jack high)
Lorpugo: mucks hand 
vivilalau collected $8.26 from pot
*** SUMMARY ***
Total pot $8.70 | Rake $0.44 
Board [8d Jc Tc 4c 3d]
Seat 1: Lorpugo (button) (small blind) mucked [Td 6d]
Seat 2: vivilalau (big blind) showed [8c 7c] and won ($8.26) with a flush, Jack high



PokerStars Zoom Hand #241347673544:  Hold'em No Limit ($0.25/$0.50 - $10 Cap - ) - 2023/01/23 14:55:05 ET
Table 'Alpha Reticuli (Cap)' 2-max Seat #1 is the button
Seat 1: Lorpugo ($9.42 in chips) 
Seat 2: vivilalau ($19.37 in chips) 
Lorpugo: posts small blind $0.25
vivilalau: posts big blind $0.50
*** HOLE CARDS ***
Dealt to Lorpugo [Qd 4c]
Lorpugo: calls $0.25
vivilalau: checks 
*** FLOP *** [Kc Jh 2c]
vivilalau: checks 
Lorpugo: bets $0.50
vivilalau: folds 
Uncalled bet ($0.50) returned to Lorpugo
Lorpugo collected $0.95 from pot
Lorpugo: doesn't show hand 
*** SUMMARY ***
Total pot $1 | Rake $0.05 
Board [Kc Jh 2c]
Seat 1: Lorpugo (button) (small blind) collected ($0.95)
Seat 2: vivilalau (big blind) folded on the Flop



PokerStars Zoom Hand #241347680662:  Hold'em No Limit ($0.25/$0.50 - $10 Cap - ) - 2023/01/23 14:55:24 ET
Table 'Alpha Reticuli (Cap)' 2-max Seat #1 is the button
Seat 1: bigiuadrian ($18.27 in chips) 
Seat 2: Lorpugo ($9.87 in chips) 
bigiuadrian: posts small blind $0.25
Lorpugo: posts big blind $0.50
*** HOLE CARDS ***
Dealt to Lorpugo [Jd 3d]
bigiuadrian: raises $0.50 to $1
Lorpugo: calls $0.50
*** FLOP *** [6h 6d 2d]
Lorpugo: checks 
bigiuadrian: bets $0.95
Lorpugo: raises $7.92 to $8.87 and is all-in
bigiuadrian: calls $7.92
*** TURN *** [6h 6d 2d] [Kh]
*** RIVER *** [6h 6d 2d Kh] [4c]
*** SHOW DOWN ***
Lorpugo: shows [Jd 3d] (a pair of Sixes)
bigiuadrian: shows [As 7h] (a pair of Sixes - Ace kicker)
bigiuadrian collected $18.99 from pot
*** SUMMARY ***
Total pot $19.74 | Rake $0.75 
Board [6h 6d 2d Kh 4c]
Seat 1: bigiuadrian (button) (small blind) showed [As 7h] and won ($18.99) with a pair of Sixes
Seat 2: Lorpugo (big blind) showed [Jd 3d] and lost with a pair of Sixes



PokerStars Zoom Hand #241347694028:  Hold'em No Limit ($0.25/$0.50 - $10 Cap - ) - 2023/01/23 14:56:07 ET
Table 'Alpha Reticuli (Cap)' 2-max Seat #1 is the button
Seat 1: Lorpugo ($10 in chips) 
Seat 2: amphii ($10 in chips) 
Lorpugo: posts small blind $0.25
amphii: posts big blind $0.50
*** HOLE CARDS ***
Dealt to Lorpugo [Ks Jc]
Lorpugo: raises $0.50 to $1
amphii: folds 
Uncalled bet ($0.50) returned to Lorpugo
Lorpugo collected $1 from pot
Lorpugo: doesn't show hand 
*** SUMMARY ***
Total pot $1 | Rake $0 
Seat 1: Lorpugo (button) (small blind) collected ($1)
Seat 2: amphii (big blind) folded before Flop



PokerStars Zoom Hand #241347697192:  Hold'em No Limit ($0.25/$0.50 - $10 Cap - ) - 2023/01/23 14:56:18 ET
Table 'Alpha Reticuli (Cap)' 2-max Seat #1 is the button
Seat 1: amphii ($10.41 in chips) 
Seat 2: Lorpugo ($10.50 in chips) 
amphii: posts small blind $0.25
Lorpugo: posts big blind $0.50
*** HOLE CARDS ***
Dealt to Lorpugo [Ac Tc]
amphii: raises $0.50 to $1
Lorpugo: calls $0.50
*** FLOP *** [Ad 4c Kh]
Lorpugo: checks 
amphii: bets $0.63
Lorpugo: raises $0.63 to $1.26
amphii: raises $1.13 to $2.39
Lorpugo: raises $6.61 to $9 and has reached the $10 cap
amphii: folds 
Uncalled bet ($6.61) returned to Lorpugo
Lorpugo collected $6.44 from pot
Lorpugo: doesn't show hand 
*** SUMMARY ***
Total pot $6.78 | Rake $0.34 
Board [Ad 4c Kh]
Seat 1: amphii (button) (small blind) folded on the Flop
Seat 2: Lorpugo (big blind) collected ($6.44)



PokerStars Zoom Hand #241347704584:  Hold'em No Limit ($0.25/$0.50 - $10 Cap - ) - 2023/01/23 14:56:42 ET
Table 'Alpha Reticuli (Cap)' 2-max Seat #1 is the button
Seat 1: Lorpugo ($13.55 in chips) 
Seat 2: amphii ($10.50 in chips) 
Lorpugo: posts small blind $0.25
amphii: posts big blind $0.50
*** HOLE CARDS ***
Dealt to Lorpugo [4c 3s]
Lorpugo: folds 
Uncalled bet ($0.25) returned to amphii
amphii collected $0.50 from pot
amphii: doesn't show hand 
*** SUMMARY ***
Total pot $0.50 | Rake $0 
Seat 1: Lorpugo (button) (small blind) folded before Flop
Seat 2: amphii (big blind) collected ($0.50)



PokerStars Zoom Hand #241347706078:  Hold'em No Limit ($0.25/$0.50 - $10 Cap - ) - 2023/01/23 14:56:47 ET
Table 'Alpha Reticuli (Cap)' 2-max Seat #1 is the button
Seat 1: Lorpugo ($13.30 in chips) 
Seat 2: amphii ($10 in chips) 
Lorpugo: posts small blind $0.25
amphii: posts big blind $0.50
*** HOLE CARDS ***
Dealt to Lorpugo [7c 7h]
Lorpugo: raises $0.50 to $1
amphii: folds 
Uncalled bet ($0.50) returned to Lorpugo
Lorpugo collected $1 from pot
Lorpugo: doesn't show hand 
*** SUMMARY ***
Total pot $1 | Rake $0 
Seat 1: Lorpugo (button) (small blind) collected ($1)
Seat 2: amphii (big blind) folded before Flop



PokerStars Zoom Hand #241347709534:  Hold'em No Limit ($0.25/$0.50 - $10 Cap - ) - 2023/01/23 14:56:58 ET
Table 'Alpha Reticuli (Cap)' 2-max Seat #1 is the button
Seat 1: vivilalau ($18.82 in chips) 
Seat 2: Lorpugo ($13.80 in chips) 
vivilalau: posts small blind $0.25
Lorpugo: posts big blind $0.50
*** HOLE CARDS ***
Dealt to Lorpugo [9h 8h]
vivilalau: folds 
Uncalled bet ($0.25) returned to Lorpugo
Lorpugo collected $0.50 from pot
Lorpugo: doesn't show hand 
*** SUMMARY ***
Total pot $0.50 | Rake $0 
Seat 1: vivilalau (button) (small blind) folded before Flop
Seat 2: Lorpugo (big blind) collected ($0.50)



PokerStars Zoom Hand #241347713323:  Hold'em No Limit ($0.25/$0.50 - $10 Cap - ) - 2023/01/23 14:57:10 ET
Table 'Alpha Reticuli (Cap)' 2-max Seat #1 is the button
Seat 1: amphii ($10 in chips) 
Seat 2: Lorpugo ($14.05 in chips) 
amphii: posts small blind $0.25
Lorpugo: posts big blind $0.50
*** HOLE CARDS ***
Dealt to Lorpugo [Ts Jh]
amphii: raises $0.50 to $1
Lorpugo: calls $0.50
*** FLOP *** [2s Td 5h]
Lorpugo: checks 
amphii: bets $0.63
Lorpugo: raises $8.37 to $9 and has reached the $10 cap
amphii: calls $8.37 and is all-in
*** TURN *** [2s Td 5h] [9h]
*** RIVER *** [2s Td 5h 9h] [6d]
*** SHOW DOWN ***
Lorpugo: shows [Ts Jh] (a pair of Tens)
amphii: shows [Ac Th] (a pair of Tens - Ace kicker)
amphii collected $19.25 from pot
*** SUMMARY ***
Total pot $20 | Rake $0.75 
Board [2s Td 5h 9h 6d]
Seat 1: amphii (button) (small blind) showed [Ac Th] and won ($19.25) with a pair of Tens
Seat 2: Lorpugo (big blind) showed [Ts Jh] and lost with a pair of Tens



PokerStars Zoom Hand #241347720912:  Hold'em No Limit ($0.25/$0.50 - $10 Cap - ) - 2023/01/23 14:57:34 ET
Table 'Alpha Reticuli (Cap)' 2-max Seat #1 is the button
Seat 1: StefanovPPV ($22.36 in chips) 
Seat 2: Lorpugo ($4.05 in chips) 
StefanovPPV: posts small blind $0.25
Lorpugo: posts big blind $0.50
*** HOLE CARDS ***
Dealt to Lorpugo [Ac 6h]
StefanovPPV: calls $0.25
Lorpugo: raises $3.55 to $4.05 and is all-in
StefanovPPV: calls $3.55
*** FLOP *** [Kh Qd 6s]
*** TURN *** [Kh Qd 6s] [9d]
*** RIVER *** [Kh Qd 6s 9d] [9s]
*** SHOW DOWN ***
Lorpugo: shows [Ac 6h] (two pair, Nines and Sixes)
StefanovPPV: shows [Kd 3c] (two pair, Kings and Nines)
StefanovPPV collected $7.70 from pot
*** SUMMARY ***
Total pot $8.10 | Rake $0.40 
Board [Kh Qd 6s 9d 9s]
Seat 1: StefanovPPV (button) (small blind) showed [Kd 3c] and won ($7.70) with two pair, Kings and Nines
Seat 2: Lorpugo (big blind) showed [Ac 6h] and lost with two pair, Nines and Sixes



PokerStars Zoom Hand #241347728781:  Hold'em No Limit ($0.25/$0.50 - $10 Cap - ) - 2023/01/23 14:57:59 ET
Table 'Alpha Reticuli (Cap)' 2-max Seat #1 is the button
Seat 1: Lorpugo ($10 in chips) 
Seat 2: bigiuadrian ($26.48 in chips) 
Lorpugo: posts small blind $0.25
bigiuadrian: posts big blind $0.50
*** HOLE CARDS ***
Dealt to Lorpugo [Kc 7d]
Lorpugo: raises $0.50 to $1
bigiuadrian: calls $0.50
*** FLOP *** [4d Ad 2d]
bigiuadrian: checks 
Lorpugo: bets $0.95
bigiuadrian: folds 
Uncalled bet ($0.95) returned to Lorpugo
Lorpugo collected $1.90 from pot
Lorpugo: doesn't show hand 
*** SUMMARY ***
Total pot $2 | Rake $0.10 
Board [4d Ad 2d]
Seat 1: Lorpugo (button) (small blind) collected ($1.90)
Seat 2: bigiuadrian (big blind) folded on the Flop



PokerStars Zoom Hand #241347735776:  Hold'em No Limit ($0.25/$0.50 - $10 Cap - ) - 2023/01/23 14:58:21 ET
Table 'Alpha Reticuli (Cap)' 2-max Seat #1 is the button
Seat 1: bigiuadrian ($24.48 in chips) 
Seat 2: Lorpugo ($10.90 in chips) 
bigiuadrian: posts small blind $0.25
Lorpugo: posts big blind $0.50
*** HOLE CARDS ***
Dealt to Lorpugo [9c 8s]
bigiuadrian: raises $0.50 to $1
Lorpugo: calls $0.50
*** FLOP *** [7s 5s 9s]
Lorpugo: checks 
bigiuadrian: bets $1.40
Lorpugo: raises $7.60 to $9 and has reached the $10 cap
bigiuadrian: calls $7.60 and has reached the $10 cap
*** TURN *** [7s 5s 9s] [5d]
*** RIVER *** [7s 5s 9s 5d] [Jh]
*** SHOW DOWN ***
Lorpugo: shows [9c 8s] (two pair, Nines and Fives)
bigiuadrian: shows [6h As] (a pair of Fives)
Lorpugo collected $19.25 from pot
*** SUMMARY ***
Total pot $20 | Rake $0.75 
Board [7s 5s 9s 5d Jh]
Seat 1: bigiuadrian (button) (small blind) showed [6h As] and lost with a pair of Fives
Seat 2: Lorpugo (big blind) showed [9c 8s] and won ($19.25) with two pair, Nines and Fives



PokerStars Zoom Hand #241347743224:  Hold'em No Limit ($0.25/$0.50 - $10 Cap - ) - 2023/01/23 14:58:45 ET
Table 'Alpha Reticuli (Cap)' 2-max Seat #1 is the button
Seat 1: amphii ($19.83 in chips) 
Seat 2: Lorpugo ($20.15 in chips) 
amphii: posts small blind $0.25
Lorpugo: posts big blind $0.50
*** HOLE CARDS ***
Dealt to Lorpugo [Qc 3d]
amphii: calls $0.25
Lorpugo: checks 
*** FLOP *** [Th Qd Jh]
Lorpugo: checks 
amphii: bets $0.50
Lorpugo: calls $0.50
*** TURN *** [Th Qd Jh] [9c]
Lorpugo: checks 
amphii: bets $0.97
Lorpugo: folds 
Uncalled bet ($0.97) returned to amphii
amphii collected $1.90 from pot
amphii: doesn't show hand 
*** SUMMARY ***
Total pot $2 | Rake $0.10 
Board [Th Qd Jh 9c]
Seat 1: amphii (button) (small blind) collected ($1.90)
Seat 2: Lorpugo (big blind) folded on the Turn



PokerStars Zoom Hand #241347749808:  Hold'em No Limit ($0.25/$0.50 - $10 Cap - ) - 2023/01/23 14:59:06 ET
Table 'Alpha Reticuli (Cap)' 2-max Seat #1 is the button
Seat 1: Lorpugo ($19.15 in chips) 
Seat 2: amphii ($20.73 in chips) 
Lorpugo: posts small blind $0.25
amphii: posts big blind $0.50
*** HOLE CARDS ***
Dealt to Lorpugo [Ad 7s]
Lorpugo: raises $0.50 to $1
amphii: folds 
Uncalled bet ($0.50) returned to Lorpugo
Lorpugo collected $1 from pot
Lorpugo: doesn't show hand 
*** SUMMARY ***
Total pot $1 | Rake $0 
Seat 1: Lorpugo (button) (small blind) collected ($1)
Seat 2: amphii (big blind) folded before Flop



PokerStars Zoom Hand #241347752269:  Hold'em No Limit ($0.25/$0.50 - $10 Cap - ) - 2023/01/23 14:59:14 ET
Table 'Alpha Reticuli (Cap)' 2-max Seat #1 is the button
Seat 1: amphii ($20.23 in chips) 
Seat 2: Lorpugo ($19.65 in chips) 
amphii: posts small blind $0.25
Lorpugo: posts big blind $0.50
*** HOLE CARDS ***
Dealt to Lorpugo [8s 7c]
amphii: folds 
Uncalled bet ($0.25) returned to Lorpugo
Lorpugo collected $0.50 from pot
Lorpugo: doesn't show hand 
*** SUMMARY ***
Total pot $0.50 | Rake $0 
Seat 1: amphii (button) (small blind) folded before Flop
Seat 2: Lorpugo (big blind) collected ($0.50)



PokerStars Zoom Hand #241347754200:  Hold'em No Limit ($0.25/$0.50 - $10 Cap - ) - 2023/01/23 14:59:20 ET
Table 'Alpha Reticuli (Cap)' 2-max Seat #1 is the button
Seat 1: Lorpugo ($19.90 in chips) 
Seat 2: amphii ($19.98 in chips) 
Lorpugo: posts small blind $0.25
amphii: posts big blind $0.50
*** HOLE CARDS ***
Dealt to Lorpugo [7d 2c]
Lorpugo: folds 
Uncalled bet ($0.25) returned to amphii
amphii collected $0.50 from pot
amphii: doesn't show hand 
*** SUMMARY ***
Total pot $0.50 | Rake $0 
Seat 1: Lorpugo (button) (small blind) folded before Flop
Seat 2: amphii (big blind) collected ($0.50)



PokerStars Zoom Hand #241347756079:  Hold'em No Limit ($0.25/$0.50 - $10 Cap - ) - 2023/01/23 14:59:26 ET
Table 'Alpha Reticuli (Cap)' 2-max Seat #1 is the button
Seat 1: amphii ($20.23 in chips) 
Seat 2: Lorpugo ($19.65 in chips) 
amphii: posts small blind $0.25
Lorpugo: posts big blind $0.50
*** HOLE CARDS ***
Dealt to Lorpugo [5c Ks]
amphii: calls $0.25
Lorpugo: checks 
*** FLOP *** [6s 4h 4c]
Lorpugo: checks 
amphii: bets $0.50
Lorpugo: calls $0.50
*** TURN *** [6s 4h 4c] [Ad]
Lorpugo: checks 
amphii: checks 
*** RIVER *** [6s 4h 4c Ad] [Jh]
Lorpugo: checks 
amphii: checks 
*** SHOW DOWN ***
Lorpugo: shows [5c Ks] (a pair of Fours)
amphii: mucks hand 
Lorpugo collected $1.90 from pot
*** SUMMARY ***
Total pot $2 | Rake $0.10 
Board [6s 4h 4c Ad Jh]
Seat 1: amphii (button) (small blind) mucked [Th 8c]
Seat 2: Lorpugo (big blind) showed [5c Ks] and won ($1.90) with a pair of Fours



PokerStars Zoom Hand #241347761773:  Hold'em No Limit ($0.25/$0.50 - $10 Cap - ) - 2023/01/23 14:59:45 ET
Table 'Alpha Reticuli (Cap)' 2-max Seat #1 is the button
Seat 1: Lorpugo ($20.55 in chips) 
Seat 2: amphii ($19.23 in chips) 
Lorpugo: posts small blind $0.25
amphii: posts big blind $0.50
*** HOLE CARDS ***
Dealt to Lorpugo [7d 4d]
Lorpugo: folds 
Uncalled bet ($0.25) returned to amphii
amphii collected $0.50 from pot
amphii: doesn't show hand 
*** SUMMARY ***
Total pot $0.50 | Rake $0 
Seat 1: Lorpugo (button) (small blind) folded before Flop
Seat 2: amphii (big blind) collected ($0.50)



PokerStars Zoom Hand #241347763904:  Hold'em No Limit ($0.25/$0.50 - $10 Cap - ) - 2023/01/23 14:59:52 ET
Table 'Alpha Reticuli (Cap)' 2-max Seat #1 is the button
Seat 1: Lorpugo ($20.30 in chips) 
Seat 2: StefanovPPV ($25.86 in chips) 
Lorpugo: posts small blind $0.25
StefanovPPV: posts big blind $0.50
*** HOLE CARDS ***
Dealt to Lorpugo [4d Th]
Lorpugo: folds 
Uncalled bet ($0.25) returned to StefanovPPV
StefanovPPV collected $0.50 from pot
StefanovPPV: doesn't show hand 
*** SUMMARY ***
Total pot $0.50 | Rake $0 
Seat 1: Lorpugo (button) (small blind) folded before Flop
Seat 2: StefanovPPV (big blind) collected ($0.50)



PokerStars Zoom Hand #241347765781:  Hold'em No Limit ($0.25/$0.50 - $10 Cap - ) - 2023/01/23 14:59:58 ET
Table 'Alpha Reticuli (Cap)' 2-max Seat #1 is the button
Seat 1: StefanovPPV ($26.11 in chips) 
Seat 2: Lorpugo ($20.05 in chips) 
StefanovPPV: posts small blind $0.25
Lorpugo: posts big blind $0.50
*** HOLE CARDS ***
Dealt to Lorpugo [Ad Ac]
StefanovPPV: folds 
Uncalled bet ($0.25) returned to Lorpugo
Lorpugo collected $0.50 from pot
Lorpugo: doesn't show hand 
*** SUMMARY ***
Total pot $0.50 | Rake $0 
Seat 1: StefanovPPV (button) (small blind) folded before Flop
Seat 2: Lorpugo (big blind) collected ($0.50)



PokerStars Zoom Hand #241347767991:  Hold'em No Limit ($0.25/$0.50 - $10 Cap - ) - 2023/01/23 15:00:04 ET
Table 'Alpha Reticuli (Cap)' 2-max Seat #1 is the button
Seat 1: Lorpugo ($20.30 in chips) 
Seat 2: vivilalau ($12.52 in chips) 
Lorpugo: posts small blind $0.25
vivilalau: posts big blind $0.50
*** HOLE CARDS ***
Dealt to Lorpugo [7s Jh]
Lorpugo: calls $0.25
vivilalau: checks 
*** FLOP *** [2c Ts 2s]
vivilalau: checks 
Lorpugo: bets $0.63
vivilalau: folds 
Uncalled bet ($0.63) returned to Lorpugo
Lorpugo collected $0.95 from pot
Lorpugo: doesn't show hand 
*** SUMMARY ***
Total pot $1 | Rake $0.05 
Board [2c Ts 2s]
Seat 1: Lorpugo (button) (small blind) collected ($0.95)
Seat 2: vivilalau (big blind) folded on the Flop



PokerStars Zoom Hand #241347774854:  Hold'em No Limit ($0.25/$0.50 - $10 Cap - ) - 2023/01/23 15:00:25 ET
Table 'Alpha Reticuli (Cap)' 2-max Seat #1 is the button
Seat 1: vivilalau ($12.02 in chips) 
Seat 2: Lorpugo ($20.75 in chips) 
vivilalau: posts small blind $0.25
Lorpugo: posts big blind $0.50
*** HOLE CARDS ***
Dealt to Lorpugo [4h Th]
vivilalau: raises $0.50 to $1
Lorpugo: folds 
Uncalled bet ($0.50) returned to vivilalau
vivilalau collected $1 from pot
vivilalau: doesn't show hand 
*** SUMMARY ***
Total pot $1 | Rake $0 
Seat 1: vivilalau (button) (small blind) collected ($1)
Seat 2: Lorpugo (big blind) folded before Flop



PokerStars Zoom Hand #241347778031:  Hold'em No Limit ($0.25/$0.50 - $10 Cap - ) - 2023/01/23 15:00:35 ET
Table 'Alpha Reticuli (Cap)' 2-max Seat #1 is the button
Seat 1: Lorpugo ($20.25 in chips) 
Seat 2: amphii ($15.66 in chips) 
Lorpugo: posts small blind $0.25
amphii: posts big blind $0.50
*** HOLE CARDS ***
Dealt to Lorpugo [8h Th]
Lorpugo: raises $0.50 to $1
amphii: raises $2 to $3
Lorpugo: folds 
Uncalled bet ($2) returned to amphii
amphii collected $2 from pot
amphii: doesn't show hand 
*** SUMMARY ***
Total pot $2 | Rake $0 
Seat 1: Lorpugo (button) (small blind) folded before Flop
Seat 2: amphii (big blind) collected ($2)



PokerStars Zoom Hand #241347781158:  Hold'em No Limit ($0.25/$0.50 - $10 Cap - ) - 2023/01/23 15:00:45 ET
Table 'Alpha Reticuli (Cap)' 2-max Seat #1 is the button
Seat 1: amphii ($16.66 in chips) 
Seat 2: Lorpugo ($19.25 in chips) 
amphii: posts small blind $0.25
Lorpugo: posts big blind $0.50
*** HOLE CARDS ***
Dealt to Lorpugo [Ks Jd]
amphii: raises $0.50 to $1
Lorpugo: calls $0.50
*** FLOP *** [5s Ad 4c]
Lorpugo: checks 
amphii: bets $1.43
Lorpugo: folds 
Uncalled bet ($1.43) returned to amphii
amphii collected $1.90 from pot
amphii: doesn't show hand 
*** SUMMARY ***
Total pot $2 | Rake $0.10 
Board [5s Ad 4c]
Seat 1: amphii (button) (small blind) collected ($1.90)
Seat 2: Lorpugo (big blind) folded on the Flop



PokerStars Zoom Hand #241347785838:  Hold'em No Limit ($0.25/$0.50 - $10 Cap - ) - 2023/01/23 15:00:59 ET
Table 'Alpha Reticuli (Cap)' 2-max Seat #1 is the button
Seat 1: Lorpugo ($18.25 in chips) 
Seat 2: nasserterapia ($17.18 in chips) 
Lorpugo: posts small blind $0.25
nasserterapia: posts big blind $0.50
*** HOLE CARDS ***
Dealt to Lorpugo [9d Kd]
Lorpugo: raises $0.50 to $1
nasserterapia: folds 
Uncalled bet ($0.50) returned to Lorpugo
Lorpugo collected $1 from pot
Lorpugo: doesn't show hand 
*** SUMMARY ***
Total pot $1 | Rake $0 
Seat 1: Lorpugo (button) (small blind) collected ($1)
Seat 2: nasserterapia (big blind) folded before Flop



PokerStars Zoom Hand #241347788764:  Hold'em No Limit ($0.25/$0.50 - $10 Cap - ) - 2023/01/23 15:01:07 ET
Table 'Alpha Reticuli (Cap)' 2-max Seat #1 is the button
Seat 1: nasserterapia ($16.68 in chips) 
Seat 2: Lorpugo ($18.75 in chips) 
nasserterapia: posts small blind $0.25
Lorpugo: posts big blind $0.50
*** HOLE CARDS ***
Dealt to Lorpugo [Ah Td]
nasserterapia: calls $0.25
Lorpugo: raises $1.50 to $2
nasserterapia: calls $1.50
*** FLOP *** [As 5s 4h]
Lorpugo: bets $1.25
nasserterapia: calls $1.25
*** TURN *** [As 5s 4h] [Jd]
Lorpugo: checks 
nasserterapia: checks 
*** RIVER *** [As 5s 4h Jd] [2s]
Lorpugo: checks 
nasserterapia: checks 
*** SHOW DOWN ***
Lorpugo: shows [Ah Td] (a pair of Aces)
nasserterapia: shows [3d Kd] (a straight, Ace to Five)
nasserterapia collected $6.18 from pot
*** SUMMARY ***
Total pot $6.50 | Rake $0.32 
Board [As 5s 4h Jd 2s]
Seat 1: nasserterapia (button) (small blind) showed [3d Kd] and won ($6.18) with a straight, Ace to Five
Seat 2: Lorpugo (big blind) showed [Ah Td] and lost with a pair of Aces



PokerStars Zoom Hand #241347800378:  Hold'em No Limit ($0.25/$0.50 - $10 Cap - ) - 2023/01/23 15:01:39 ET
Table 'Alpha Reticuli (Cap)' 2-max Seat #1 is the button
Seat 1: Lorpugo ($15.50 in chips) 
Seat 2: nasserterapia ($19.61 in chips) 
Lorpugo: posts small blind $0.25
nasserterapia: posts big blind $0.50
*** HOLE CARDS ***
Dealt to Lorpugo [8c Qd]
Lorpugo: raises $0.50 to $1
nasserterapia: folds 
Uncalled bet ($0.50) returned to Lorpugo
Lorpugo collected $1 from pot
Lorpugo: doesn't show hand 
*** SUMMARY ***
Total pot $1 | Rake $0 
Seat 1: Lorpugo (button) (small blind) collected ($1)
Seat 2: nasserterapia (big blind) folded before Flop



PokerStars Zoom Hand #241347803166:  Hold'em No Limit ($0.25/$0.50 - $10 Cap - ) - 2023/01/23 15:01:46 ET
Table 'Alpha Reticuli (Cap)' 2-max Seat #1 is the button
Seat 1: nasserterapia ($19.11 in chips) 
Seat 2: Lorpugo ($16 in chips) 
nasserterapia: posts small blind $0.25
Lorpugo: posts big blind $0.50
*** HOLE CARDS ***
Dealt to Lorpugo [5s 5h]
nasserterapia: calls $0.25
Lorpugo: checks 
*** FLOP *** [Ac Ks 5c]
Lorpugo: checks 
nasserterapia: bets $0.95
Lorpugo: calls $0.95
*** TURN *** [Ac Ks 5c] [Ts]
Lorpugo: checks 
nasserterapia: bets $8.55 and has reached the $10 cap
Lorpugo: calls $8.55 and has reached the $10 cap
*** RIVER *** [Ac Ks 5c Ts] [Tc]
*** SHOW DOWN ***
Lorpugo: shows [5s 5h] (a full house, Fives full of Tens)
nasserterapia: shows [Ah 6c] (two pair, Aces and Tens)
Lorpugo collected $19.25 from pot
*** SUMMARY ***
Total pot $20 | Rake $0.75 
Board [Ac Ks 5c Ts Tc]
Seat 1: nasserterapia (button) (small blind) showed [Ah 6c] and lost with two pair, Aces and Tens
Seat 2: Lorpugo (big blind) showed [5s 5h] and won ($19.25) with a full house, Fives full of Tens



PokerStars Zoom Hand #241347814296:  Hold'em No Limit ($0.25/$0.50 - $10 Cap - ) - 2023/01/23 15:02:13 ET
Table 'Alpha Reticuli (Cap)' 2-max Seat #1 is the button
Seat 1: Lorpugo ($25.25 in chips) 
Seat 2: StefanovPPV ($23.43 in chips) 
Lorpugo: posts small blind $0.25
StefanovPPV: posts big blind $0.50
*** HOLE CARDS ***
Dealt to Lorpugo [Js As]
Lorpugo: raises $0.50 to $1
StefanovPPV: calls $0.50
*** FLOP *** [Th Ks 7c]
StefanovPPV: checks 
Lorpugo: checks 
*** TURN *** [Th Ks 7c] [5s]
StefanovPPV: checks 
Lorpugo: bets $1.50
StefanovPPV: folds 
Uncalled bet ($1.50) returned to Lorpugo
Lorpugo collected $1.90 from pot
Lorpugo: doesn't show hand 
*** SUMMARY ***
Total pot $2 | Rake $0.10 
Board [Th Ks 7c 5s]
Seat 1: Lorpugo (button) (small blind) collected ($1.90)
Seat 2: StefanovPPV (big blind) folded on the Turn



PokerStars Zoom Hand #241347823156:  Hold'em No Limit ($0.25/$0.50 - $10 Cap - ) - 2023/01/23 15:02:36 ET
Table 'Alpha Reticuli (Cap)' 2-max Seat #1 is the button
Seat 1: StefanovPPV ($22.43 in chips) 
Seat 2: Lorpugo ($26.15 in chips) 
StefanovPPV: posts small blind $0.25
Lorpugo: posts big blind $0.50
*** HOLE CARDS ***
Dealt to Lorpugo [3h 2h]
StefanovPPV: calls $0.25
Lorpugo: checks 
*** FLOP *** [8c 4s Ks]
Lorpugo: checks 
StefanovPPV: bets $1
Lorpugo: folds 
Uncalled bet ($1) returned to StefanovPPV
StefanovPPV collected $0.95 from pot
StefanovPPV: doesn't show hand 
*** SUMMARY ***
Total pot $1 | Rake $0.05 
Board [8c 4s Ks]
Seat 1: StefanovPPV (button) (small blind) collected ($0.95)
Seat 2: Lorpugo (big blind) folded on the Flop



PokerStars Zoom Hand #241347830166:  Hold'em No Limit ($0.25/$0.50 - $10 Cap - ) - 2023/01/23 15:02:52 ET
Table 'Alpha Reticuli (Cap)' 2-max Seat #1 is the button
Seat 1: Lorpugo ($25.65 in chips) 
Seat 2: StefanovPPV ($22.88 in chips) 
Lorpugo: posts small blind $0.25
StefanovPPV: posts big blind $0.50
*** HOLE CARDS ***
Dealt to Lorpugo [4h 5d]
Lorpugo: raises $0.50 to $1
StefanovPPV: calls $0.50
*** FLOP *** [8d Jd 7h]
StefanovPPV: checks 
Lorpugo: checks 
*** TURN *** [8d Jd 7h] [9h]
StefanovPPV: checks 
Lorpugo: checks 
*** RIVER *** [8d Jd 7h 9h] [8h]
StefanovPPV: bets $0.50
Lorpugo: folds 
Uncalled bet ($0.50) returned to StefanovPPV
StefanovPPV collected $1.90 from pot
StefanovPPV: doesn't show hand 
*** SUMMARY ***
Total pot $2 | Rake $0.10 
Board [8d Jd 7h 9h 8h]
Seat 1: Lorpugo (button) (small blind) folded on the River
Seat 2: StefanovPPV (big blind) collected ($1.90)



PokerStars Zoom Hand #241347839963:  Hold'em No Limit ($0.25/$0.50 - $10 Cap - ) - 2023/01/23 15:03:16 ET
Table 'Alpha Reticuli (Cap)' 2-max Seat #1 is the button
Seat 1: nasserterapia ($15.96 in chips) 
Seat 2: Lorpugo ($24.65 in chips) 
nasserterapia: posts small blind $0.25
Lorpugo: posts big blind $0.50
*** HOLE CARDS ***
Dealt to Lorpugo [Qs 4s]
nasserterapia: calls $0.25
Lorpugo: checks 
*** FLOP *** [Jh 9h Jd]
Lorpugo: checks 
nasserterapia: checks 
*** TURN *** [Jh 9h Jd] [Ad]
Lorpugo: checks 
nasserterapia: bets $0.95
Lorpugo: folds 
Uncalled bet ($0.95) returned to nasserterapia
nasserterapia collected $0.95 from pot
nasserterapia: doesn't show hand 
*** SUMMARY ***
Total pot $1 | Rake $0.05 
Board [Jh 9h Jd Ad]
Seat 1: nasserterapia (button) (small blind) collected ($0.95)
Seat 2: Lorpugo (big blind) folded on the Turn



PokerStars Zoom Hand #241347849147:  Hold'em No Limit ($0.25/$0.50 - $10 Cap - ) - 2023/01/23 15:03:38 ET
Table 'Alpha Reticuli (Cap)' 2-max Seat #1 is the button
Seat 1: Lorpugo ($24.15 in chips) 
Seat 2: nasserterapia ($16.41 in chips) 
Lorpugo: posts small blind $0.25
nasserterapia: posts big blind $0.50
*** HOLE CARDS ***
Dealt to Lorpugo [6c 3s]
Lorpugo: folds 
Uncalled bet ($0.25) returned to nasserterapia
nasserterapia collected $0.50 from pot
nasserterapia: doesn't show hand 
*** SUMMARY ***
Total pot $0.50 | Rake $0 
Seat 1: Lorpugo (button) (small blind) folded before Flop
Seat 2: nasserterapia (big blind) collected ($0.50)



PokerStars Zoom Hand #241347850837:  Hold'em No Limit ($0.25/$0.50 - $10 Cap - ) - 2023/01/23 15:03:43 ET
Table 'Alpha Reticuli (Cap)' 2-max Seat #1 is the button
Seat 1: bigiuadrian ($4.24 in chips) 
Seat 2: Lorpugo ($23.90 in chips) 
bigiuadrian: posts small blind $0.25
Lorpugo: posts big blind $0.50
*** HOLE CARDS ***
Dealt to Lorpugo [Js Ks]
bigiuadrian: calls $0.25
Lorpugo: raises $0.75 to $1.25
bigiuadrian: calls $0.75
*** FLOP *** [Tc Ac Kh]
Lorpugo: checks 
bigiuadrian: checks 
*** TURN *** [Tc Ac Kh] [Jd]
Lorpugo: bets $0.50
bigiuadrian: calls $0.50
*** RIVER *** [Tc Ac Kh Jd] [Ts]
Lorpugo: checks 
bigiuadrian: bets $0.99
Lorpugo: calls $0.99
*** SHOW DOWN ***
bigiuadrian: shows [Qd Qh] (a straight, Ten to Ace)
Lorpugo: mucks hand 
bigiuadrian collected $5.21 from pot
*** SUMMARY ***
Total pot $5.48 | Rake $0.27 
Board [Tc Ac Kh Jd Ts]
Seat 1: bigiuadrian (button) (small blind) showed [Qd Qh] and won ($5.21) with a straight, Ten to Ace
Seat 2: Lorpugo (big blind) mucked [Js Ks]



PokerStars Zoom Hand #241347863981:  Hold'em No Limit ($0.25/$0.50 - $10 Cap - ) - 2023/01/23 15:04:14 ET
Table 'Alpha Reticuli (Cap)' 2-max Seat #1 is the button
Seat 1: Lorpugo ($21.16 in chips) 
Seat 2: nasserterapia ($12.10 in chips) 
Lorpugo: posts small blind $0.25
nasserterapia: posts big blind $0.50
*** HOLE CARDS ***
Dealt to Lorpugo [5d 3h]
Lorpugo: folds 
Uncalled bet ($0.25) returned to nasserterapia
nasserterapia collected $0.50 from pot
nasserterapia: doesn't show hand 
*** SUMMARY ***
Total pot $0.50 | Rake $0 
Seat 1: Lorpugo (button) (small blind) folded before Flop
Seat 2: nasserterapia (big blind) collected ($0.50)



PokerStars Zoom Hand #241347866057:  Hold'em No Limit ($0.25/$0.50 - $10 Cap - ) - 2023/01/23 15:04:19 ET
Table 'Alpha Reticuli (Cap)' 2-max Seat #1 is the button
Seat 1: nasserterapia ($16.66 in chips) 
Seat 2: Lorpugo ($20.91 in chips) 
nasserterapia: posts small blind $0.25
Lorpugo: posts big blind $0.50
*** HOLE CARDS ***
Dealt to Lorpugo [Jc Ah]
nasserterapia: calls $0.25
Lorpugo: raises $1 to $1.50
nasserterapia: calls $1
*** FLOP *** [8c 5d 9s]
Lorpugo: checks 
nasserterapia: bets $8.50 and has reached the $10 cap
Lorpugo: folds 
Uncalled bet ($8.50) returned to nasserterapia
nasserterapia collected $2.85 from pot
nasserterapia: doesn't show hand 
*** SUMMARY ***
Total pot $3 | Rake $0.15 
Board [8c 5d 9s]
Seat 1: nasserterapia (button) (small blind) collected ($2.85)
Seat 2: Lorpugo (big blind) folded on the Flop



PokerStars Zoom Hand #241347872288:  Hold'em No Limit ($0.25/$0.50 - $10 Cap - ) - 2023/01/23 15:04:34 ET
Table 'Alpha Reticuli (Cap)' 2-max Seat #1 is the button
Seat 1: nasserterapia ($12.35 in chips) 
Seat 2: Lorpugo ($19.41 in chips) 
nasserterapia: posts small blind $0.25
Lorpugo: posts big blind $0.50
*** HOLE CARDS ***
Dealt to Lorpugo [9d 2s]
nasserterapia: calls $0.25
Lorpugo: checks 
*** FLOP *** [5h 9s 6h]
Lorpugo: checks 
nasserterapia: checks 
*** TURN *** [5h 9s 6h] [3h]
Lorpugo: checks 
nasserterapia: checks 
*** RIVER *** [5h 9s 6h 3h] [8d]
Lorpugo: checks 
nasserterapia: bets $0.50
Lorpugo: calls $0.50
*** SHOW DOWN ***
nasserterapia: shows [Kc Ks] (a pair of Kings)
Lorpugo: mucks hand 
nasserterapia collected $1.90 from pot
*** SUMMARY ***
Total pot $2 | Rake $0.10 
Board [5h 9s 6h 3h 8d]
Seat 1: nasserterapia (button) (small blind) showed [Kc Ks] and won ($1.90) with a pair of Kings
Seat 2: Lorpugo (big blind) mucked [9d 2s]



PokerStars Zoom Hand #241347879862:  Hold'em No Limit ($0.25/$0.50 - $10 Cap - ) - 2023/01/23 15:04:52 ET
Table 'Alpha Reticuli (Cap)' 2-max Seat #1 is the button
Seat 1: Lorpugo ($18.41 in chips) 
Seat 2: nasserterapia ($13.25 in chips) 
Lorpugo: posts small blind $0.25
nasserterapia: posts big blind $0.50
*** HOLE CARDS ***
Dealt to Lorpugo [Qd Ah]
Lorpugo: raises $0.50 to $1
nasserterapia: calls $0.50
*** FLOP *** [8s Ks 9s]
nasserterapia: checks 
Lorpugo: checks 
*** TURN *** [8s Ks 9s] [6c]
nasserterapia: checks 
Lorpugo: checks 
*** RIVER *** [8s Ks 9s 6c] [Th]
nasserterapia: checks 
Lorpugo: checks 
*** SHOW DOWN ***
nasserterapia: shows [Qc 6h] (a pair of Sixes)
Lorpugo: mucks hand 
nasserterapia collected $1.90 from pot
*** SUMMARY ***
Total pot $2 | Rake $0.10 
Board [8s Ks 9s 6c Th]
Seat 1: Lorpugo (button) (small blind) mucked [Qd Ah]
Seat 2: nasserterapia (big blind) showed [Qc 6h] and won ($1.90) with a pair of Sixes



PokerStars Zoom Hand #241347888577:  Hold'em No Limit ($0.25/$0.50 - $10 Cap - ) - 2023/01/23 15:05:12 ET
Table 'Alpha Reticuli (Cap)' 2-max Seat #1 is the button
Seat 1: nasserterapia ($14.15 in chips) 
Seat 2: Lorpugo ($17.41 in chips) 
nasserterapia: posts small blind $0.25
Lorpugo: posts big blind $0.50
*** HOLE CARDS ***
Dealt to Lorpugo [3s Qh]
nasserterapia: calls $0.25
Lorpugo: checks 
*** FLOP *** [Ac Td Qc]
Lorpugo: checks 
nasserterapia: bets $0.50
Lorpugo: calls $0.50
*** TURN *** [Ac Td Qc] [4s]
Lorpugo: bets $0.50
nasserterapia: calls $0.50
*** RIVER *** [Ac Td Qc 4s] [9d]
Lorpugo: checks 
nasserterapia: checks 
*** SHOW DOWN ***
Lorpugo: shows [3s Qh] (a pair of Queens)
nasserterapia: mucks hand 
Lorpugo collected $2.85 from pot
*** SUMMARY ***
Total pot $3 | Rake $0.15 
Board [Ac Td Qc 4s 9d]
Seat 1: nasserterapia (button) (small blind) mucked [5s 5d]
Seat 2: Lorpugo (big blind) showed [3s Qh] and won ($2.85) with a pair of Queens



PokerStars Zoom Hand #241347898699:  Hold'em No Limit ($0.25/$0.50 - $10 Cap - ) - 2023/01/23 15:05:35 ET
Table 'Alpha Reticuli (Cap)' 2-max Seat #1 is the button
Seat 1: Lorpugo ($18.76 in chips) 
Seat 2: bigiuadrian ($10 in chips) 
Lorpugo: posts small blind $0.25
bigiuadrian: posts big blind $0.50
*** HOLE CARDS ***
Dealt to Lorpugo [Qs 5d]
Lorpugo: raises $0.50 to $1
bigiuadrian: raises $9 to $10 and is all-in
Lorpugo: folds 
Uncalled bet ($9) returned to bigiuadrian
bigiuadrian collected $2 from pot
bigiuadrian: doesn't show hand 
*** SUMMARY ***
Total pot $2 | Rake $0 
Seat 1: Lorpugo (button) (small blind) folded before Flop
Seat 2: bigiuadrian (big blind) collected ($2)



PokerStars Zoom Hand #241347902441:  Hold'em No Limit ($0.25/$0.50 - $10 Cap - ) - 2023/01/23 15:05:44 ET
Table 'Alpha Reticuli (Cap)' 2-max Seat #1 is the button
Seat 1: Lorpugo ($17.76 in chips) 
Seat 2: nasserterapia ($12.65 in chips) 
Lorpugo: posts small blind $0.25
nasserterapia: posts big blind $0.50
*** HOLE CARDS ***
Dealt to Lorpugo [Jc 8d]
Lorpugo: raises $0.50 to $1
nasserterapia: calls $0.50
*** FLOP *** [2s Ks Jd]
nasserterapia: checks 
Lorpugo: bets $0.63
nasserterapia: folds 
Uncalled bet ($0.63) returned to Lorpugo
Lorpugo collected $1.90 from pot
Lorpugo: doesn't show hand 
*** SUMMARY ***
Total pot $2 | Rake $0.10 
Board [2s Ks Jd]
Seat 1: Lorpugo (button) (small blind) collected ($1.90)
Seat 2: nasserterapia (big blind) folded on the Flop



PokerStars Zoom Hand #241347909043:  Hold'em No Limit ($0.25/$0.50 - $10 Cap - ) - 2023/01/23 15:05:59 ET
Table 'Alpha Reticuli (Cap)' 2-max Seat #1 is the button
Seat 1: nasserterapia ($11.65 in chips) 
Seat 2: Lorpugo ($18.66 in chips) 
nasserterapia: posts small blind $0.25
Lorpugo: posts big blind $0.50
*** HOLE CARDS ***
Dealt to Lorpugo [7h Jd]
nasserterapia: calls $0.25
Lorpugo: checks 
*** FLOP *** [9s 7d Qh]
Lorpugo: checks 
nasserterapia: checks 
*** TURN *** [9s 7d Qh] [2c]
Lorpugo: bets $0.63
nasserterapia: calls $0.63
*** RIVER *** [9s 7d Qh 2c] [5c]
Lorpugo: checks 
nasserterapia: checks 
*** SHOW DOWN ***
Lorpugo: shows [7h Jd] (a pair of Sevens)
nasserterapia: mucks hand 
Lorpugo collected $2.15 from pot
*** SUMMARY ***
Total pot $2.26 | Rake $0.11 
Board [9s 7d Qh 2c 5c]
Seat 1: nasserterapia (button) (small blind) mucked [Jh 8s]
Seat 2: Lorpugo (big blind) showed [7h Jd] and won ($2.15) with a pair of Sevens



PokerStars Zoom Hand #241347918242:  Hold'em No Limit ($0.25/$0.50 - $10 Cap - ) - 2023/01/23 15:06:20 ET
Table 'Alpha Reticuli (Cap)' 2-max Seat #1 is the button
Seat 1: Lorpugo ($19.68 in chips) 
Seat 2: nasserterapia ($10.52 in chips) 
Lorpugo: posts small blind $0.25
nasserterapia: posts big blind $0.50
*** HOLE CARDS ***
Dealt to Lorpugo [Jd 3d]
Lorpugo: calls $0.25
nasserterapia: checks 
*** FLOP *** [Ac 7s Ah]
nasserterapia: checks 
Lorpugo: checks 
*** TURN *** [Ac 7s Ah] [Qd]
nasserterapia: checks 
Lorpugo: bets $0.63
nasserterapia: folds 
Uncalled bet ($0.63) returned to Lorpugo
Lorpugo collected $0.95 from pot
Lorpugo: doesn't show hand 
*** SUMMARY ***
Total pot $1 | Rake $0.05 
Board [Ac 7s Ah Qd]
Seat 1: Lorpugo (button) (small blind) collected ($0.95)
Seat 2: nasserterapia (big blind) folded on the Turn



PokerStars Zoom Hand #241347933574:  Hold'em No Limit ($0.25/$0.50 - $10 Cap - ) - 2023/01/23 15:06:55 ET
Table 'Alpha Reticuli (Cap)' 2-max Seat #1 is the button
Seat 1: nasserterapia ($10.02 in chips) 
Seat 2: Lorpugo ($20.13 in chips) 
nasserterapia: posts small blind $0.25
Lorpugo: posts big blind $0.50
*** HOLE CARDS ***
Dealt to Lorpugo [6s 2s]
nasserterapia: folds 
Uncalled bet ($0.25) returned to Lorpugo
Lorpugo collected $0.50 from pot
Lorpugo: doesn't show hand 
*** SUMMARY ***
Total pot $0.50 | Rake $0 
Seat 1: nasserterapia (button) (small blind) folded before Flop
Seat 2: Lorpugo (big blind) collected ($0.50)



PokerStars Zoom Hand #241347938347:  Hold'em No Limit ($0.25/$0.50 - $10 Cap - ) - 2023/01/23 15:07:06 ET
Table 'Alpha Reticuli (Cap)' 2-max Seat #1 is the button
Seat 1: Lorpugo ($20.38 in chips) 
Seat 2: vivilalau ($10 in chips) 
Lorpugo: posts small blind $0.25
vivilalau: posts big blind $0.50
*** HOLE CARDS ***
Dealt to Lorpugo [4h Kh]
Lorpugo: calls $0.25
vivilalau: raises $1 to $1.50
Lorpugo: calls $1
*** FLOP *** [9c Qh Qd]
vivilalau: checks 
Lorpugo: checks 
*** TURN *** [9c Qh Qd] [Jh]
vivilalau: bets $2.85
Lorpugo: calls $2.85
*** RIVER *** [9c Qh Qd Jh] [6d]
vivilalau: bets $5.65 and is all-in
Lorpugo: folds 
Uncalled bet ($5.65) returned to vivilalau
vivilalau collected $8.26 from pot
vivilalau: doesn't show hand 
*** SUMMARY ***
Total pot $8.70 | Rake $0.44 
Board [9c Qh Qd Jh 6d]
Seat 1: Lorpugo (button) (small blind) folded on the River
Seat 2: vivilalau (big blind) collected ($8.26)



PokerStars Zoom Hand #241347950699:  Hold'em No Limit ($0.25/$0.50 - $10 Cap - ) - 2023/01/23 15:07:34 ET
Table 'Alpha Reticuli (Cap)' 2-max Seat #1 is the button
Seat 1: vivilalau ($13.91 in chips) 
Seat 2: Lorpugo ($16.03 in chips) 
vivilalau: posts small blind $0.25
Lorpugo: posts big blind $0.50
*** HOLE CARDS ***
Dealt to Lorpugo [9d 8c]
vivilalau: raises $1 to $1.50
Lorpugo: calls $1
*** FLOP *** [9c 7c Qc]
Lorpugo: checks 
vivilalau: bets $2.85
Lorpugo: raises $5.65 to $8.50 and has reached the $10 cap
vivilalau: calls $5.65 and has reached the $10 cap
*** TURN *** [9c 7c Qc] [5s]
*** RIVER *** [9c 7c Qc 5s] [3c]
*** SHOW DOWN ***
Lorpugo: shows [9d 8c] (a flush, Queen high)
vivilalau: shows [Jc Js] (a flush, Queen high - Jack higher)
vivilalau collected $19.25 from pot
*** SUMMARY ***
Total pot $20 | Rake $0.75 
Board [9c 7c Qc 5s 3c]
Seat 1: vivilalau (button) (small blind) showed [Jc Js] and won ($19.25) with a flush, Queen high
Seat 2: Lorpugo (big blind) showed [9d 8c] and lost with a flush, Queen high



PokerStars Zoom Hand #241347963057:  Hold'em No Limit ($0.25/$0.50 - $10 Cap - ) - 2023/01/23 15:08:03 ET
Table 'Alpha Reticuli (Cap)' 2-max Seat #1 is the button
Seat 1: Lorpugo ($6.03 in chips) 
Seat 2: vivilalau ($23.16 in chips) 
Lorpugo: posts small blind $0.25
vivilalau: posts big blind $0.50
*** HOLE CARDS ***
Dealt to Lorpugo [5c 4h]
Lorpugo: folds 
Uncalled bet ($0.25) returned to vivilalau
vivilalau collected $0.50 from pot
vivilalau: doesn't show hand 
*** SUMMARY ***
Total pot $0.50 | Rake $0 
Seat 1: Lorpugo (button) (small blind) folded before Flop
Seat 2: vivilalau (big blind) collected ($0.50)



PokerStars Zoom Hand #241347966126:  Hold'em No Limit ($0.25/$0.50 - $10 Cap - ) - 2023/01/23 15:08:10 ET
Table 'Alpha Reticuli (Cap)' 2-max Seat #1 is the button
Seat 1: vivilalau ($23.41 in chips) 
Seat 2: Lorpugo ($9.75 in chips) 
vivilalau: posts small blind $0.25
Lorpugo: posts big blind $0.50
*** HOLE CARDS ***
Dealt to Lorpugo [3c 3d]
vivilalau: folds 
Uncalled bet ($0.25) returned to Lorpugo
Lorpugo collected $0.50 from pot
Lorpugo: doesn't show hand 
*** SUMMARY ***
Total pot $0.50 | Rake $0 
Seat 1: vivilalau (button) (small blind) folded before Flop
Seat 2: Lorpugo (big blind) collected ($0.50)



PokerStars Zoom Hand #241347969610:  Hold'em No Limit ($0.25/$0.50 - $10 Cap - ) - 2023/01/23 15:08:18 ET
Table 'Alpha Reticuli (Cap)' 2-max Seat #1 is the button
Seat 1: nasserterapia ($3.39 in chips) 
Seat 2: Lorpugo ($10 in chips) 
nasserterapia: posts small blind $0.25
Lorpugo: posts big blind $0.50
*** HOLE CARDS ***
Dealt to Lorpugo [6d 4s]
nasserterapia: folds 
Uncalled bet ($0.25) returned to Lorpugo
Lorpugo collected $0.50 from pot
Lorpugo: doesn't show hand 
*** SUMMARY ***
Total pot $0.50 | Rake $0 
Seat 1: nasserterapia (button) (small blind) folded before Flop
Seat 2: Lorpugo (big blind) collected ($0.50)



PokerStars Zoom Hand #241347972629:  Hold'em No Limit ($0.25/$0.50 - $10 Cap - ) - 2023/01/23 15:08:25 ET
Table 'Alpha Reticuli (Cap)' 2-max Seat #1 is the button
Seat 1: Lorpugo ($10.25 in chips) 
Seat 2: nasserterapia ($3.14 in chips) 
Lorpugo: posts small blind $0.25
nasserterapia: posts big blind $0.50
*** HOLE CARDS ***
Dealt to Lorpugo [8h 6d]
Lorpugo: calls $0.25
nasserterapia: checks 
*** FLOP *** [3s Js 5d]
nasserterapia: checks 
Lorpugo: checks 
*** TURN *** [3s Js 5d] [4s]
nasserterapia: checks 
Lorpugo: bets $0.50
nasserterapia: folds 
Uncalled bet ($0.50) returned to Lorpugo
Lorpugo collected $0.95 from pot
Lorpugo: doesn't show hand 
*** SUMMARY ***
Total pot $1 | Rake $0.05 
Board [3s Js 5d 4s]
Seat 1: Lorpugo (button) (small blind) collected ($0.95)
Seat 2: nasserterapia (big blind) folded on the Turn



PokerStars Zoom Hand #241347980900:  Hold'em No Limit ($0.25/$0.50 - $10 Cap - ) - 2023/01/23 15:08:44 ET
Table 'Alpha Reticuli (Cap)' 2-max Seat #1 is the button
Seat 1: nasserterapia ($2.64 in chips) 
Seat 2: Lorpugo ($10.70 in chips) 
nasserterapia: posts small blind $0.25
Lorpugo: posts big blind $0.50
*** HOLE CARDS ***
Dealt to Lorpugo [9d Ts]
nasserterapia: folds 
Uncalled bet ($0.25) returned to Lorpugo
Lorpugo collected $0.50 from pot
Lorpugo: doesn't show hand 
*** SUMMARY ***
Total pot $0.50 | Rake $0 
Seat 1: nasserterapia (button) (small blind) folded before Flop
Seat 2: Lorpugo (big blind) collected ($0.50)



PokerStars Zoom Hand #241347983540:  Hold'em No Limit ($0.25/$0.50 - $10 Cap - ) - 2023/01/23 15:08:50 ET
Table 'Alpha Reticuli (Cap)' 2-max Seat #1 is the button
Seat 1: Lorpugo ($10.95 in chips) 
Seat 2: bigiuadrian ($15.40 in chips) 
Lorpugo: posts small blind $0.25
bigiuadrian: posts big blind $0.50
*** HOLE CARDS ***
Dealt to Lorpugo [Ts 5h]
Lorpugo: folds 
Uncalled bet ($0.25) returned to bigiuadrian
bigiuadrian collected $0.50 from pot
bigiuadrian: doesn't show hand 
*** SUMMARY ***
Total pot $0.50 | Rake $0 
Seat 1: Lorpugo (button) (small blind) folded before Flop
Seat 2: bigiuadrian (big blind) collected ($0.50)



PokerStars Zoom Hand #241347986716:  Hold'em No Limit ($0.25/$0.50 - $10 Cap - ) - 2023/01/23 15:08:57 ET
Table 'Alpha Reticuli (Cap)' 2-max Seat #1 is the button
Seat 1: bigiuadrian ($15.65 in chips) 
Seat 2: Lorpugo ($10.70 in chips) 
bigiuadrian: posts small blind $0.25
Lorpugo: posts big blind $0.50
*** HOLE CARDS ***
Dealt to Lorpugo [8h 5d]
bigiuadrian: calls $0.25
Lorpugo: checks 
*** FLOP *** [3d 6d Ah]
Lorpugo: checks 
bigiuadrian: bets $1.45
Lorpugo: folds 
Uncalled bet ($1.45) returned to bigiuadrian
bigiuadrian collected $0.95 from pot
bigiuadrian: doesn't show hand 
*** SUMMARY ***
Total pot $1 | Rake $0.05 
Board [3d 6d Ah]
Seat 1: bigiuadrian (button) (small blind) collected ($0.95)
Seat 2: Lorpugo (big blind) folded on the Flop



PokerStars Zoom Hand #241347992340:  Hold'em No Limit ($0.25/$0.50 - $10 Cap - ) - 2023/01/23 15:09:10 ET
Table 'Alpha Reticuli (Cap)' 2-max Seat #1 is the button
Seat 1: Lorpugo ($10.20 in chips) 
Seat 2: bigiuadrian ($16.10 in chips) 
Lorpugo: posts small blind $0.25
bigiuadrian: posts big blind $0.50
*** HOLE CARDS ***
Dealt to Lorpugo [Jh 2d]
Lorpugo: folds 
Uncalled bet ($0.25) returned to bigiuadrian
bigiuadrian collected $0.50 from pot
bigiuadrian: doesn't show hand 
*** SUMMARY ***
Total pot $0.50 | Rake $0 
Seat 1: Lorpugo (button) (small blind) folded before Flop
Seat 2: bigiuadrian (big blind) collected ($0.50)



PokerStars Zoom Hand #241347994805:  Hold'em No Limit ($0.25/$0.50 - $10 Cap - ) - 2023/01/23 15:09:16 ET
Table 'Alpha Reticuli (Cap)' 2-max Seat #1 is the button
Seat 1: Lorpugo ($9.95 in chips) 
Seat 2: vivilalau ($24.06 in chips) 
Lorpugo: posts small blind $0.25
vivilalau: posts big blind $0.50
*** HOLE CARDS ***
Dealt to Lorpugo [4h Ks]
Lorpugo: raises $0.50 to $1
vivilalau: folds 
Uncalled bet ($0.50) returned to Lorpugo
Lorpugo collected $1 from pot
Lorpugo: doesn't show hand 
*** SUMMARY ***
Total pot $1 | Rake $0 
Seat 1: Lorpugo (button) (small blind) collected ($1)
Seat 2: vivilalau (big blind) folded before Flop



PokerStars Zoom Hand #241348000084:  Hold'em No Limit ($0.25/$0.50 - $10 Cap - ) - 2023/01/23 15:09:28 ET
Table 'Alpha Reticuli (Cap)' 2-max Seat #1 is the button
Seat 1: bigiuadrian ($16.10 in chips) 
Seat 2: Lorpugo ($10.45 in chips) 
bigiuadrian: posts small blind $0.25
Lorpugo: posts big blind $0.50
*** HOLE CARDS ***
Dealt to Lorpugo [4s Tc]
bigiuadrian: folds 
Uncalled bet ($0.25) returned to Lorpugo
Lorpugo collected $0.50 from pot
Lorpugo: doesn't show hand 
*** SUMMARY ***
Total pot $0.50 | Rake $0 
Seat 1: bigiuadrian (button) (small blind) folded before Flop
Seat 2: Lorpugo (big blind) collected ($0.50)



PokerStars Zoom Hand #241348010205:  Hold'em No Limit ($0.25/$0.50 - $10 Cap - ) - 2023/01/23 15:09:51 ET
Table 'Alpha Reticuli (Cap)' 2-max Seat #1 is the button
Seat 1: vivilalau ($23.31 in chips) 
Seat 2: Lorpugo ($10.70 in chips) 
vivilalau: posts small blind $0.25
Lorpugo: posts big blind $0.50
*** HOLE CARDS ***
Dealt to Lorpugo [3h Ts]
vivilalau: calls $0.25
Lorpugo: checks 
*** FLOP *** [3d Qs 9c]
Lorpugo: checks 
vivilalau: checks 
*** TURN *** [3d Qs 9c] [9d]
Lorpugo: checks 
vivilalau: checks 
*** RIVER *** [3d Qs 9c 9d] [7c]
Lorpugo: checks 
vivilalau: checks 
*** SHOW DOWN ***
Lorpugo: shows [3h Ts] (two pair, Nines and Threes)
vivilalau: mucks hand 
Lorpugo collected $0.95 from pot
*** SUMMARY ***
Total pot $1 | Rake $0.05 
Board [3d Qs 9c 9d 7c]
Seat 1: vivilalau (button) (small blind) mucked [Tc 4h]
Seat 2: Lorpugo (big blind) showed [3h Ts] and won ($0.95) with two pair, Nines and Threes



PokerStars Zoom Hand #241348021597:  Hold'em No Limit ($0.25/$0.50 - $10 Cap - ) - 2023/01/23 15:10:17 ET
Table 'Alpha Reticuli (Cap)' 2-max Seat #1 is the button
Seat 1: Lorpugo ($11.15 in chips) 
Seat 2: bigiuadrian ($16.10 in chips) 
Lorpugo: posts small blind $0.25
bigiuadrian: posts big blind $0.50
*** HOLE CARDS ***
Dealt to Lorpugo [Jc 5s]
Lorpugo: folds 
Uncalled bet ($0.25) returned to bigiuadrian
bigiuadrian collected $0.50 from pot
bigiuadrian: doesn't show hand 
*** SUMMARY ***
Total pot $0.50 | Rake $0 
Seat 1: Lorpugo (button) (small blind) folded before Flop
Seat 2: bigiuadrian (big blind) collected ($0.50)



PokerStars Zoom Hand #241348024120:  Hold'em No Limit ($0.25/$0.50 - $10 Cap - ) - 2023/01/23 15:10:23 ET
Table 'Alpha Reticuli (Cap)' 2-max Seat #1 is the button
Seat 1: vivilalau ($23.06 in chips) 
Seat 2: Lorpugo ($10.90 in chips) 
vivilalau: posts small blind $0.25
Lorpugo: posts big blind $0.50
*** HOLE CARDS ***
Dealt to Lorpugo [8d 4s]
vivilalau: raises $1 to $1.50
Lorpugo: folds 
Uncalled bet ($1) returned to vivilalau
vivilalau collected $1 from pot
vivilalau: doesn't show hand 
*** SUMMARY ***
Total pot $1 | Rake $0 
Seat 1: vivilalau (button) (small blind) collected ($1)
Seat 2: Lorpugo (big blind) folded before Flop



PokerStars Zoom Hand #241348028552:  Hold'em No Limit ($0.25/$0.50 - $10 Cap - ) - 2023/01/23 15:10:33 ET
Table 'Alpha Reticuli (Cap)' 2-max Seat #1 is the button
Seat 1: Lorpugo ($10.40 in chips) 
Seat 2: bigiuadrian ($16.35 in chips) 
Lorpugo: posts small blind $0.25
bigiuadrian: posts big blind $0.50
*** HOLE CARDS ***
Dealt to Lorpugo [6s 6h]
Lorpugo: raises $0.50 to $1
bigiuadrian: calls $0.50
*** FLOP *** [5c Kc 5s]
bigiuadrian: checks 
Lorpugo: checks 
*** TURN *** [5c Kc 5s] [7h]
bigiuadrian: bets $1.40
Lorpugo: folds 
Uncalled bet ($1.40) returned to bigiuadrian
bigiuadrian collected $1.90 from pot
bigiuadrian: doesn't show hand 
*** SUMMARY ***
Total pot $2 | Rake $0.10 
Board [5c Kc 5s 7h]
Seat 1: Lorpugo (button) (small blind) folded on the Turn
Seat 2: bigiuadrian (big blind) collected ($1.90)



PokerStars Zoom Hand #241348040837:  Hold'em No Limit ($0.25/$0.50 - $10 Cap - ) - 2023/01/23 15:11:02 ET
Table 'Alpha Reticuli (Cap)' 2-max Seat #1 is the button
Seat 1: bigiuadrian ($17.25 in chips) 
Seat 2: Lorpugo ($9.40 in chips) 
bigiuadrian: posts small blind $0.25
Lorpugo: posts big blind $0.50
*** HOLE CARDS ***
Dealt to Lorpugo [9h Kh]
bigiuadrian: calls $0.25
Lorpugo: checks 
*** FLOP *** [5c 3h 6c]
Lorpugo: checks 
bigiuadrian: checks 
*** TURN *** [5c 3h 6c] [9c]
Lorpugo: checks 
bigiuadrian: checks 
*** RIVER *** [5c 3h 6c 9c] [As]
Lorpugo: checks 
bigiuadrian: checks 
*** SHOW DOWN ***
Lorpugo: shows [9h Kh] (a pair of Nines)
bigiuadrian: mucks hand 
Lorpugo collected $0.95 from pot
*** SUMMARY ***
Total pot $1 | Rake $0.05 
Board [5c 3h 6c 9c As]
Seat 1: bigiuadrian (button) (small blind) mucked [3d 8d]
Seat 2: Lorpugo (big blind) showed [9h Kh] and won ($0.95) with a pair of Nines



PokerStars Zoom Hand #241348047842:  Hold'em No Limit ($0.25/$0.50 - $10 Cap - ) - 2023/01/23 15:11:18 ET
Table 'Alpha Reticuli (Cap)' 2-max Seat #1 is the button
Seat 1: Lorpugo ($9.85 in chips) 
Seat 2: bigiuadrian ($16.75 in chips) 
Lorpugo: posts small blind $0.25
bigiuadrian: posts big blind $0.50
*** HOLE CARDS ***
Dealt to Lorpugo [8c 7s]
Lorpugo: raises $0.50 to $1
bigiuadrian: raises $9 to $10 and has reached the $10 cap
Lorpugo: folds 
Uncalled bet ($9) returned to bigiuadrian
bigiuadrian collected $2 from pot
bigiuadrian: doesn't show hand 
*** SUMMARY ***
Total pot $2 | Rake $0 
Seat 1: Lorpugo (button) (small blind) folded before Flop
Seat 2: bigiuadrian (big blind) collected ($2)



PokerStars Zoom Hand #241348051774:  Hold'em No Limit ($0.25/$0.50 - $10 Cap - ) - 2023/01/23 15:11:27 ET
Table 'Alpha Reticuli (Cap)' 2-max Seat #1 is the button
Seat 1: bigiuadrian ($17.75 in chips) 
Seat 2: Lorpugo ($8.85 in chips) 
bigiuadrian: posts small blind $0.25
Lorpugo: posts big blind $0.50
*** HOLE CARDS ***
Dealt to Lorpugo [Ac Kd]
bigiuadrian: calls $0.25
Lorpugo: raises $8.35 to $8.85 and is all-in
bigiuadrian: folds 
Uncalled bet ($8.35) returned to Lorpugo
Lorpugo collected $1 from pot
Lorpugo: doesn't show hand 
*** SUMMARY ***
Total pot $1 | Rake $0 
Seat 1: bigiuadrian (button) (small blind) folded before Flop
Seat 2: Lorpugo (big blind) collected ($1)



PokerStars Zoom Hand #241348055582:  Hold'em No Limit ($0.25/$0.50 - $10 Cap - ) - 2023/01/23 15:11:36 ET
Table 'Alpha Reticuli (Cap)' 2-max Seat #1 is the button
Seat 1: Lorpugo ($9.35 in chips) 
Seat 2: bigiuadrian ($17.25 in chips) 
Lorpugo: posts small blind $0.25
bigiuadrian: posts big blind $0.50
*** HOLE CARDS ***
Dealt to Lorpugo [9c Ad]
Lorpugo: raises $0.50 to $1
bigiuadrian: calls $0.50
*** FLOP *** [Tc 7h 9h]
bigiuadrian: checks 
Lorpugo: checks 
*** TURN *** [Tc 7h 9h] [Ac]
bigiuadrian: checks 
Lorpugo: bets $1.25
bigiuadrian: folds 
Uncalled bet ($1.25) returned to Lorpugo
Lorpugo collected $1.90 from pot
Lorpugo: doesn't show hand 
*** SUMMARY ***
Total pot $2 | Rake $0.10 
Board [Tc 7h 9h Ac]
Seat 1: Lorpugo (button) (small blind) collected ($1.90)
Seat 2: bigiuadrian (big blind) folded on the Turn



PokerStars Zoom Hand #241348069184:  Hold'em No Limit ($0.25/$0.50 - $10 Cap - ) - 2023/01/23 15:12:07 ET
Table 'Alpha Reticuli (Cap)' 2-max Seat #1 is the button
Seat 1: mona0503 ($7.13 in chips) 
Seat 2: Lorpugo ($10.25 in chips) 
mona0503: posts small blind $0.25
Lorpugo: posts big blind $0.50
*** HOLE CARDS ***
Dealt to Lorpugo [3c 6d]
mona0503: raises $0.50 to $1
Lorpugo: folds 
Uncalled bet ($0.50) returned to mona0503
mona0503 collected $1 from pot
mona0503: doesn't show hand 
*** SUMMARY ***
Total pot $1 | Rake $0 
Seat 1: mona0503 (button) (small blind) collected ($1)
Seat 2: Lorpugo (big blind) folded before Flop



PokerStars Zoom Hand #241348076933:  Hold'em No Limit ($0.25/$0.50 - $10 Cap - ) - 2023/01/23 15:12:25 ET
Table 'Alpha Reticuli (Cap)' 2-max Seat #1 is the button
Seat 1: Lorpugo ($9.75 in chips) 
Seat 2: vivilalau ($26.16 in chips) 
Lorpugo: posts small blind $0.25
vivilalau: posts big blind $0.50
*** HOLE CARDS ***
Dealt to Lorpugo [5h Kd]
Lorpugo: raises $0.50 to $1
vivilalau: calls $0.50
*** FLOP *** [4c Jc 5d]
vivilalau: bets $1
Lorpugo: calls $1
*** TURN *** [4c Jc 5d] [Qh]
vivilalau: bets $0.50
Lorpugo: calls $0.50
*** RIVER *** [4c Jc 5d Qh] [6c]
vivilalau: checks 
Lorpugo: checks 
*** SHOW DOWN ***
vivilalau: shows [Jh 7c] (a pair of Jacks)
Lorpugo: mucks hand 
vivilalau collected $4.75 from pot
*** SUMMARY ***
Total pot $5 | Rake $0.25 
Board [4c Jc 5d Qh 6c]
Seat 1: Lorpugo (button) (small blind) mucked [5h Kd]
Seat 2: vivilalau (big blind) showed [Jh 7c] and won ($4.75) with a pair of Jacks



PokerStars Zoom Hand #241348090130:  Hold'em No Limit ($0.25/$0.50 - $10 Cap - ) - 2023/01/23 15:12:55 ET
Table 'Alpha Reticuli (Cap)' 2-max Seat #1 is the button
Seat 1: Lorpugo ($7.25 in chips) 
Seat 2: vivilalau ($28.41 in chips) 
Lorpugo: posts small blind $0.25
vivilalau: posts big blind $0.50
*** HOLE CARDS ***
Dealt to Lorpugo [9d 6h]
Lorpugo: calls $0.25
vivilalau: raises $1 to $1.50
Lorpugo: calls $1
*** FLOP *** [4d 5h 3c]
vivilalau: bets $2.85
Lorpugo: raises $2.90 to $5.75 and is all-in
vivilalau: calls $2.90
*** TURN *** [4d 5h 3c] [2c]
*** RIVER *** [4d 5h 3c 2c] [Ah]
*** SHOW DOWN ***
vivilalau: shows [Td Tc] (a straight, Ace to Five)
Lorpugo: shows [9d 6h] (a straight, Deuce to Six)
Lorpugo collected $13.78 from pot
*** SUMMARY ***
Total pot $14.50 | Rake $0.72 
Board [4d 5h 3c 2c Ah]
Seat 1: Lorpugo (button) (small blind) showed [9d 6h] and won ($13.78) with a straight, Deuce to Six
Seat 2: vivilalau (big blind) showed [Td Tc] and lost with a straight, Ace to Five



PokerStars Zoom Hand #241348104735:  Hold'em No Limit ($0.25/$0.50 - $10 Cap - ) - 2023/01/23 15:13:28 ET
Table 'Alpha Reticuli (Cap)' 2-max Seat #1 is the button
Seat 1: Lorpugo ($13.78 in chips) 
Seat 2: misterblefff ($17.95 in chips) 
Lorpugo: posts small blind $0.25
misterblefff: posts big blind $0.50
*** HOLE CARDS ***
Dealt to Lorpugo [9c Ac]
Lorpugo: raises $0.50 to $1
misterblefff: folds 
Uncalled bet ($0.50) returned to Lorpugo
Lorpugo collected $1 from pot
Lorpugo: doesn't show hand 
*** SUMMARY ***
Total pot $1 | Rake $0 
Seat 1: Lorpugo (button) (small blind) collected ($1)
Seat 2: misterblefff (big blind) folded before Flop



PokerStars Zoom Hand #241348112410:  Hold'em No Limit ($0.25/$0.50 - $10 Cap - ) - 2023/01/23 15:13:46 ET
Table 'Alpha Reticuli (Cap)' 2-max Seat #1 is the button
Seat 1: vivilalau ($20.66 in chips) 
Seat 2: Lorpugo ($14.28 in chips) 
vivilalau: posts small blind $0.25
Lorpugo: posts big blind $0.50
*** HOLE CARDS ***
Dealt to Lorpugo [3c 5s]
vivilalau: folds 
Uncalled bet ($0.25) returned to Lorpugo
Lorpugo collected $0.50 from pot
Lorpugo: doesn't show hand 
*** SUMMARY ***
Total pot $0.50 | Rake $0 
Seat 1: vivilalau (button) (small blind) folded before Flop
Seat 2: Lorpugo (big blind) collected ($0.50)



PokerStars Zoom Hand #241348119381:  Hold'em No Limit ($0.25/$0.50 - $10 Cap - ) - 2023/01/23 15:14:02 ET
Table 'Alpha Reticuli (Cap)' 2-max Seat #1 is the button
Seat 1: vivilalau ($19.91 in chips) 
Seat 2: Lorpugo ($14.53 in chips) 
vivilalau: posts small blind $0.25
Lorpugo: posts big blind $0.50
*** HOLE CARDS ***
Dealt to Lorpugo [Qs 4h]
vivilalau: calls $0.25
Lorpugo: checks 
*** FLOP *** [7h 4c Ad]
Lorpugo: checks 
vivilalau: checks 
*** TURN *** [7h 4c Ad] [7c]
Lorpugo: checks 
vivilalau: checks 
*** RIVER *** [7h 4c Ad 7c] [Jd]
Lorpugo: checks 
vivilalau: checks 
*** SHOW DOWN ***
Lorpugo: shows [Qs 4h] (two pair, Sevens and Fours)
vivilalau: mucks hand 
Lorpugo collected $0.95 from pot
*** SUMMARY ***
Total pot $1 | Rake $0.05 
Board [7h 4c Ad 7c Jd]
Seat 1: vivilalau (button) (small blind) mucked [Ks 2s]
Seat 2: Lorpugo (big blind) showed [Qs 4h] and won ($0.95) with two pair, Sevens and Fours



PokerStars Zoom Hand #241348127714:  Hold'em No Limit ($0.25/$0.50 - $10 Cap - ) - 2023/01/23 15:14:22 ET
Table 'Alpha Reticuli (Cap)' 2-max Seat #1 is the button
Seat 1: Lorpugo ($14.98 in chips) 
Seat 2: bigiuadrian ($12.56 in chips) 
Lorpugo: posts small blind $0.25
bigiuadrian: posts big blind $0.50
*** HOLE CARDS ***
Dealt to Lorpugo [7s 9c]
Lorpugo: raises $0.50 to $1
bigiuadrian: raises $2 to $3
Lorpugo: folds 
Uncalled bet ($2) returned to bigiuadrian
bigiuadrian collected $2 from pot
bigiuadrian: doesn't show hand 
*** SUMMARY ***
Total pot $2 | Rake $0 
Seat 1: Lorpugo (button) (small blind) folded before Flop
Seat 2: bigiuadrian (big blind) collected ($2)



PokerStars Zoom Hand #241348134674:  Hold'em No Limit ($0.25/$0.50 - $10 Cap - ) - 2023/01/23 15:14:37 ET
Table 'Alpha Reticuli (Cap)' 2-max Seat #1 is the button
Seat 1: vivilalau ($19.66 in chips) 
Seat 2: Lorpugo ($13.98 in chips) 
vivilalau: posts small blind $0.25
Lorpugo: posts big blind $0.50
*** HOLE CARDS ***
Dealt to Lorpugo [Qs Ad]
vivilalau has timed out
vivilalau: folds 
Uncalled bet ($0.25) returned to Lorpugo
Lorpugo collected $0.50 from pot
Lorpugo: doesn't show hand 
*** SUMMARY ***
Total pot $0.50 | Rake $0 
Seat 1: vivilalau (button) (small blind) folded before Flop
Seat 2: Lorpugo (big blind) collected ($0.50)



PokerStars Zoom Hand #241348154420:  Hold'em No Limit ($0.25/$0.50 - $10 Cap - ) - 2023/01/23 15:15:23 ET
Table 'Alpha Reticuli (Cap)' 2-max Seat #1 is the button
Seat 1: bigiuadrian ($16.11 in chips) 
Seat 2: Lorpugo ($14.23 in chips) 
bigiuadrian: posts small blind $0.25
Lorpugo: posts big blind $0.50
*** HOLE CARDS ***
Dealt to Lorpugo [9d Ac]
bigiuadrian: calls $0.25
Lorpugo: checks 
*** FLOP *** [3h 6c Qc]
Lorpugo: checks 
bigiuadrian: checks 
*** TURN *** [3h 6c Qc] [3c]
Lorpugo: checks 
bigiuadrian: bets $1.45
Lorpugo: calls $1.45
*** RIVER *** [3h 6c Qc 3c] [Td]
Lorpugo: checks 
bigiuadrian: bets $2.70
Lorpugo: folds 
Uncalled bet ($2.70) returned to bigiuadrian
bigiuadrian collected $3.70 from pot
bigiuadrian: doesn't show hand 
*** SUMMARY ***
Total pot $3.90 | Rake $0.20 
Board [3h 6c Qc 3c Td]
Seat 1: bigiuadrian (button) (small blind) collected ($3.70)
Seat 2: Lorpugo (big blind) folded on the River



PokerStars Zoom Hand #241348164825:  Hold'em No Limit ($0.25/$0.50 - $10 Cap - ) - 2023/01/23 15:15:47 ET
Table 'Alpha Reticuli (Cap)' 2-max Seat #1 is the button
Seat 1: Lorpugo ($12.28 in chips) 
Seat 2: vivilalau ($19.41 in chips) 
Lorpugo: posts small blind $0.25
vivilalau: posts big blind $0.50
*** HOLE CARDS ***
Dealt to Lorpugo [Jd Ad]
Lorpugo: raises $0.50 to $1
vivilalau: calls $0.50
*** FLOP *** [5s Ts 6d]
vivilalau: checks 
Lorpugo: checks 
*** TURN *** [5s Ts 6d] [Kc]
vivilalau: checks 
Lorpugo: checks 
*** RIVER *** [5s Ts 6d Kc] [5c]
vivilalau: bets $1.90
Lorpugo: folds 
Uncalled bet ($1.90) returned to vivilalau
vivilalau collected $1.90 from pot
vivilalau: doesn't show hand 
*** SUMMARY ***
Total pot $2 | Rake $0.10 
Board [5s Ts 6d Kc 5c]
Seat 1: Lorpugo (button) (small blind) folded on the River
Seat 2: vivilalau (big blind) collected ($1.90)



PokerStars Zoom Hand #241348176782:  Hold'em No Limit ($0.25/$0.50 - $10 Cap - ) - 2023/01/23 15:16:14 ET
Table 'Alpha Reticuli (Cap)' 2-max Seat #1 is the button
Seat 1: Lorpugo ($11.28 in chips) 
Seat 2: vivilalau ($20.31 in chips) 
Lorpugo: posts small blind $0.25
vivilalau: posts big blind $0.50
*** HOLE CARDS ***
Dealt to Lorpugo [Th 6h]
Lorpugo: raises $0.50 to $1
vivilalau: folds 
Uncalled bet ($0.50) returned to Lorpugo
Lorpugo collected $1 from pot
Lorpugo: doesn't show hand 
*** SUMMARY ***
Total pot $1 | Rake $0 
Seat 1: Lorpugo (button) (small blind) collected ($1)
Seat 2: vivilalau (big blind) folded before Flop



PokerStars Zoom Hand #241348180252:  Hold'em No Limit ($0.25/$0.50 - $10 Cap - ) - 2023/01/23 15:16:22 ET
Table 'Alpha Reticuli (Cap)' 2-max Seat #1 is the button
Seat 1: vivilalau ($19.81 in chips) 
Seat 2: Lorpugo ($11.78 in chips) 
vivilalau: posts small blind $0.25
Lorpugo: posts big blind $0.50
*** HOLE CARDS ***
Dealt to Lorpugo [Js Jh]
vivilalau: calls $0.25
Lorpugo: raises $1 to $1.50
vivilalau: calls $1
*** FLOP *** [4c 4s 4h]
Lorpugo: bets $1.88
vivilalau: folds 
Uncalled bet ($1.88) returned to Lorpugo
Lorpugo collected $2.85 from pot
Lorpugo: doesn't show hand 
*** SUMMARY ***
Total pot $3 | Rake $0.15 
Board [4c 4s 4h]
Seat 1: vivilalau (button) (small blind) folded on the Flop
Seat 2: Lorpugo (big blind) collected ($2.85)



PokerStars Zoom Hand #241348191287:  Hold'em No Limit ($0.25/$0.50 - $10 Cap - ) - 2023/01/23 15:16:47 ET
Table 'Alpha Reticuli (Cap)' 2-max Seat #1 is the button
Seat 1: Lorpugo ($13.13 in chips) 
Seat 2: vivilalau ($18.31 in chips) 
Lorpugo: posts small blind $0.25
vivilalau: posts big blind $0.50
*** HOLE CARDS ***
Dealt to Lorpugo [Tc 3c]
Lorpugo: calls $0.25
vivilalau: raises $1 to $1.50
Lorpugo: folds 
Uncalled bet ($1) returned to vivilalau
vivilalau collected $1 from pot
vivilalau: doesn't show hand 
*** SUMMARY ***
Total pot $1 | Rake $0 
Seat 1: Lorpugo (button) (small blind) folded before Flop
Seat 2: vivilalau (big blind) collected ($1)



PokerStars Zoom Hand #241348194754:  Hold'em No Limit ($0.25/$0.50 - $10 Cap - ) - 2023/01/23 15:16:55 ET
Table 'Alpha Reticuli (Cap)' 2-max Seat #1 is the button
Seat 1: bigiuadrian ($32.51 in chips) 
Seat 2: Lorpugo ($12.63 in chips) 
bigiuadrian: posts small blind $0.25
Lorpugo: posts big blind $0.50
*** HOLE CARDS ***
Dealt to Lorpugo [8h 2s]
bigiuadrian: calls $0.25
Lorpugo: checks 
*** FLOP *** [8s Ks 5d]
Lorpugo: checks 
bigiuadrian: bets $0.50
Lorpugo: calls $0.50
*** TURN *** [8s Ks 5d] [Js]
Lorpugo: checks 
bigiuadrian: checks 
*** RIVER *** [8s Ks 5d Js] [5h]
Lorpugo: checks 
bigiuadrian: checks 
*** SHOW DOWN ***
Lorpugo: shows [8h 2s] (two pair, Eights and Fives)
bigiuadrian: shows [8c 9d] (two pair, Eights and Fives)
Lorpugo collected $0.95 from pot
bigiuadrian collected $0.95 from pot
*** SUMMARY ***
Total pot $2 | Rake $0.10 
Board [8s Ks 5d Js 5h]
Seat 1: bigiuadrian (button) (small blind) showed [8c 9d] and won ($0.95) with two pair, Eights and Fives
Seat 2: Lorpugo (big blind) showed [8h 2s] and won ($0.95) with two pair, Eights and Fives



PokerStars Zoom Hand #241348210508:  Hold'em No Limit ($0.25/$0.50 - $10 Cap - ) - 2023/01/23 15:17:31 ET
Table 'Alpha Reticuli (Cap)' 2-max Seat #1 is the button
Seat 1: Lorpugo ($12.58 in chips) 
Seat 2: bigiuadrian ($29.56 in chips) 
Lorpugo: posts small blind $0.25
bigiuadrian: posts big blind $0.50
*** HOLE CARDS ***
Dealt to Lorpugo [Tc 9h]
Lorpugo: raises $0.50 to $1
bigiuadrian: calls $0.50
*** FLOP *** [2d Qh 5c]
bigiuadrian: checks 
Lorpugo: bets $0.95
bigiuadrian: folds 
Uncalled bet ($0.95) returned to Lorpugo
Lorpugo collected $1.90 from pot
Lorpugo: doesn't show hand 
*** SUMMARY ***
Total pot $2 | Rake $0.10 
Board [2d Qh 5c]
Seat 1: Lorpugo (button) (small blind) collected ($1.90)
Seat 2: bigiuadrian (big blind) folded on the Flop



PokerStars Zoom Hand #241348226796:  Hold'em No Limit ($0.25/$0.50 - $10 Cap - ) - 2023/01/23 15:18:08 ET
Table 'Alpha Reticuli (Cap)' 2-max Seat #1 is the button
Seat 1: vivilalau ($20.42 in chips) 
Seat 2: Lorpugo ($13.48 in chips) 
vivilalau: posts small blind $0.25
Lorpugo: posts big blind $0.50
*** HOLE CARDS ***
Dealt to Lorpugo [Jc 5s]
vivilalau: calls $0.25
Lorpugo: checks 
*** FLOP *** [2h Ks 9h]
Lorpugo: checks 
vivilalau: checks 
*** TURN *** [2h Ks 9h] [Ts]
Lorpugo: checks 
vivilalau: checks 
*** RIVER *** [2h Ks 9h Ts] [3c]
Lorpugo: checks 
vivilalau: checks 
*** SHOW DOWN ***
Lorpugo: shows [Jc 5s] (high card King)
vivilalau: shows [6s 3s] (a pair of Threes)
vivilalau collected $0.95 from pot
*** SUMMARY ***
Total pot $1 | Rake $0.05 
Board [2h Ks 9h Ts 3c]
Seat 1: vivilalau (button) (small blind) showed [6s 3s] and won ($0.95) with a pair of Threes
Seat 2: Lorpugo (big blind) showed [Jc 5s] and lost with high card King



PokerStars Zoom Hand #241348246530:  Hold'em No Limit ($0.25/$0.50 - $10 Cap - ) - 2023/01/23 15:18:54 ET
Table 'Alpha Reticuli (Cap)' 2-max Seat #1 is the button
Seat 1: bigiuadrian ($28.96 in chips) 
Seat 2: Lorpugo ($12.98 in chips) 
bigiuadrian: posts small blind $0.25
Lorpugo: posts big blind $0.50
*** HOLE CARDS ***
Dealt to Lorpugo [9s Ts]
bigiuadrian: raises $0.50 to $1
Lorpugo: raises $2 to $3
bigiuadrian: folds 
Uncalled bet ($2) returned to Lorpugo
Lorpugo collected $2 from pot
Lorpugo: doesn't show hand 
*** SUMMARY ***
Total pot $2 | Rake $0 
Seat 1: bigiuadrian (button) (small blind) folded before Flop
Seat 2: Lorpugo (big blind) collected ($2)



PokerStars Zoom Hand #241348264367:  Hold'em No Limit ($0.25/$0.50 - $10 Cap - ) - 2023/01/23 15:19:34 ET
Table 'Alpha Reticuli (Cap)' 2-max Seat #1 is the button
Seat 1: Lorpugo ($13.98 in chips) 
Seat 2: bigiuadrian ($28.46 in chips) 
Lorpugo: posts small blind $0.25
bigiuadrian: posts big blind $0.50
*** HOLE CARDS ***
Dealt to Lorpugo [8c 8h]
Lorpugo: calls $0.25
bigiuadrian: checks 
*** FLOP *** [4d 2c Jh]
bigiuadrian: checks 
Lorpugo: bets $0.63
bigiuadrian: calls $0.63
*** TURN *** [4d 2c Jh] [As]
bigiuadrian: checks 
Lorpugo: checks 
*** RIVER *** [4d 2c Jh As] [7s]
bigiuadrian: bets $3.15
Lorpugo: calls $3.15
*** SHOW DOWN ***
bigiuadrian: shows [4c Tc] (a pair of Fours)
Lorpugo: shows [8c 8h] (a pair of Eights)
Lorpugo collected $8.13 from pot
*** SUMMARY ***
Total pot $8.56 | Rake $0.43 
Board [4d 2c Jh As 7s]
Seat 1: Lorpugo (button) (small blind) showed [8c 8h] and won ($8.13) with a pair of Eights
Seat 2: bigiuadrian (big blind) showed [4c Tc] and lost with a pair of Fours



PokerStars Zoom Hand #241348276270:  Hold'em No Limit ($0.25/$0.50 - $10 Cap - ) - 2023/01/23 15:20:01 ET
Table 'Alpha Reticuli (Cap)' 2-max Seat #1 is the button
Seat 1: Lorpugo ($17.83 in chips) 
Seat 2: bigiuadrian ($24.18 in chips) 
Lorpugo: posts small blind $0.25
bigiuadrian: posts big blind $0.50
*** HOLE CARDS ***
Dealt to Lorpugo [7s Kh]
Lorpugo: raises $0.50 to $1
bigiuadrian: folds 
Uncalled bet ($0.50) returned to Lorpugo
Lorpugo collected $1 from pot
Lorpugo: doesn't show hand 
*** SUMMARY ***
Total pot $1 | Rake $0 
Seat 1: Lorpugo (button) (small blind) collected ($1)
Seat 2: bigiuadrian (big blind) folded before Flop



PokerStars Zoom Hand #241348280204:  Hold'em No Limit ($0.25/$0.50 - $10 Cap - ) - 2023/01/23 15:20:10 ET
Table 'Alpha Reticuli (Cap)' 2-max Seat #1 is the button
Seat 1: bigiuadrian ($23.68 in chips) 
Seat 2: Lorpugo ($18.33 in chips) 
bigiuadrian: posts small blind $0.25
Lorpugo: posts big blind $0.50
*** HOLE CARDS ***
Dealt to Lorpugo [Jc 9d]
bigiuadrian: raises $0.50 to $1
Lorpugo: calls $0.50
*** FLOP *** [3d Kc 4d]
Lorpugo: checks 
bigiuadrian: bets $0.70
Lorpugo: folds 
Uncalled bet ($0.70) returned to bigiuadrian
bigiuadrian collected $1.90 from pot
bigiuadrian: doesn't show hand 
*** SUMMARY ***
Total pot $2 | Rake $0.10 
Board [3d Kc 4d]
Seat 1: bigiuadrian (button) (small blind) collected ($1.90)
Seat 2: Lorpugo (big blind) folded on the Flop



PokerStars Zoom Hand #241348292586:  Hold'em No Limit ($0.25/$0.50 - $10 Cap - ) - 2023/01/23 15:20:38 ET
Table 'Alpha Reticuli (Cap)' 2-max Seat #1 is the button
Seat 1: Lorpugo ($17.33 in chips) 
Seat 2: bigiuadrian ($24.58 in chips) 
Lorpugo: posts small blind $0.25
bigiuadrian: posts big blind $0.50
*** HOLE CARDS ***
Dealt to Lorpugo [2s 9c]
Lorpugo: folds 
Uncalled bet ($0.25) returned to bigiuadrian
bigiuadrian collected $0.50 from pot
bigiuadrian: doesn't show hand 
*** SUMMARY ***
Total pot $0.50 | Rake $0 
Seat 1: Lorpugo (button) (small blind) folded before Flop
Seat 2: bigiuadrian (big blind) collected ($0.50)



PokerStars Zoom Hand #241348295207:  Hold'em No Limit ($0.25/$0.50 - $10 Cap - ) - 2023/01/23 15:20:44 ET
Table 'Alpha Reticuli (Cap)' 2-max Seat #1 is the button
Seat 1: bigiuadrian ($24.83 in chips) 
Seat 2: Lorpugo ($17.08 in chips) 
bigiuadrian: posts small blind $0.25
Lorpugo: posts big blind $0.50
*** HOLE CARDS ***
Dealt to Lorpugo [8c Kc]
bigiuadrian: folds 
Uncalled bet ($0.25) returned to Lorpugo
Lorpugo collected $0.50 from pot
Lorpugo: doesn't show hand 
*** SUMMARY ***
Total pot $0.50 | Rake $0 
Seat 1: bigiuadrian (button) (small blind) folded before Flop
Seat 2: Lorpugo (big blind) collected ($0.50)



PokerStars Zoom Hand #241348298281:  Hold'em No Limit ($0.25/$0.50 - $10 Cap - ) - 2023/01/23 15:20:51 ET
Table 'Alpha Reticuli (Cap)' 2-max Seat #1 is the button
Seat 1: Lorpugo ($17.33 in chips) 
Seat 2: bigiuadrian ($24.58 in chips) 
Lorpugo: posts small blind $0.25
bigiuadrian: posts big blind $0.50
*** HOLE CARDS ***
Dealt to Lorpugo [3c 2s]
Lorpugo: folds 
Uncalled bet ($0.25) returned to bigiuadrian
bigiuadrian collected $0.50 from pot
bigiuadrian: doesn't show hand 
*** SUMMARY ***
Total pot $0.50 | Rake $0 
Seat 1: Lorpugo (button) (small blind) folded before Flop
Seat 2: bigiuadrian (big blind) collected ($0.50)



PokerStars Zoom Hand #241348301351:  Hold'em No Limit ($0.25/$0.50 - $10 Cap - ) - 2023/01/23 15:20:58 ET
Table 'Alpha Reticuli (Cap)' 2-max Seat #1 is the button
Seat 1: bigiuadrian ($24.83 in chips) 
Seat 2: Lorpugo ($17.08 in chips) 
bigiuadrian: posts small blind $0.25
Lorpugo: posts big blind $0.50
*** HOLE CARDS ***
Dealt to Lorpugo [9h 2h]
bigiuadrian: raises $0.60 to $1.10
Lorpugo: folds 
Uncalled bet ($0.60) returned to bigiuadrian
bigiuadrian collected $1 from pot
bigiuadrian: doesn't show hand 
*** SUMMARY ***
Total pot $1 | Rake $0 
Seat 1: bigiuadrian (button) (small blind) collected ($1)
Seat 2: Lorpugo (big blind) folded before Flop



PokerStars Zoom Hand #241348306244:  Hold'em No Limit ($0.25/$0.50 - $10 Cap - ) - 2023/01/23 15:21:10 ET
Table 'Alpha Reticuli (Cap)' 2-max Seat #1 is the button
Seat 1: Lorpugo ($16.58 in chips) 
Seat 2: bigiuadrian ($25.33 in chips) 
Lorpugo: posts small blind $0.25
bigiuadrian: posts big blind $0.50
*** HOLE CARDS ***
Dealt to Lorpugo [8s Qs]
Lorpugo: raises $0.50 to $1
bigiuadrian: calls $0.50
*** FLOP *** [7c 6c 3s]
bigiuadrian: checks 
Lorpugo: checks 
*** TURN *** [7c 6c 3s] [Ks]
bigiuadrian: bets $0.80
Lorpugo: raises $1.70 to $2.50
bigiuadrian: folds 
Uncalled bet ($1.70) returned to Lorpugo
Lorpugo collected $3.42 from pot
Lorpugo: doesn't show hand 
*** SUMMARY ***
Total pot $3.60 | Rake $0.18 
Board [7c 6c 3s Ks]
Seat 1: Lorpugo (button) (small blind) collected ($3.42)
Seat 2: bigiuadrian (big blind) folded on the Turn



PokerStars Zoom Hand #241348322574:  Hold'em No Limit ($0.25/$0.50 - $10 Cap - ) - 2023/01/23 15:21:47 ET
Table 'Alpha Reticuli (Cap)' 2-max Seat #1 is the button
Seat 1: bigiuadrian ($23.53 in chips) 
Seat 2: Lorpugo ($18.20 in chips) 
bigiuadrian: posts small blind $0.25
Lorpugo: posts big blind $0.50
*** HOLE CARDS ***
Dealt to Lorpugo [Td Jc]
bigiuadrian: raises $0.50 to $1
Lorpugo: calls $0.50
*** FLOP *** [3h 4h 7d]
Lorpugo: bets $0.50
bigiuadrian: calls $0.50
*** TURN *** [3h 4h 7d] [Kc]
Lorpugo: bets $1.50
bigiuadrian: folds 
Uncalled bet ($1.50) returned to Lorpugo
Lorpugo collected $2.85 from pot
Lorpugo: doesn't show hand 
*** SUMMARY ***
Total pot $3 | Rake $0.15 
Board [3h 4h 7d Kc]
Seat 1: bigiuadrian (button) (small blind) folded on the Turn
Seat 2: Lorpugo (big blind) collected ($2.85)



PokerStars Zoom Hand #241348335581:  Hold'em No Limit ($0.25/$0.50 - $10 Cap - ) - 2023/01/23 15:22:16 ET
Table 'Alpha Reticuli (Cap)' 2-max Seat #1 is the button
Seat 1: Lorpugo ($19.55 in chips) 
Seat 2: bigiuadrian ($22.03 in chips) 
Lorpugo: posts small blind $0.25
bigiuadrian: posts big blind $0.50
*** HOLE CARDS ***
Dealt to Lorpugo [4c 9d]
Lorpugo: folds 
Uncalled bet ($0.25) returned to bigiuadrian
bigiuadrian collected $0.50 from pot
bigiuadrian: doesn't show hand 
*** SUMMARY ***
Total pot $0.50 | Rake $0 
Seat 1: Lorpugo (button) (small blind) folded before Flop
Seat 2: bigiuadrian (big blind) collected ($0.50)



PokerStars Zoom Hand #241348340338:  Hold'em No Limit ($0.25/$0.50 - $10 Cap - ) - 2023/01/23 15:22:27 ET
Table 'Alpha Reticuli (Cap)' 2-max Seat #1 is the button
Seat 1: bigiuadrian ($22.28 in chips) 
Seat 2: Lorpugo ($19.30 in chips) 
bigiuadrian: posts small blind $0.25
Lorpugo: posts big blind $0.50
*** HOLE CARDS ***
Dealt to Lorpugo [6h Td]
bigiuadrian: raises $0.60 to $1.10
Lorpugo: folds 
Uncalled bet ($0.60) returned to bigiuadrian
bigiuadrian collected $1 from pot
bigiuadrian: doesn't show hand 
*** SUMMARY ***
Total pot $1 | Rake $0 
Seat 1: bigiuadrian (button) (small blind) collected ($1)
Seat 2: Lorpugo (big blind) folded before Flop



PokerStars Zoom Hand #241348347308:  Hold'em No Limit ($0.25/$0.50 - $10 Cap - ) - 2023/01/23 15:22:43 ET
Table 'Alpha Reticuli (Cap)' 2-max Seat #1 is the button
Seat 1: Lorpugo ($18.80 in chips) 
Seat 2: bigiuadrian ($22.78 in chips) 
Lorpugo: posts small blind $0.25
bigiuadrian: posts big blind $0.50
*** HOLE CARDS ***
Dealt to Lorpugo [8d Ks]
Lorpugo: raises $0.50 to $1
bigiuadrian: folds 
Uncalled bet ($0.50) returned to Lorpugo
Lorpugo collected $1 from pot
Lorpugo: doesn't show hand 
*** SUMMARY ***
Total pot $1 | Rake $0 
Seat 1: Lorpugo (button) (small blind) collected ($1)
Seat 2: bigiuadrian (big blind) folded before Flop



PokerStars Zoom Hand #241348352644:  Hold'em No Limit ($0.25/$0.50 - $10 Cap - ) - 2023/01/23 15:22:55 ET
Table 'Alpha Reticuli (Cap)' 2-max Seat #1 is the button
Seat 1: bigiuadrian ($22.28 in chips) 
Seat 2: Lorpugo ($19.30 in chips) 
bigiuadrian: posts small blind $0.25
Lorpugo: posts big blind $0.50
*** HOLE CARDS ***
Dealt to Lorpugo [7c Kc]
bigiuadrian: calls $0.25
Lorpugo: checks 
*** FLOP *** [Ac Kh 6c]
Lorpugo: checks 
bigiuadrian: bets $0.65
Lorpugo: calls $0.65
*** TURN *** [Ac Kh 6c] [Jh]
Lorpugo: checks 
bigiuadrian: checks 
*** RIVER *** [Ac Kh 6c Jh] [4d]
Lorpugo: checks 
bigiuadrian: bets $1.50
Lorpugo: calls $1.50
*** SHOW DOWN ***
bigiuadrian: shows [Jd Td] (a pair of Jacks)
Lorpugo: shows [7c Kc] (a pair of Kings)
Lorpugo collected $5.04 from pot
*** SUMMARY ***
Total pot $5.30 | Rake $0.26 
Board [Ac Kh 6c Jh 4d]
Seat 1: bigiuadrian (button) (small blind) showed [Jd Td] and lost with a pair of Jacks
Seat 2: Lorpugo (big blind) showed [7c Kc] and won ($5.04) with a pair of Kings



PokerStars Zoom Hand #241348372194:  Hold'em No Limit ($0.25/$0.50 - $10 Cap - ) - 2023/01/23 15:23:39 ET
Table 'Alpha Reticuli (Cap)' 2-max Seat #1 is the button
Seat 1: Lorpugo ($21.69 in chips) 
Seat 2: bigiuadrian ($19.63 in chips) 
Lorpugo: posts small blind $0.25
bigiuadrian: posts big blind $0.50
*** HOLE CARDS ***
Dealt to Lorpugo [Ts Js]
Lorpugo: raises $0.50 to $1
bigiuadrian: calls $0.50
*** FLOP *** [6h 8s Qs]
bigiuadrian: checks 
Lorpugo: bets $0.95
bigiuadrian: calls $0.95
*** TURN *** [6h 8s Qs] [6s]
bigiuadrian: checks 
Lorpugo: bets $2.44
bigiuadrian: folds 
Uncalled bet ($2.44) returned to Lorpugo
Lorpugo collected $3.70 from pot
Lorpugo: doesn't show hand 
*** SUMMARY ***
Total pot $3.90 | Rake $0.20 
Board [6h 8s Qs 6s]
Seat 1: Lorpugo (button) (small blind) collected ($3.70)
Seat 2: bigiuadrian (big blind) folded on the Turn



PokerStars Zoom Hand #241348386636:  Hold'em No Limit ($0.25/$0.50 - $10 Cap - ) - 2023/01/23 15:24:12 ET
Table 'Alpha Reticuli (Cap)' 2-max Seat #1 is the button
Seat 1: bigiuadrian ($17.68 in chips) 
Seat 2: Lorpugo ($23.44 in chips) 
bigiuadrian: posts small blind $0.25
Lorpugo: posts big blind $0.50
*** HOLE CARDS ***
Dealt to Lorpugo [7h Qs]
bigiuadrian: raises $0.60 to $1.10
Lorpugo: folds 
Uncalled bet ($0.60) returned to bigiuadrian
bigiuadrian collected $1 from pot
bigiuadrian: doesn't show hand 
*** SUMMARY ***
Total pot $1 | Rake $0 
Seat 1: bigiuadrian (button) (small blind) collected ($1)
Seat 2: Lorpugo (big blind) folded before Flop



PokerStars Zoom Hand #241348392376:  Hold'em No Limit ($0.25/$0.50 - $10 Cap - ) - 2023/01/23 15:24:25 ET
Table 'Alpha Reticuli (Cap)' 2-max Seat #1 is the button
Seat 1: Lorpugo ($22.94 in chips) 
Seat 2: bigiuadrian ($18.18 in chips) 
Lorpugo: posts small blind $0.25
bigiuadrian: posts big blind $0.50
*** HOLE CARDS ***
Dealt to Lorpugo [Jc Qd]
Lorpugo: raises $0.50 to $1
bigiuadrian: raises $9 to $10 and has reached the $10 cap
Lorpugo: folds 
Uncalled bet ($9) returned to bigiuadrian
bigiuadrian collected $2 from pot
bigiuadrian: doesn't show hand 
*** SUMMARY ***
Total pot $2 | Rake $0 
Seat 1: Lorpugo (button) (small blind) folded before Flop
Seat 2: bigiuadrian (big blind) collected ($2)



PokerStars Zoom Hand #241348400375:  Hold'em No Limit ($0.25/$0.50 - $10 Cap - ) - 2023/01/23 15:24:43 ET
Table 'Alpha Reticuli (Cap)' 2-max Seat #1 is the button
Seat 1: bigiuadrian ($19.18 in chips) 
Seat 2: Lorpugo ($21.94 in chips) 
bigiuadrian: posts small blind $0.25
Lorpugo: posts big blind $0.50
*** HOLE CARDS ***
Dealt to Lorpugo [4h Ts]
bigiuadrian: raises $0.60 to $1.10
Lorpugo: folds 
Uncalled bet ($0.60) returned to bigiuadrian
bigiuadrian collected $1 from pot
bigiuadrian: doesn't show hand 
*** SUMMARY ***
Total pot $1 | Rake $0 
Seat 1: bigiuadrian (button) (small blind) collected ($1)
Seat 2: Lorpugo (big blind) folded before Flop



PokerStars Zoom Hand #241348406611:  Hold'em No Limit ($0.25/$0.50 - $10 Cap - ) - 2023/01/23 15:24:57 ET
Table 'Alpha Reticuli (Cap)' 2-max Seat #1 is the button
Seat 1: Lorpugo ($21.44 in chips) 
Seat 2: bigiuadrian ($19.68 in chips) 
Lorpugo: posts small blind $0.25
bigiuadrian: posts big blind $0.50
*** HOLE CARDS ***
Dealt to Lorpugo [Qs 4h]
Lorpugo: folds 
Uncalled bet ($0.25) returned to bigiuadrian
bigiuadrian collected $0.50 from pot
bigiuadrian: doesn't show hand 
*** SUMMARY ***
Total pot $0.50 | Rake $0 
Seat 1: Lorpugo (button) (small blind) folded before Flop
Seat 2: bigiuadrian (big blind) collected ($0.50)



PokerStars Zoom Hand #241348410985:  Hold'em No Limit ($0.25/$0.50 - $10 Cap - ) - 2023/01/23 15:25:08 ET
Table 'Alpha Reticuli (Cap)' 2-max Seat #1 is the button
Seat 1: bigiuadrian ($19.93 in chips) 
Seat 2: Lorpugo ($21.19 in chips) 
bigiuadrian: posts small blind $0.25
Lorpugo: posts big blind $0.50
*** HOLE CARDS ***
Dealt to Lorpugo [As 3h]
bigiuadrian: calls $0.25
Lorpugo: checks 
*** FLOP *** [Jc 5c Ts]
Lorpugo: checks 
bigiuadrian: checks 
*** TURN *** [Jc 5c Ts] [Jd]
Lorpugo: bets $0.50
bigiuadrian: calls $0.50
*** RIVER *** [Jc 5c Ts Jd] [3s]
Lorpugo: checks 
bigiuadrian: bets $2.10
Lorpugo: calls $2.10
*** SHOW DOWN ***
bigiuadrian: shows [Th 6s] (two pair, Jacks and Tens)
Lorpugo: mucks hand 
bigiuadrian collected $5.89 from pot
*** SUMMARY ***
Total pot $6.20 | Rake $0.31 
Board [Jc 5c Ts Jd 3s]
Seat 1: bigiuadrian (button) (small blind) showed [Th 6s] and won ($5.89) with two pair, Jacks and Tens
Seat 2: Lorpugo (big blind) mucked [As 3h]



PokerStars Zoom Hand #241348438003:  Hold'em No Limit ($0.25/$0.50 - $10 Cap - ) - 2023/01/23 15:26:10 ET
Table 'Alpha Reticuli (Cap)' 2-max Seat #1 is the button
Seat 1: Lorpugo ($18.09 in chips) 
Seat 2: Freakriderz ($10 in chips) 
Lorpugo: posts small blind $0.25
Freakriderz: posts big blind $0.50
*** HOLE CARDS ***
Dealt to Lorpugo [8c 9c]
Lorpugo: raises $0.50 to $1
Freakriderz: calls $0.50
*** FLOP *** [7c Ac 8d]
Freakriderz: checks 
Lorpugo: bets $0.63
Freakriderz: folds 
Uncalled bet ($0.63) returned to Lorpugo
Lorpugo collected $1.90 from pot
Lorpugo: doesn't show hand 
*** SUMMARY ***
Total pot $2 | Rake $0.10 
Board [7c Ac 8d]
Seat 1: Lorpugo (button) (small blind) collected ($1.90)
Seat 2: Freakriderz (big blind) folded on the Flop



PokerStars Zoom Hand #241348446878:  Hold'em No Limit ($0.25/$0.50 - $10 Cap - ) - 2023/01/23 15:26:30 ET
Table 'Alpha Reticuli (Cap)' 2-max Seat #1 is the button
Seat 1: Lorpugo ($18.99 in chips) 
Seat 2: bigiuadrian ($23.22 in chips) 
Lorpugo: posts small blind $0.25
bigiuadrian: posts big blind $0.50
*** HOLE CARDS ***
Dealt to Lorpugo [8c 3h]
Lorpugo: folds 
Uncalled bet ($0.25) returned to bigiuadrian
bigiuadrian collected $0.50 from pot
bigiuadrian: doesn't show hand 
*** SUMMARY ***
Total pot $0.50 | Rake $0 
Seat 1: Lorpugo (button) (small blind) folded before Flop
Seat 2: bigiuadrian (big blind) collected ($0.50)



PokerStars Zoom Hand #241348452528:  Hold'em No Limit ($0.25/$0.50 - $10 Cap - ) - 2023/01/23 15:26:43 ET
Table 'Alpha Reticuli (Cap)' 2-max Seat #1 is the button
Seat 1: Lorpugo ($18.74 in chips) 
Seat 2: DrJohn1014 ($12.51 in chips) 
Lorpugo: posts small blind $0.25
DrJohn1014: posts big blind $0.50
*** HOLE CARDS ***
Dealt to Lorpugo [3d As]
Lorpugo: raises $0.50 to $1
DrJohn1014: raises $0.50 to $1.50
Lorpugo: calls $0.50
*** FLOP *** [6h 8c Jh]
DrJohn1014: bets $1.43
Lorpugo: folds 
Uncalled bet ($1.43) returned to DrJohn1014
DrJohn1014 collected $2.85 from pot
DrJohn1014: doesn't show hand 
*** SUMMARY ***
Total pot $3 | Rake $0.15 
Board [6h 8c Jh]
Seat 1: Lorpugo (button) (small blind) folded on the Flop
Seat 2: DrJohn1014 (big blind) collected ($2.85)



PokerStars Zoom Hand #241348461686:  Hold'em No Limit ($0.25/$0.50 - $10 Cap - ) - 2023/01/23 15:27:04 ET
Table 'Alpha Reticuli (Cap)' 2-max Seat #1 is the button
Seat 1: bigiuadrian ($23.47 in chips) 
Seat 2: Lorpugo ($17.24 in chips) 
bigiuadrian: posts small blind $0.25
Lorpugo: posts big blind $0.50
*** HOLE CARDS ***
Dealt to Lorpugo [Jc Th]
bigiuadrian: raises $0.60 to $1.10
Lorpugo: calls $0.60
*** FLOP *** [8s 9h Ah]
Lorpugo: checks 
bigiuadrian: bets $0.65
Lorpugo: raises $8.25 to $8.90 and has reached the $10 cap
bigiuadrian: calls $8.25 and has reached the $10 cap
*** TURN *** [8s 9h Ah] [8d]
*** RIVER *** [8s 9h Ah 8d] [2c]
*** SHOW DOWN ***
Lorpugo: shows [Jc Th] (a pair of Eights)
bigiuadrian: shows [9s 8c] (a full house, Eights full of Nines)
bigiuadrian collected $19.25 from pot
*** SUMMARY ***
Total pot $20 | Rake $0.75 
Board [8s 9h Ah 8d 2c]
Seat 1: bigiuadrian (button) (small blind) showed [9s 8c] and won ($19.25) with a full house, Eights full of Nines
Seat 2: Lorpugo (big blind) showed [Jc Th] and lost with a pair of Eights



PokerStars Zoom Hand #241348480439:  Hold'em No Limit ($0.25/$0.50 - $10 Cap - ) - 2023/01/23 15:27:47 ET
Table 'Alpha Reticuli (Cap)' 2-max Seat #1 is the button
Seat 1: cristiang1995 ($4.05 in chips) 
Seat 2: Lorpugo ($7.24 in chips) 
cristiang1995: posts small blind $0.25
Lorpugo: posts big blind $0.50
*** HOLE CARDS ***
Dealt to Lorpugo [5s Ad]
cristiang1995: raises $0.50 to $1
Lorpugo: raises $6.24 to $7.24 and is all-in
cristiang1995: folds 
Uncalled bet ($6.24) returned to Lorpugo
Lorpugo collected $2 from pot
Lorpugo: doesn't show hand 
*** SUMMARY ***
Total pot $2 | Rake $0 
Seat 1: cristiang1995 (button) (small blind) folded before Flop
Seat 2: Lorpugo (big blind) collected ($2)



PokerStars Zoom Hand #241348486118:  Hold'em No Limit ($0.25/$0.50 - $10 Cap - ) - 2023/01/23 15:28:00 ET
Table 'Alpha Reticuli (Cap)' 2-max Seat #1 is the button
Seat 1: cristiang1995 ($3.05 in chips) 
Seat 2: Lorpugo ($8.24 in chips) 
cristiang1995: posts small blind $0.25
Lorpugo: posts big blind $0.50
*** HOLE CARDS ***
Dealt to Lorpugo [5s Ah]
cristiang1995: folds 
Uncalled bet ($0.25) returned to Lorpugo
Lorpugo collected $0.50 from pot
Lorpugo: doesn't show hand 
*** SUMMARY ***
Total pot $0.50 | Rake $0 
Seat 1: cristiang1995 (button) (small blind) folded before Flop
Seat 2: Lorpugo (big blind) collected ($0.50)



PokerStars Zoom Hand #241348488710:  Hold'em No Limit ($0.25/$0.50 - $10 Cap - ) - 2023/01/23 15:28:06 ET
Table 'Alpha Reticuli (Cap)' 2-max Seat #1 is the button
Seat 1: Lorpugo ($8.49 in chips) 
Seat 2: DrJohn1014 ($12.26 in chips) 
Lorpugo: posts small blind $0.25
DrJohn1014: posts big blind $0.50
*** HOLE CARDS ***
Dealt to Lorpugo [Qs Th]
Lorpugo: raises $0.50 to $1
DrJohn1014: calls $0.50
*** FLOP *** [Td 2h 5h]
DrJohn1014: checks 
Lorpugo: bets $1.50
DrJohn1014: folds 
Uncalled bet ($1.50) returned to Lorpugo
Lorpugo collected $1.90 from pot
Lorpugo: doesn't show hand 
*** SUMMARY ***
Total pot $2 | Rake $0.10 
Board [Td 2h 5h]
Seat 1: Lorpugo (button) (small blind) collected ($1.90)
Seat 2: DrJohn1014 (big blind) folded on the Flop



PokerStars Zoom Hand #241348496810:  Hold'em No Limit ($0.25/$0.50 - $10 Cap - ) - 2023/01/23 15:28:25 ET
Table 'Alpha Reticuli (Cap)' 2-max Seat #1 is the button
Seat 1: DrJohn1014 ($11.26 in chips) 
Seat 2: Lorpugo ($9.39 in chips) 
DrJohn1014: posts small blind $0.25
Lorpugo: posts big blind $0.50
*** HOLE CARDS ***
Dealt to Lorpugo [Kc 2h]
DrJohn1014: raises $0.50 to $1
Lorpugo: folds 
Uncalled bet ($0.50) returned to DrJohn1014
DrJohn1014 collected $1 from pot
DrJohn1014: doesn't show hand 
*** SUMMARY ***
Total pot $1 | Rake $0 
Seat 1: DrJohn1014 (button) (small blind) collected ($1)
Seat 2: Lorpugo (big blind) folded before Flop



PokerStars Zoom Hand #241348501994:  Hold'em No Limit ($0.25/$0.50 - $10 Cap - ) - 2023/01/23 15:28:37 ET
Table 'Alpha Reticuli (Cap)' 2-max Seat #1 is the button
Seat 1: Lorpugo ($8.89 in chips) 
Seat 2: DrJohn1014 ($11.76 in chips) 
Lorpugo: posts small blind $0.25
DrJohn1014: posts big blind $0.50
*** HOLE CARDS ***
Dealt to Lorpugo [Jc Td]
Lorpugo: raises $0.50 to $1
DrJohn1014: raises $0.50 to $1.50
Lorpugo: calls $0.50
*** FLOP *** [Qs 3h Qd]
DrJohn1014: bets $0.50
Lorpugo: calls $0.50
*** TURN *** [Qs 3h Qd] [2c]
DrJohn1014: bets $0.50
Lorpugo: folds 
Uncalled bet ($0.50) returned to DrJohn1014
DrJohn1014 collected $3.80 from pot
DrJohn1014: doesn't show hand 
*** SUMMARY ***
Total pot $4 | Rake $0.20 
Board [Qs 3h Qd 2c]
Seat 1: Lorpugo (button) (small blind) folded on the Turn
Seat 2: DrJohn1014 (big blind) collected ($3.80)



PokerStars Zoom Hand #241348510824:  Hold'em No Limit ($0.25/$0.50 - $10 Cap - ) - 2023/01/23 15:28:57 ET
Table 'Alpha Reticuli (Cap)' 2-max Seat #1 is the button
Seat 1: bigiuadrian ($34.04 in chips) 
Seat 2: Lorpugo ($6.89 in chips) 
bigiuadrian: posts small blind $0.25
Lorpugo: posts big blind $0.50
*** HOLE CARDS ***
Dealt to Lorpugo [9c 5s]
bigiuadrian: raises $1 to $1.50
Lorpugo: folds 
Uncalled bet ($1) returned to bigiuadrian
bigiuadrian collected $1 from pot
bigiuadrian: doesn't show hand 
*** SUMMARY ***
Total pot $1 | Rake $0 
Seat 1: bigiuadrian (button) (small blind) collected ($1)
Seat 2: Lorpugo (big blind) folded before Flop



PokerStars Zoom Hand #241348514809:  Hold'em No Limit ($0.25/$0.50 - $10 Cap - ) - 2023/01/23 15:29:06 ET
Table 'Alpha Reticuli (Cap)' 2-max Seat #1 is the button
Seat 1: Lorpugo ($6.39 in chips) 
Seat 2: hindbeck85 ($9.50 in chips) 
Lorpugo: posts small blind $0.25
hindbeck85: posts big blind $0.50
*** HOLE CARDS ***
Dealt to Lorpugo [7h Kd]
Lorpugo: raises $0.50 to $1
hindbeck85: calls $0.50
*** FLOP *** [Js Th 2h]
hindbeck85: checks 
Lorpugo: checks 
*** TURN *** [Js Th 2h] [Ac]
hindbeck85: bets $1
Lorpugo: folds 
Uncalled bet ($1) returned to hindbeck85
hindbeck85 collected $1.90 from pot
hindbeck85: doesn't show hand 
*** SUMMARY ***
Total pot $2 | Rake $0.10 
Board [Js Th 2h Ac]
Seat 1: Lorpugo (button) (small blind) folded on the Turn
Seat 2: hindbeck85 (big blind) collected ($1.90)



PokerStars Zoom Hand #241348526041:  Hold'em No Limit ($0.25/$0.50 - $10 Cap - ) - 2023/01/23 15:29:31 ET
Table 'Alpha Reticuli (Cap)' 2-max Seat #1 is the button
Seat 1: DrJohn1014 ($13.06 in chips) 
Seat 2: Lorpugo ($5.39 in chips) 
DrJohn1014: posts small blind $0.25
Lorpugo: posts big blind $0.50
*** HOLE CARDS ***
Dealt to Lorpugo [3h 5h]
DrJohn1014: calls $0.25
Lorpugo: checks 
*** FLOP *** [Ks 6d 6c]
Lorpugo: checks 
DrJohn1014: bets $0.50
Lorpugo: folds 
Uncalled bet ($0.50) returned to DrJohn1014
DrJohn1014 collected $0.95 from pot
DrJohn1014: doesn't show hand 
*** SUMMARY ***
Total pot $1 | Rake $0.05 
Board [Ks 6d 6c]
Seat 1: DrJohn1014 (button) (small blind) collected ($0.95)
Seat 2: Lorpugo (big blind) folded on the Flop



PokerStars Zoom Hand #241348531818:  Hold'em No Limit ($0.25/$0.50 - $10 Cap - ) - 2023/01/23 15:29:44 ET
Table 'Alpha Reticuli (Cap)' 2-max Seat #1 is the button
Seat 1: Lorpugo ($4.89 in chips) 
Seat 2: 00asd00 ($10.63 in chips) 
Lorpugo: posts small blind $0.25
00asd00: posts big blind $0.50
*** HOLE CARDS ***
Dealt to Lorpugo [7h 4d]
Lorpugo: folds 
Uncalled bet ($0.25) returned to 00asd00
00asd00 collected $0.50 from pot
00asd00: doesn't show hand 
*** SUMMARY ***
Total pot $0.50 | Rake $0 
Seat 1: Lorpugo (button) (small blind) folded before Flop
Seat 2: 00asd00 (big blind) collected ($0.50)



PokerStars Zoom Hand #241348533776:  Hold'em No Limit ($0.25/$0.50 - $10 Cap - ) - 2023/01/23 15:29:49 ET
Table 'Alpha Reticuli (Cap)' 2-max Seat #1 is the button
Seat 1: Lorpugo ($4.64 in chips) 
Seat 2: cristiang1995 ($5.45 in chips) 
Lorpugo: posts small blind $0.25
cristiang1995: posts big blind $0.50
*** HOLE CARDS ***
Dealt to Lorpugo [Kh 4c]
Lorpugo: raises $0.50 to $1
cristiang1995: calls $0.50
*** FLOP *** [3h 3d 2h]
cristiang1995: checks 
Lorpugo: bets $3.64 and is all-in
cristiang1995: folds 
Uncalled bet ($3.64) returned to Lorpugo
Lorpugo collected $1.90 from pot
Lorpugo: doesn't show hand 
*** SUMMARY ***
Total pot $2 | Rake $0.10 
Board [3h 3d 2h]
Seat 1: Lorpugo (button) (small blind) collected ($1.90)
Seat 2: cristiang1995 (big blind) folded on the Flop



PokerStars Zoom Hand #241348542319:  Hold'em No Limit ($0.25/$0.50 - $10 Cap - ) - 2023/01/23 15:30:08 ET
Table 'Alpha Reticuli (Cap)' 2-max Seat #1 is the button
Seat 1: bigiuadrian ($34.86 in chips) 
Seat 2: Lorpugo ($5.54 in chips) 
bigiuadrian: posts small blind $0.25
Lorpugo: posts big blind $0.50
*** HOLE CARDS ***
Dealt to Lorpugo [3s 7h]
bigiuadrian: raises $0.50 to $1
Lorpugo: folds 
Uncalled bet ($0.50) returned to bigiuadrian
bigiuadrian collected $1 from pot
bigiuadrian: doesn't show hand 
*** SUMMARY ***
Total pot $1 | Rake $0 
Seat 1: bigiuadrian (button) (small blind) collected ($1)
Seat 2: Lorpugo (big blind) folded before Flop



PokerStars Zoom Hand #241348545225:  Hold'em No Limit ($0.25/$0.50 - $10 Cap - ) - 2023/01/23 15:30:15 ET
Table 'Alpha Reticuli (Cap)' 2-max Seat #1 is the button
Seat 1: Lorpugo ($5.04 in chips) 
Seat 2: Freakriderz ($8.88 in chips) 
Lorpugo: posts small blind $0.25
Freakriderz: posts big blind $0.50
*** HOLE CARDS ***
Dealt to Lorpugo [4h 8d]
Lorpugo: folds 
Uncalled bet ($0.25) returned to Freakriderz
Freakriderz collected $0.50 from pot
Freakriderz: doesn't show hand 
*** SUMMARY ***
Total pot $0.50 | Rake $0 
Seat 1: Lorpugo (button) (small blind) folded before Flop
Seat 2: Freakriderz (big blind) collected ($0.50)



PokerStars Zoom Hand #241348547904:  Hold'em No Limit ($0.25/$0.50 - $10 Cap - ) - 2023/01/23 15:30:21 ET
Table 'Alpha Reticuli (Cap)' 2-max Seat #1 is the button
Seat 1: Lorpugo ($4.79 in chips) 
Seat 2: Freakriderz ($9.13 in chips) 
Lorpugo: posts small blind $0.25
Freakriderz: posts big blind $0.50
*** HOLE CARDS ***
Dealt to Lorpugo [Ah Ts]
Lorpugo: calls $0.25
Freakriderz: checks 
*** FLOP *** [4h 2h Ac]
Freakriderz: checks 
Lorpugo: checks 
*** TURN *** [4h 2h Ac] [2s]
Freakriderz: checks 
Lorpugo: bets $0.63
Freakriderz: folds 
Uncalled bet ($0.63) returned to Lorpugo
Lorpugo collected $0.95 from pot
Lorpugo: doesn't show hand 
*** SUMMARY ***
Total pot $1 | Rake $0.05 
Board [4h 2h Ac 2s]
Seat 1: Lorpugo (button) (small blind) collected ($0.95)
Seat 2: Freakriderz (big blind) folded on the Turn



PokerStars Zoom Hand #241348555894:  Hold'em No Limit ($0.25/$0.50 - $10 Cap - ) - 2023/01/23 15:30:39 ET
Table 'Alpha Reticuli (Cap)' 2-max Seat #1 is the button
Seat 1: Lorpugo ($5.24 in chips) 
Seat 2: 00asd00 ($10.58 in chips) 
Lorpugo: posts small blind $0.25
00asd00: posts big blind $0.50
*** HOLE CARDS ***
Dealt to Lorpugo [4d Qs]
Lorpugo: folds 
Uncalled bet ($0.25) returned to 00asd00
00asd00 collected $0.50 from pot
00asd00: doesn't show hand 
*** SUMMARY ***
Total pot $0.50 | Rake $0 
Seat 1: Lorpugo (button) (small blind) folded before Flop
Seat 2: 00asd00 (big blind) collected ($0.50)



PokerStars Zoom Hand #241348561892:  Hold'em No Limit ($0.25/$0.50 - $10 Cap - ) - 2023/01/23 15:30:53 ET
Table 'Alpha Reticuli (Cap)' 2-max Seat #1 is the button
Seat 1: Lorpugo ($4.99 in chips) 
Seat 2: Freakriderz ($9.13 in chips) 
Lorpugo: posts small blind $0.25
Freakriderz: posts big blind $0.50
*** HOLE CARDS ***
Dealt to Lorpugo [7h 6s]
Lorpugo: raises $4.49 to $4.99 and is all-in
Freakriderz: folds 
Uncalled bet ($4.49) returned to Lorpugo
Lorpugo collected $1 from pot
Lorpugo: doesn't show hand 
*** SUMMARY ***
Total pot $1 | Rake $0 
Seat 1: Lorpugo (button) (small blind) collected ($1)
Seat 2: Freakriderz (big blind) folded before Flop



PokerStars Zoom Hand #241348565379:  Hold'em No Limit ($0.25/$0.50 - $10 Cap - ) - 2023/01/23 15:31:01 ET
Table 'Alpha Reticuli (Cap)' 2-max Seat #1 is the button
Seat 1: hindbeck85 ($6.40 in chips) 
Seat 2: Lorpugo ($5.49 in chips) 
hindbeck85: posts small blind $0.25
Lorpugo: posts big blind $0.50
*** HOLE CARDS ***
Dealt to Lorpugo [5s Kh]
hindbeck85: folds 
Uncalled bet ($0.25) returned to Lorpugo
Lorpugo collected $0.50 from pot
Lorpugo: doesn't show hand 
*** SUMMARY ***
Total pot $0.50 | Rake $0 
Seat 1: hindbeck85 (button) (small blind) folded before Flop
Seat 2: Lorpugo (big blind) collected ($0.50)



PokerStars Zoom Hand #241348577549:  Hold'em No Limit ($0.25/$0.50 - $10 Cap - ) - 2023/01/23 15:31:30 ET
Table 'Alpha Reticuli (Cap)' 2-max Seat #1 is the button
Seat 1: 00asd00 ($6.83 in chips) 
Seat 2: Lorpugo ($5.74 in chips) 
00asd00: posts small blind $0.25
Lorpugo: posts big blind $0.50
*** HOLE CARDS ***
Dealt to Lorpugo [3d 8d]
00asd00: raises $6.33 to $6.83 and is all-in
Lorpugo: folds 
Uncalled bet ($6.33) returned to 00asd00
00asd00 collected $1 from pot
00asd00: doesn't show hand 
*** SUMMARY ***
Total pot $1 | Rake $0 
Seat 1: 00asd00 (button) (small blind) collected ($1)
Seat 2: Lorpugo (big blind) folded before Flop



PokerStars Zoom Hand #241348580446:  Hold'em No Limit ($0.25/$0.50 - $10 Cap - ) - 2023/01/23 15:31:36 ET
Table 'Alpha Reticuli (Cap)' 2-max Seat #1 is the button
Seat 1: Lorpugo ($5.24 in chips) 
Seat 2: Freakriderz ($12.13 in chips) 
Lorpugo: posts small blind $0.25
Freakriderz: posts big blind $0.50
*** HOLE CARDS ***
Dealt to Lorpugo [3d 9s]
Lorpugo: folds 
Uncalled bet ($0.25) returned to Freakriderz
Freakriderz collected $0.50 from pot
Freakriderz: doesn't show hand 
*** SUMMARY ***
Total pot $0.50 | Rake $0 
Seat 1: Lorpugo (button) (small blind) folded before Flop
Seat 2: Freakriderz (big blind) collected ($0.50)



PokerStars Zoom Hand #241348583071:  Hold'em No Limit ($0.25/$0.50 - $10 Cap - ) - 2023/01/23 15:31:42 ET
Table 'Alpha Reticuli (Cap)' 2-max Seat #1 is the button
Seat 1: Freakriderz ($12.38 in chips) 
Seat 2: Lorpugo ($4.99 in chips) 
Freakriderz: posts small blind $0.25
Lorpugo: posts big blind $0.50
*** HOLE CARDS ***
Dealt to Lorpugo [Ac 5c]
Freakriderz: raises $0.50 to $1
Lorpugo: raises $3.99 to $4.99 and is all-in
Freakriderz: calls $3.99
*** FLOP *** [Qh Kh Jd]
*** TURN *** [Qh Kh Jd] [4h]
*** RIVER *** [Qh Kh Jd 4h] [9s]
*** SHOW DOWN ***
Lorpugo: shows [Ac 5c] (high card Ace)
Freakriderz: shows [Td Kc] (a straight, Nine to King)
Freakriderz cashed out the hand for $3.82 | Cash Out Fee $0.04
*** SUMMARY ***
Total pot $9.98 | Rake $0.50 
Board [Qh Kh Jd 4h 9s]
Seat 1: Freakriderz (button) (small blind) showed [Td Kc] and won ($9.48) with a straight, Nine to King (pot not awarded as player cashed out)
Seat 2: Lorpugo (big blind) showed [Ac 5c] and lost with high card Ace



