PokerStars Zoom Hand #241659809838:  Hold'em No Limit ($0.25/$0.50 - $10 Cap - ) - 2023/02/06 14:01:06 ET
Table 'Alpha Reticuli (Cap)' 2-max Seat #1 is the button
Seat 1: Shivas prana ($20.13 in chips) 
Seat 2: Lorpugo ($10 in chips) 
Shivas prana: posts small blind $0.25
Lorpugo: posts big blind $0.50
*** HOLE CARDS ***
Dealt to Lorpugo [4c 4d]
Shivas prana: raises $9.50 to $10 and has reached the $10 cap
Lorpugo: calls $9.50 and is all-in
*** FLOP *** [3h 7h 9h]
*** TURN *** [3h 7h 9h] [Jh]
*** RIVER *** [3h 7h 9h Jh] [8h]
*** SHOW DOWN ***
Lorpugo: shows [4c 4d] (a flush, Jack high)
Shivas prana: shows [3d 3c] (a flush, Jack high)
Lorpugo collected $9.63 from pot
Shivas prana collected $9.62 from pot
*** SUMMARY ***
Total pot $20 | Rake $0.75 
Board [3h 7h 9h Jh 8h]
Seat 1: Shivas prana (button) (small blind) showed [3d 3c] and won ($9.62) with a flush, Jack high
Seat 2: Lorpugo (big blind) showed [4c 4d] and won ($9.63) with a flush, Jack high



PokerStars Zoom Hand #241659815894:  Hold'em No Limit ($0.25/$0.50 - $10 Cap - ) - 2023/02/06 14:01:23 ET
Table 'Alpha Reticuli (Cap)' 2-max Seat #1 is the button
Seat 1: Lorpugo ($9.63 in chips) 
Seat 2: Shivas prana ($16.20 in chips) 
Lorpugo: posts small blind $0.25
Shivas prana: posts big blind $0.50
*** HOLE CARDS ***
Dealt to Lorpugo [7s Ks]
Lorpugo: raises $0.50 to $1
Shivas prana: calls $0.50
*** FLOP *** [Js 6d Jh]
Shivas prana: checks 
Lorpugo: bets $0.63
Shivas prana: folds 
Uncalled bet ($0.63) returned to Lorpugo
Lorpugo collected $1.90 from pot
Lorpugo: doesn't show hand 
*** SUMMARY ***
Total pot $2 | Rake $0.10 
Board [Js 6d Jh]
Seat 1: Lorpugo (button) (small blind) collected ($1.90)
Seat 2: Shivas prana (big blind) folded on the Flop



PokerStars Zoom Hand #241659823015:  Hold'em No Limit ($0.25/$0.50 - $10 Cap - ) - 2023/02/06 14:01:42 ET
Table 'Alpha Reticuli (Cap)' 2-max Seat #1 is the button
Seat 1: Shivas prana ($20 in chips) 
Seat 2: Lorpugo ($10.53 in chips) 
Shivas prana: posts small blind $0.25
Lorpugo: posts big blind $0.50
*** HOLE CARDS ***
Dealt to Lorpugo [9d Kc]
Shivas prana: calls $0.25
Lorpugo: checks 
*** FLOP *** [7c Js 4d]
Lorpugo: bets $0.50
Shivas prana: calls $0.50
*** TURN *** [7c Js 4d] [4c]
Lorpugo: checks 
Shivas prana: checks 
*** RIVER *** [7c Js 4d 4c] [Ad]
Lorpugo: checks 
Shivas prana: bets $2.85
Lorpugo: folds 
Uncalled bet ($2.85) returned to Shivas prana
Shivas prana collected $1.90 from pot
Shivas prana: doesn't show hand 
*** SUMMARY ***
Total pot $2 | Rake $0.10 
Board [7c Js 4d 4c Ad]
Seat 1: Shivas prana (button) (small blind) collected ($1.90)
Seat 2: Lorpugo (big blind) folded on the River



PokerStars Zoom Hand #241659838855:  Hold'em No Limit ($0.25/$0.50 - $10 Cap - ) - 2023/02/06 14:02:23 ET
Table 'Alpha Reticuli (Cap)' 2-max Seat #1 is the button
Seat 1: Shivas prana ($15.20 in chips) 
Seat 2: Lorpugo ($9.53 in chips) 
Shivas prana: posts small blind $0.25
Lorpugo: posts big blind $0.50
*** HOLE CARDS ***
Dealt to Lorpugo [Kd 9d]
Shivas prana: raises $0.55 to $1.05
Lorpugo: calls $0.55
*** FLOP *** [6d Kh Ts]
Lorpugo: checks 
Shivas prana: checks 
*** TURN *** [6d Kh Ts] [As]
Lorpugo: checks 
Shivas prana: checks 
*** RIVER *** [6d Kh Ts As] [7c]
Lorpugo: bets $1
Shivas prana: folds 
Uncalled bet ($1) returned to Lorpugo
Lorpugo collected $2 from pot
Lorpugo: doesn't show hand 
*** SUMMARY ***
Total pot $2.10 | Rake $0.10 
Board [6d Kh Ts As 7c]
Seat 1: Shivas prana (button) (small blind) folded on the River
Seat 2: Lorpugo (big blind) collected ($2)



PokerStars Zoom Hand #241659856680:  Hold'em No Limit ($0.25/$0.50 - $10 Cap - ) - 2023/02/06 14:03:08 ET
Table 'Alpha Reticuli (Cap)' 2-max Seat #1 is the button
Seat 1: Lorpugo ($10.48 in chips) 
Seat 2: Shivas prana ($14.15 in chips) 
Lorpugo: posts small blind $0.25
Shivas prana: posts big blind $0.50
*** HOLE CARDS ***
Dealt to Lorpugo [4c Kc]
Lorpugo: raises $0.50 to $1
Shivas prana: calls $0.50
*** FLOP *** [2d 8h 6c]
Shivas prana: bets $1.43
Lorpugo: folds 
Uncalled bet ($1.43) returned to Shivas prana
Shivas prana collected $1.90 from pot
Shivas prana: doesn't show hand 
*** SUMMARY ***
Total pot $2 | Rake $0.10 
Board [2d 8h 6c]
Seat 1: Lorpugo (button) (small blind) folded on the Flop
Seat 2: Shivas prana (big blind) collected ($1.90)



PokerStars Zoom Hand #241659867893:  Hold'em No Limit ($0.25/$0.50 - $10 Cap - ) - 2023/02/06 14:03:36 ET
Table 'Alpha Reticuli (Cap)' 2-max Seat #1 is the button
Seat 1: Shivas prana ($15.05 in chips) 
Seat 2: Lorpugo ($9.48 in chips) 
Shivas prana: posts small blind $0.25
Lorpugo: posts big blind $0.50
*** HOLE CARDS ***
Dealt to Lorpugo [6h 2c]
Shivas prana: raises $0.55 to $1.05
Lorpugo: folds 
Uncalled bet ($0.55) returned to Shivas prana
Shivas prana collected $1 from pot
Shivas prana: doesn't show hand 
*** SUMMARY ***
Total pot $1 | Rake $0 
Seat 1: Shivas prana (button) (small blind) collected ($1)
Seat 2: Lorpugo (big blind) folded before Flop



PokerStars Zoom Hand #241659871955:  Hold'em No Limit ($0.25/$0.50 - $10 Cap - ) - 2023/02/06 14:03:46 ET
Table 'Alpha Reticuli (Cap)' 2-max Seat #1 is the button
Seat 1: Lorpugo ($8.98 in chips) 
Seat 2: Shivas prana ($15.55 in chips) 
Lorpugo: posts small blind $0.25
Shivas prana: posts big blind $0.50
*** HOLE CARDS ***
Dealt to Lorpugo [As 6s]
Lorpugo: raises $0.50 to $1
Shivas prana: folds 
Uncalled bet ($0.50) returned to Lorpugo
Lorpugo collected $1 from pot
Lorpugo: doesn't show hand 
*** SUMMARY ***
Total pot $1 | Rake $0 
Seat 1: Lorpugo (button) (small blind) collected ($1)
Seat 2: Shivas prana (big blind) folded before Flop



PokerStars Zoom Hand #241659875568:  Hold'em No Limit ($0.25/$0.50 - $10 Cap - ) - 2023/02/06 14:03:55 ET
Table 'Alpha Reticuli (Cap)' 2-max Seat #1 is the button
Seat 1: Shivas prana ($15.05 in chips) 
Seat 2: Lorpugo ($9.48 in chips) 
Shivas prana: posts small blind $0.25
Lorpugo: posts big blind $0.50
*** HOLE CARDS ***
Dealt to Lorpugo [5c 5d]
Shivas prana: calls $0.25
Lorpugo: raises $8.98 to $9.48 and is all-in
Shivas prana: folds 
Uncalled bet ($8.98) returned to Lorpugo
Lorpugo collected $1 from pot
Lorpugo: doesn't show hand 
*** SUMMARY ***
Total pot $1 | Rake $0 
Seat 1: Shivas prana (button) (small blind) folded before Flop
Seat 2: Lorpugo (big blind) collected ($1)



PokerStars Zoom Hand #241659883662:  Hold'em No Limit ($0.25/$0.50 - $10 Cap - ) - 2023/02/06 14:04:15 ET
Table 'Alpha Reticuli (Cap)' 2-max Seat #1 is the button
Seat 1: Lorpugo ($9.98 in chips) 
Seat 2: Shivas prana ($14.55 in chips) 
Lorpugo: posts small blind $0.25
Shivas prana: posts big blind $0.50
*** HOLE CARDS ***
Dealt to Lorpugo [Th 4c]
Lorpugo: folds 
Uncalled bet ($0.25) returned to Shivas prana
Shivas prana collected $0.50 from pot
Shivas prana: doesn't show hand 
*** SUMMARY ***
Total pot $0.50 | Rake $0 
Seat 1: Lorpugo (button) (small blind) folded before Flop
Seat 2: Shivas prana (big blind) collected ($0.50)



PokerStars Zoom Hand #241659886978:  Hold'em No Limit ($0.25/$0.50 - $10 Cap - ) - 2023/02/06 14:04:23 ET
Table 'Alpha Reticuli (Cap)' 2-max Seat #1 is the button
Seat 1: Shivas prana ($14.80 in chips) 
Seat 2: Lorpugo ($9.73 in chips) 
Shivas prana: posts small blind $0.25
Lorpugo: posts big blind $0.50
*** HOLE CARDS ***
Dealt to Lorpugo [6d 3h]
Shivas prana: folds 
Uncalled bet ($0.25) returned to Lorpugo
Lorpugo collected $0.50 from pot
Lorpugo: doesn't show hand 
*** SUMMARY ***
Total pot $0.50 | Rake $0 
Seat 1: Shivas prana (button) (small blind) folded before Flop
Seat 2: Lorpugo (big blind) collected ($0.50)



PokerStars Zoom Hand #241659889712:  Hold'em No Limit ($0.25/$0.50 - $10 Cap - ) - 2023/02/06 14:04:29 ET
Table 'Alpha Reticuli (Cap)' 2-max Seat #1 is the button
Seat 1: Lorpugo ($9.98 in chips) 
Seat 2: Shivas prana ($14.55 in chips) 
Lorpugo: posts small blind $0.25
Shivas prana: posts big blind $0.50
*** HOLE CARDS ***
Dealt to Lorpugo [4c Ac]
Lorpugo: raises $0.50 to $1
Shivas prana: calls $0.50
*** FLOP *** [2h 8c Kc]
Shivas prana: checks 
Lorpugo: bets $1.25
Shivas prana: folds 
Uncalled bet ($1.25) returned to Lorpugo
Lorpugo collected $1.90 from pot
Lorpugo: doesn't show hand 
*** SUMMARY ***
Total pot $2 | Rake $0.10 
Board [2h 8c Kc]
Seat 1: Lorpugo (button) (small blind) collected ($1.90)
Seat 2: Shivas prana (big blind) folded on the Flop



PokerStars Zoom Hand #241659904320:  Hold'em No Limit ($0.25/$0.50 - $10 Cap - ) - 2023/02/06 14:05:04 ET
Table 'Alpha Reticuli (Cap)' 2-max Seat #1 is the button
Seat 1: Shivas prana ($13.55 in chips) 
Seat 2: Lorpugo ($10.88 in chips) 
Shivas prana: posts small blind $0.25
Lorpugo: posts big blind $0.50
*** HOLE CARDS ***
Dealt to Lorpugo [2h 5s]
Shivas prana: calls $0.25
Lorpugo: checks 
*** FLOP *** [5h 4s 6c]
Lorpugo: checks 
Shivas prana: checks 
*** TURN *** [5h 4s 6c] [3s]
Lorpugo: bets $0.50
Shivas prana: folds 
Uncalled bet ($0.50) returned to Lorpugo
Lorpugo collected $0.95 from pot
Lorpugo: doesn't show hand 
*** SUMMARY ***
Total pot $1 | Rake $0.05 
Board [5h 4s 6c 3s]
Seat 1: Shivas prana (button) (small blind) folded on the Turn
Seat 2: Lorpugo (big blind) collected ($0.95)



PokerStars Zoom Hand #241659918234:  Hold'em No Limit ($0.25/$0.50 - $10 Cap - ) - 2023/02/06 14:05:38 ET
Table 'Alpha Reticuli (Cap)' 2-max Seat #1 is the button
Seat 1: Lorpugo ($11.33 in chips) 
Seat 2: Shivas prana ($13.05 in chips) 
Lorpugo: posts small blind $0.25
Shivas prana: posts big blind $0.50
*** HOLE CARDS ***
Dealt to Lorpugo [8c Qc]
Lorpugo: raises $0.50 to $1
Shivas prana: calls $0.50
*** FLOP *** [4c 5s Tc]
Shivas prana: checks 
Lorpugo: bets $0.95
Shivas prana: folds 
Uncalled bet ($0.95) returned to Lorpugo
Lorpugo collected $1.90 from pot
Lorpugo: doesn't show hand 
*** SUMMARY ***
Total pot $2 | Rake $0.10 
Board [4c 5s Tc]
Seat 1: Lorpugo (button) (small blind) collected ($1.90)
Seat 2: Shivas prana (big blind) folded on the Flop



PokerStars Zoom Hand #241659927781:  Hold'em No Limit ($0.25/$0.50 - $10 Cap - ) - 2023/02/06 14:06:02 ET
Table 'Alpha Reticuli (Cap)' 2-max Seat #1 is the button
Seat 1: Shivas prana ($12.05 in chips) 
Seat 2: Lorpugo ($12.23 in chips) 
Shivas prana: posts small blind $0.25
Lorpugo: posts big blind $0.50
*** HOLE CARDS ***
Dealt to Lorpugo [9s Js]
Shivas prana: calls $0.25
Lorpugo: checks 
*** FLOP *** [Jd Ad 4s]
Lorpugo: checks 
Shivas prana: bets $0.50
Lorpugo: calls $0.50
*** TURN *** [Jd Ad 4s] [Jc]
Lorpugo: checks 
Shivas prana: bets $0.95
Lorpugo: raises $1.15 to $2.10
Shivas prana: calls $1.15
*** RIVER *** [Jd Ad 4s Jc] [2d]
Lorpugo: checks 
Shivas prana: bets $6.90 and has reached the $10 cap
Lorpugo: calls $6.90 and has reached the $10 cap
*** SHOW DOWN ***
Shivas prana: shows [9d 6d] (a flush, Ace high)
Lorpugo: shows [9s Js] (three of a kind, Jacks)
Shivas prana collected $19.25 from pot
*** SUMMARY ***
Total pot $20 | Rake $0.75 
Board [Jd Ad 4s Jc 2d]
Seat 1: Shivas prana (button) (small blind) showed [9d 6d] and won ($19.25) with a flush, Ace high
Seat 2: Lorpugo (big blind) showed [9s Js] and lost with three of a kind, Jacks



PokerStars Zoom Hand #241659952982:  Hold'em No Limit ($0.25/$0.50 - $10 Cap - ) - 2023/02/06 14:07:02 ET
Table 'Alpha Reticuli (Cap)' 2-max Seat #1 is the button
Seat 1: Lorpugo ($2.23 in chips) 
Seat 2: Shivas prana ($21.30 in chips) 
Lorpugo: posts small blind $0.25
Shivas prana: posts big blind $0.50
*** HOLE CARDS ***
Dealt to Lorpugo [7c 7h]
Lorpugo: raises $1.73 to $2.23 and is all-in
Shivas prana: calls $1.73
*** FLOP *** [2c 4d 6s]
*** TURN *** [2c 4d 6s] [Jd]
*** RIVER *** [2c 4d 6s Jd] [2h]
*** SHOW DOWN ***
Shivas prana: shows [Qd 2d] (three of a kind, Deuces)
Lorpugo: shows [7c 7h] (two pair, Sevens and Deuces)
Shivas prana collected $4.24 from pot
*** SUMMARY ***
Total pot $4.46 | Rake $0.22 
Board [2c 4d 6s Jd 2h]
Seat 1: Lorpugo (button) (small blind) showed [7c 7h] and lost with two pair, Sevens and Deuces
Seat 2: Shivas prana (big blind) showed [Qd 2d] and won ($4.24) with three of a kind, Deuces



