PokerStars Hand #241235367822:  Hold'em No Limit ($0.01/$0.02 USD) - 2023/01/18 15:10:02 ET
Table 'Spicer' 6-max Seat #5 is the button
Seat 2: Lorpugo ($1.60 in chips) 
Seat 4: Kobogol ($1.78 in chips) 
Seat 5: rwatson_linden ($0.46 in chips) 
Seat 6: not4public ($5.84 in chips) 
not4public: posts small blind $0.01
Lorpugo: posts big blind $0.02
*** HOLE CARDS ***
Dealt to Lorpugo [Ts 2c]
Kobogol: raises $0.06 to $0.08
rwatson_linden: folds 
not4public: folds 
Lorpugo: folds 
Uncalled bet ($0.06) returned to Kobogol
Kobogol collected $0.05 from pot
*** SUMMARY ***
Total pot $0.05 | Rake $0 
Seat 2: Lorpugo (big blind) folded before Flop
Seat 4: Kobogol collected ($0.05)
Seat 5: rwatson_linden (button) folded before Flop (didn't bet)
Seat 6: not4public (small blind) folded before Flop



PokerStars Hand #241235381033:  Hold'em No Limit ($0.01/$0.02 USD) - 2023/01/18 15:10:33 ET
Table 'Spicer' 6-max Seat #6 is the button
Seat 2: Lorpugo ($1.58 in chips) 
Seat 3: UnderTheGun2019 ($2 in chips) 
Seat 4: Kobogol ($1.81 in chips) 
Seat 5: rwatson_linden ($0.46 in chips) 
Seat 6: not4public ($5.83 in chips) 
Lorpugo: posts small blind $0.01
UnderTheGun2019: posts big blind $0.02
*** HOLE CARDS ***
Dealt to Lorpugo [Ad Tc]
Kobogol: raises $0.02 to $0.04
rwatson_linden: folds 
not4public: folds 
Lorpugo: calls $0.03
UnderTheGun2019: folds 
*** FLOP *** [5s Jc Qs]
Lorpugo: checks 
Kobogol: checks 
*** TURN *** [5s Jc Qs] [6s]
Lorpugo: checks 
Kobogol: bets $0.04
Lorpugo: folds 
Uncalled bet ($0.04) returned to Kobogol
Kobogol collected $0.10 from pot
*** SUMMARY ***
Total pot $0.10 | Rake $0 
Board [5s Jc Qs 6s]
Seat 2: Lorpugo (small blind) folded on the Turn
Seat 3: UnderTheGun2019 (big blind) folded before Flop
Seat 4: Kobogol collected ($0.10)
Seat 5: rwatson_linden folded before Flop (didn't bet)
Seat 6: not4public (button) folded before Flop (didn't bet)



PokerStars Hand #241235399392:  Hold'em No Limit ($0.01/$0.02 USD) - 2023/01/18 15:11:16 ET
Table 'Spicer' 6-max Seat #2 is the button
Seat 2: Lorpugo ($1.54 in chips) 
Seat 3: UnderTheGun2019 ($2 in chips) 
Seat 4: Kobogol ($1.87 in chips) 
Seat 5: rwatson_linden ($0.46 in chips) 
Seat 6: not4public ($5.83 in chips) 
UnderTheGun2019: posts small blind $0.01
Kobogol: posts big blind $0.02
*** HOLE CARDS ***
Dealt to Lorpugo [3h Td]
rwatson_linden: folds 
not4public: folds 
Lorpugo: folds 
UnderTheGun2019: folds 
Uncalled bet ($0.01) returned to Kobogol
Kobogol collected $0.02 from pot
*** SUMMARY ***
Total pot $0.02 | Rake $0 
Seat 2: Lorpugo (button) folded before Flop (didn't bet)
Seat 3: UnderTheGun2019 (small blind) folded before Flop
Seat 4: Kobogol (big blind) collected ($0.02)
Seat 5: rwatson_linden folded before Flop (didn't bet)
Seat 6: not4public folded before Flop (didn't bet)



PokerStars Hand #241235406506:  Hold'em No Limit ($0.01/$0.02 USD) - 2023/01/18 15:11:33 ET
Table 'Spicer' 6-max Seat #3 is the button
Seat 2: Lorpugo ($1.54 in chips) 
Seat 3: UnderTheGun2019 ($2 in chips) 
Seat 4: Kobogol ($1.88 in chips) 
Seat 5: rwatson_linden ($0.46 in chips) 
Seat 6: not4public ($5.83 in chips) 
Kobogol: posts small blind $0.01
rwatson_linden: posts big blind $0.02
*** HOLE CARDS ***
Dealt to Lorpugo [9d Js]
not4public has timed out
not4public: folds 
Lorpugo: raises $0.03 to $0.05
UnderTheGun2019: folds 
Kobogol: folds 
rwatson_linden: calls $0.03
*** FLOP *** [Kd Ad Kc]
rwatson_linden: checks 
Lorpugo: checks 
*** TURN *** [Kd Ad Kc] [5s]
rwatson_linden: checks 
Lorpugo: checks 
*** RIVER *** [Kd Ad Kc 5s] [Ac]
rwatson_linden: checks 
Lorpugo: bets $0.04
rwatson_linden: folds 
Uncalled bet ($0.04) returned to Lorpugo
Lorpugo collected $0.11 from pot
Lorpugo: doesn't show hand 
*** SUMMARY ***
Total pot $0.11 | Rake $0 
Board [Kd Ad Kc 5s Ac]
Seat 2: Lorpugo collected ($0.11)
Seat 3: UnderTheGun2019 (button) folded before Flop (didn't bet)
Seat 4: Kobogol (small blind) folded before Flop
Seat 5: rwatson_linden (big blind) folded on the River
Seat 6: not4public folded before Flop (didn't bet)



PokerStars Hand #241235426103:  Hold'em No Limit ($0.01/$0.02 USD) - 2023/01/18 15:12:19 ET
Table 'Spicer' 6-max Seat #4 is the button
Seat 2: Lorpugo ($1.60 in chips) 
Seat 3: UnderTheGun2019 ($2 in chips) 
Seat 4: Kobogol ($1.87 in chips) 
Seat 5: rwatson_linden ($0.41 in chips) 
Seat 6: not4public ($5.83 in chips) 
rwatson_linden: posts small blind $0.01
not4public: posts big blind $0.02
*** HOLE CARDS ***
Dealt to Lorpugo [6c Ts]
Lorpugo: folds 
UnderTheGun2019: folds 
Kobogol: raises $0.04 to $0.06
rwatson_linden: raises $0.35 to $0.41 and is all-in
not4public: folds 
Kobogol: folds 
Uncalled bet ($0.35) returned to rwatson_linden
rwatson_linden collected $0.14 from pot
*** SUMMARY ***
Total pot $0.14 | Rake $0 
Seat 2: Lorpugo folded before Flop (didn't bet)
Seat 3: UnderTheGun2019 folded before Flop (didn't bet)
Seat 4: Kobogol (button) folded before Flop
Seat 5: rwatson_linden (small blind) collected ($0.14)
Seat 6: not4public (big blind) folded before Flop



PokerStars Hand #241235443096:  Hold'em No Limit ($0.01/$0.02 USD) - 2023/01/18 15:12:58 ET
Table 'Spicer' 6-max Seat #5 is the button
Seat 2: Lorpugo ($1.60 in chips) 
Seat 3: UnderTheGun2019 ($2 in chips) 
Seat 4: Kobogol ($1.81 in chips) 
Seat 5: rwatson_linden ($0.49 in chips) 
Seat 6: not4public ($5.81 in chips) 
not4public: posts small blind $0.01
Lorpugo: posts big blind $0.02
*** HOLE CARDS ***
Dealt to Lorpugo [Kc 4c]
UnderTheGun2019: folds 
Kobogol: raises $0.02 to $0.04
rwatson_linden: calls $0.04
not4public: folds 
Lorpugo: calls $0.02
*** FLOP *** [8h 2d 4s]
Lorpugo: checks 
Kobogol: bets $1.77 and is all-in
rwatson_linden: calls $0.45 and is all-in
Lorpugo: folds 
Uncalled bet ($1.32) returned to Kobogol
*** TURN *** [8h 2d 4s] [8c]
*** RIVER *** [8h 2d 4s 8c] [Ac]
*** SHOW DOWN ***
Kobogol: shows [Th Ts] (two pair, Tens and Eights)
rwatson_linden: shows [Qs 8s] (three of a kind, Eights)
rwatson_linden collected $0.99 from pot
1..CaHeK93 leaves the table
*** SUMMARY ***
Total pot $1.03 | Rake $0.04 
Board [8h 2d 4s 8c Ac]
Seat 2: Lorpugo (big blind) folded on the Flop
Seat 3: UnderTheGun2019 folded before Flop (didn't bet)
Seat 4: Kobogol showed [Th Ts] and lost with two pair, Tens and Eights
Seat 5: rwatson_linden (button) showed [Qs 8s] and won ($0.99) with three of a kind, Eights
Seat 6: not4public (small blind) folded before Flop



PokerStars Hand #241235465673:  Hold'em No Limit ($0.01/$0.02 USD) - 2023/01/18 15:13:51 ET
Table 'Spicer' 6-max Seat #6 is the button
Seat 2: Lorpugo ($1.56 in chips) 
Seat 3: UnderTheGun2019 ($2 in chips) 
Seat 4: Kobogol ($1.32 in chips) 
Seat 5: rwatson_linden ($0.99 in chips) 
Seat 6: not4public ($5.80 in chips) 
Lorpugo: posts small blind $0.01
UnderTheGun2019: posts big blind $0.02
*** HOLE CARDS ***
Dealt to Lorpugo [Qc Ac]
Kobogol: raises $0.08 to $0.10
rwatson_linden: folds 
not4public: folds 
Spliffinger9 joins the table at seat #1 
Lorpugo: raises $1.46 to $1.56 and is all-in
UnderTheGun2019: folds 
Kobogol: folds 
Uncalled bet ($1.46) returned to Lorpugo
Lorpugo collected $0.22 from pot
Lorpugo: doesn't show hand 
*** SUMMARY ***
Total pot $0.22 | Rake $0 
Seat 2: Lorpugo (small blind) collected ($0.22)
Seat 3: UnderTheGun2019 (big blind) folded before Flop
Seat 4: Kobogol folded before Flop
Seat 5: rwatson_linden folded before Flop (didn't bet)
Seat 6: not4public (button) folded before Flop (didn't bet)



PokerStars Hand #241235476577:  Hold'em No Limit ($0.01/$0.02 USD) - 2023/01/18 15:14:16 ET
Table 'Spicer' 6-max Seat #2 is the button
Seat 1: Spliffinger9 ($0.80 in chips) 
Seat 2: Lorpugo ($1.68 in chips) 
Seat 3: UnderTheGun2019 ($2 in chips) 
Seat 4: Kobogol ($1.22 in chips) 
Seat 5: rwatson_linden ($0.99 in chips) 
Seat 6: not4public ($5.80 in chips) 
UnderTheGun2019: posts small blind $0.01
Kobogol: posts big blind $0.02
Spliffinger9: posts big blind $0.02
*** HOLE CARDS ***
Dealt to Lorpugo [4d 7h]
rwatson_linden: folds 
not4public: folds 
Spliffinger9: checks 
Lorpugo: folds 
UnderTheGun2019: raises $0.14 to $0.16
Kobogol: calls $0.14
Spliffinger9: folds 
*** FLOP *** [Td 9c Kd]
UnderTheGun2019: checks 
Kobogol: bets $0.06
UnderTheGun2019: calls $0.06
*** TURN *** [Td 9c Kd] [3c]
UnderTheGun2019: checks 
Kobogol: checks 
*** RIVER *** [Td 9c Kd 3c] [Jd]
UnderTheGun2019: bets $0.40
Kobogol: folds 
Uncalled bet ($0.40) returned to UnderTheGun2019
UnderTheGun2019 collected $0.44 from pot
UnderTheGun2019: doesn't show hand 
*** SUMMARY ***
Total pot $0.46 | Rake $0.02 
Board [Td 9c Kd 3c Jd]
Seat 1: Spliffinger9 folded before Flop (didn't bet)
Seat 2: Lorpugo (button) folded before Flop (didn't bet)
Seat 3: UnderTheGun2019 (small blind) collected ($0.44)
Seat 4: Kobogol (big blind) folded on the River
Seat 5: rwatson_linden folded before Flop (didn't bet)
Seat 6: not4public folded before Flop (didn't bet)



PokerStars Hand #241235496432:  Hold'em No Limit ($0.01/$0.02 USD) - 2023/01/18 15:15:03 ET
Table 'Spicer' 6-max Seat #3 is the button
Seat 1: Spliffinger9 ($0.78 in chips) 
Seat 2: Lorpugo ($1.68 in chips) 
Seat 3: UnderTheGun2019 ($2.22 in chips) 
Seat 4: Kobogol ($1 in chips) 
Seat 5: rwatson_linden ($0.99 in chips) 
Seat 6: not4public ($5.80 in chips) 
Kobogol: posts small blind $0.01
rwatson_linden: posts big blind $0.02
*** HOLE CARDS ***
Dealt to Lorpugo [3s Ah]
not4public: folds 
Spliffinger9: calls $0.02
Lorpugo: folds 
UnderTheGun2019: folds 
Kobogol: folds 
rwatson_linden: checks 
*** FLOP *** [6s 2h As]
rwatson_linden: checks 
Spliffinger9: checks 
*** TURN *** [6s 2h As] [9s]
rwatson_linden: checks 
Spliffinger9: checks 
*** RIVER *** [6s 2h As 9s] [Tc]
rwatson_linden: checks 
Spliffinger9: checks 
*** SHOW DOWN ***
rwatson_linden: shows [9c 4c] (a pair of Nines)
Spliffinger9: mucks hand 
rwatson_linden collected $0.05 from pot
*** SUMMARY ***
Total pot $0.05 | Rake $0 
Board [6s 2h As 9s Tc]
Seat 1: Spliffinger9 mucked [8d Jc]
Seat 2: Lorpugo folded before Flop (didn't bet)
Seat 3: UnderTheGun2019 (button) folded before Flop (didn't bet)
Seat 4: Kobogol (small blind) folded before Flop
Seat 5: rwatson_linden (big blind) showed [9c 4c] and won ($0.05) with a pair of Nines
Seat 6: not4public folded before Flop (didn't bet)



PokerStars Hand #241235506503:  Hold'em No Limit ($0.01/$0.02 USD) - 2023/01/18 15:15:26 ET
Table 'Spicer' 6-max Seat #4 is the button
Seat 2: Lorpugo ($1.68 in chips) 
Seat 3: UnderTheGun2019 ($2.22 in chips) 
Seat 4: Kobogol ($0.99 in chips) 
Seat 5: rwatson_linden ($1.02 in chips) 
Seat 6: not4public ($5.80 in chips) 
rwatson_linden: posts small blind $0.01
not4public: posts big blind $0.02
*** HOLE CARDS ***
Dealt to Lorpugo [5s Ts]
Spliffinger9 leaves the table
Lorpugo: folds 
UnderTheGun2019: folds 
Kobogol: folds 
rwatson_linden: raises $0.02 to $0.04
hwk515 joins the table at seat #1 
not4public: folds 
Uncalled bet ($0.02) returned to rwatson_linden
rwatson_linden collected $0.04 from pot
*** SUMMARY ***
Total pot $0.04 | Rake $0 
Seat 2: Lorpugo folded before Flop (didn't bet)
Seat 3: UnderTheGun2019 folded before Flop (didn't bet)
Seat 4: Kobogol (button) folded before Flop (didn't bet)
Seat 5: rwatson_linden (small blind) collected ($0.04)
Seat 6: not4public (big blind) folded before Flop



PokerStars Hand #241235511366:  Hold'em No Limit ($0.01/$0.02 USD) - 2023/01/18 15:15:37 ET
Table 'Spicer' 6-max Seat #5 is the button
Seat 1: hwk515 ($2 in chips) 
Seat 2: Lorpugo ($1.68 in chips) 
Seat 3: UnderTheGun2019 ($2.22 in chips) 
Seat 4: Kobogol ($0.99 in chips) 
Seat 5: rwatson_linden ($1.04 in chips) 
Seat 6: not4public ($5.78 in chips) 
not4public: posts small blind $0.01
hwk515 is connected 
hwk515: posts big blind $0.02
*** HOLE CARDS ***
Dealt to Lorpugo [Jc 6h]
Lorpugo: folds 
UnderTheGun2019: folds 
Kobogol: raises $0.04 to $0.06
rwatson_linden: calls $0.06
not4public: folds 
hwk515: folds 
*** FLOP *** [Qc Ks Js]
Kobogol: bets $0.14
rwatson_linden: calls $0.14
*** TURN *** [Qc Ks Js] [6c]
Kobogol: bets $0.41
rwatson_linden: calls $0.41
*** RIVER *** [Qc Ks Js 6c] [9c]
Kobogol: bets $0.38 and is all-in
rwatson_linden: calls $0.38
*** SHOW DOWN ***
Kobogol: shows [Kc 7c] (a flush, King high)
rwatson_linden: shows [4s As] (high card Ace)
Kobogol collected $1.92 from pot
*** SUMMARY ***
Total pot $2.01 | Rake $0.09 
Board [Qc Ks Js 6c 9c]
Seat 1: hwk515 (big blind) folded before Flop
Seat 2: Lorpugo folded before Flop (didn't bet)
Seat 3: UnderTheGun2019 folded before Flop (didn't bet)
Seat 4: Kobogol showed [Kc 7c] and won ($1.92) with a flush, King high
Seat 5: rwatson_linden (button) showed [4s As] and lost with high card Ace
Seat 6: not4public (small blind) folded before Flop



PokerStars Hand #241235533439:  Hold'em No Limit ($0.01/$0.02 USD) - 2023/01/18 15:16:29 ET
Table 'Spicer' 6-max Seat #6 is the button
Seat 1: hwk515 ($1.98 in chips) 
Seat 2: Lorpugo ($1.68 in chips) 
Seat 3: UnderTheGun2019 ($2.22 in chips) 
Seat 4: Kobogol ($1.92 in chips) 
Seat 5: rwatson_linden ($0.05 in chips) 
Seat 6: not4public ($5.77 in chips) 
hwk515: posts small blind $0.01
Lorpugo: posts big blind $0.02
*** HOLE CARDS ***
Dealt to Lorpugo [7s 2s]
UnderTheGun2019: folds 
Kobogol: calls $0.02
rwatson_linden: folds 
rwatson_linden leaves the table
not4public: folds 
Transporter04 joins the table at seat #5 
hwk515: folds 
Lorpugo: checks 
*** FLOP *** [Jd 8c 7h]
Lorpugo: checks 
Kobogol: checks 
*** TURN *** [Jd 8c 7h] [5h]
Lorpugo: checks 
Kobogol: checks 
*** RIVER *** [Jd 8c 7h 5h] [9h]
Lorpugo: checks 
Kobogol: checks 
*** SHOW DOWN ***
Lorpugo: shows [7s 2s] (a pair of Sevens)
Kobogol: mucks hand 
Lorpugo collected $0.05 from pot
*** SUMMARY ***
Total pot $0.05 | Rake $0 
Board [Jd 8c 7h 5h 9h]
Seat 1: hwk515 (small blind) folded before Flop
Seat 2: Lorpugo (big blind) showed [7s 2s] and won ($0.05) with a pair of Sevens
Seat 3: UnderTheGun2019 folded before Flop (didn't bet)
Seat 4: Kobogol mucked [4c 4d]
Seat 5: rwatson_linden folded before Flop (didn't bet)
Seat 6: not4public (button) folded before Flop (didn't bet)



PokerStars Hand #241235553329:  Hold'em No Limit ($0.01/$0.02 USD) - 2023/01/18 15:17:16 ET
Table 'Spicer' 6-max Seat #1 is the button
Seat 1: hwk515 ($1.97 in chips) 
Seat 2: Lorpugo ($1.71 in chips) 
Seat 3: UnderTheGun2019 ($2.22 in chips) 
Seat 4: Kobogol ($1.90 in chips) 
Seat 6: not4public ($5.77 in chips) 
Lorpugo: posts small blind $0.01
UnderTheGun2019: posts big blind $0.02
*** HOLE CARDS ***
Dealt to Lorpugo [Qs Td]
Kobogol: folds 
not4public: raises $0.02 to $0.04
hwk515: folds 
Lorpugo: calls $0.03
UnderTheGun2019: folds 
*** FLOP *** [5h Ts 8s]
Kobogol leaves the table
Lorpugo: bets $0.07
not4public: folds 
Uncalled bet ($0.07) returned to Lorpugo
Lorpugo collected $0.10 from pot
Lorpugo: doesn't show hand 
*** SUMMARY ***
Total pot $0.10 | Rake $0 
Board [5h Ts 8s]
Seat 1: hwk515 (button) folded before Flop (didn't bet)
Seat 2: Lorpugo (small blind) collected ($0.10)
Seat 3: UnderTheGun2019 (big blind) folded before Flop
Seat 4: Kobogol folded before Flop (didn't bet)
Seat 6: not4public folded on the Flop



PokerStars Hand #241235564819:  Hold'em No Limit ($0.01/$0.02 USD) - 2023/01/18 15:17:43 ET
Table 'Spicer' 6-max Seat #2 is the button
Seat 1: hwk515 ($1.97 in chips) 
Seat 2: Lorpugo ($1.77 in chips) 
Seat 3: UnderTheGun2019 ($2.20 in chips) 
Seat 5: Transporter04 ($1.60 in chips) 
Seat 6: not4public ($5.73 in chips) 
UnderTheGun2019: posts small blind $0.01
Transporter04: posts big blind $0.02
*** HOLE CARDS ***
Dealt to Lorpugo [Jh 5c]
not4public: raises $0.04 to $0.06
hwk515: folds 
Lorpugo: folds 
UnderTheGun2019: folds 
BadgerLove joins the table at seat #4 
Transporter04: folds 
Uncalled bet ($0.04) returned to not4public
not4public collected $0.05 from pot
*** SUMMARY ***
Total pot $0.05 | Rake $0 
Seat 1: hwk515 folded before Flop (didn't bet)
Seat 2: Lorpugo (button) folded before Flop (didn't bet)
Seat 3: UnderTheGun2019 (small blind) folded before Flop
Seat 5: Transporter04 (big blind) folded before Flop
Seat 6: not4public collected ($0.05)



PokerStars Hand #241235574949:  Hold'em No Limit ($0.01/$0.02 USD) - 2023/01/18 15:18:06 ET
Table 'Spicer' 6-max Seat #3 is the button
Seat 1: hwk515 ($1.97 in chips) 
Seat 2: Lorpugo ($1.77 in chips) 
Seat 3: UnderTheGun2019 ($2.19 in chips) 
Seat 5: Transporter04 ($1.58 in chips) 
Seat 6: not4public ($5.76 in chips) 
Transporter04: posts small blind $0.01
not4public: posts big blind $0.02
*** HOLE CARDS ***
Dealt to Lorpugo [6d 5h]
hwk515: calls $0.02
Lorpugo: folds 
UnderTheGun2019: folds 
Transporter04: calls $0.01
not4public: raises $0.02 to $0.04
hwk515: calls $0.02
Transporter04: calls $0.02
*** FLOP *** [2c 6s Ts]
Transporter04: checks 
not4public: checks 
hwk515: checks 
*** TURN *** [2c 6s Ts] [Kh]
Transporter04: checks 
not4public: bets $0.06
hwk515: folds 
Transporter04: calls $0.06
*** RIVER *** [2c 6s Ts Kh] [5d]
Transporter04: checks 
not4public has timed out
not4public: checks 
*** SHOW DOWN ***
Transporter04: shows [5c Tc] (two pair, Tens and Fives)
not4public: mucks hand 
Transporter04 collected $0.23 from pot
*** SUMMARY ***
Total pot $0.24 | Rake $0.01 
Board [2c 6s Ts Kh 5d]
Seat 1: hwk515 folded on the Turn
Seat 2: Lorpugo folded before Flop (didn't bet)
Seat 3: UnderTheGun2019 (button) folded before Flop (didn't bet)
Seat 5: Transporter04 (small blind) showed [5c Tc] and won ($0.23) with two pair, Tens and Fives
Seat 6: not4public (big blind) mucked [Js Kd]



PokerStars Hand #241235623667:  Hold'em No Limit ($0.01/$0.02 USD) - 2023/01/18 15:19:59 ET
Table 'Spicer' 6-max Seat #5 is the button
Seat 1: hwk515 ($1.93 in chips) 
Seat 2: Lorpugo ($1.77 in chips) 
Seat 3: UnderTheGun2019 ($2.19 in chips) 
Seat 4: BadgerLove ($1.60 in chips) 
Seat 5: Transporter04 ($1.71 in chips) 
Seat 6: not4public ($5.66 in chips) 
not4public: posts small blind $0.01
hwk515: posts big blind $0.02
BadgerLove: posts big blind $0.02
*** HOLE CARDS ***
Dealt to Lorpugo [3h Tc]
Lorpugo: folds 
UnderTheGun2019: folds 
BadgerLove has timed out
BadgerLove: checks 
Transporter04: calls $0.02
not4public: raises $0.08 to $0.10
hwk515: folds 
BadgerLove: calls $0.08
Transporter04: folds 
*** FLOP *** [Ad 3c 5d]
not4public: checks 
BadgerLove: bets $1.50 and is all-in
not4public: folds 
Uncalled bet ($1.50) returned to BadgerLove
BadgerLove collected $0.23 from pot
*** SUMMARY ***
Total pot $0.24 | Rake $0.01 
Board [Ad 3c 5d]
Seat 1: hwk515 (big blind) folded before Flop
Seat 2: Lorpugo folded before Flop (didn't bet)
Seat 3: UnderTheGun2019 folded before Flop (didn't bet)
Seat 4: BadgerLove collected ($0.23)
Seat 5: Transporter04 (button) folded before Flop
Seat 6: not4public (small blind) folded on the Flop



PokerStars Hand #241235652160:  Hold'em No Limit ($0.01/$0.02 USD) - 2023/01/18 15:21:05 ET
Table 'Spicer' 6-max Seat #6 is the button
Seat 1: hwk515 ($1.91 in chips) 
Seat 2: Lorpugo ($1.77 in chips) 
Seat 3: UnderTheGun2019 ($2.19 in chips) 
Seat 4: BadgerLove ($1.73 in chips) 
Seat 5: Transporter04 ($1.69 in chips) 
Seat 6: not4public ($5.56 in chips) 
hwk515: posts small blind $0.01
Lorpugo: posts big blind $0.02
*** HOLE CARDS ***
Dealt to Lorpugo [Ts 6c]
UnderTheGun2019: folds 
BadgerLove: folds 
Transporter04: calls $0.02
not4public: folds 
hwk515: calls $0.01
Lorpugo: checks 
*** FLOP *** [Th 9h Jd]
hwk515: checks 
Lorpugo: checks 
Transporter04: checks 
*** TURN *** [Th 9h Jd] [Qd]
hwk515: bets $0.02
Lorpugo: folds 
Transporter04: calls $0.02
*** RIVER *** [Th 9h Jd Qd] [2d]
hwk515: bets $0.02
Transporter04: raises $0.02 to $0.04
hwk515: calls $0.02
*** SHOW DOWN ***
Transporter04: shows [Kd 5c] (a straight, Nine to King)
hwk515: shows [Qs Ks] (a straight, Nine to King)
hwk515 collected $0.09 from pot
Transporter04 collected $0.08 from pot
*** SUMMARY ***
Total pot $0.18 | Rake $0.01 
Board [Th 9h Jd Qd 2d]
Seat 1: hwk515 (small blind) showed [Qs Ks] and won ($0.09) with a straight, Nine to King
Seat 2: Lorpugo (big blind) folded on the Turn
Seat 3: UnderTheGun2019 folded before Flop (didn't bet)
Seat 4: BadgerLove folded before Flop (didn't bet)
Seat 5: Transporter04 showed [Kd 5c] and won ($0.08) with a straight, Nine to King
Seat 6: not4public (button) folded before Flop (didn't bet)



PokerStars Hand #241235672687:  Hold'em No Limit ($0.01/$0.02 USD) - 2023/01/18 15:21:53 ET
Table 'Spicer' 6-max Seat #1 is the button
Seat 1: hwk515 ($1.92 in chips) 
Seat 2: Lorpugo ($1.75 in chips) 
Seat 3: UnderTheGun2019 ($2.19 in chips) 
Seat 4: BadgerLove ($1.73 in chips) 
Seat 5: Transporter04 ($1.69 in chips) 
Seat 6: not4public ($5.56 in chips) 
Lorpugo: posts small blind $0.01
UnderTheGun2019: posts big blind $0.02
*** HOLE CARDS ***
Dealt to Lorpugo [9d Qh]
BadgerLove: folds 
Transporter04: calls $0.02
not4public: folds 
hwk515: folds 
Lorpugo: calls $0.01
UnderTheGun2019: checks 
*** FLOP *** [3h 7d 8d]
Lorpugo: checks 
UnderTheGun2019: checks 
Transporter04: checks 
*** TURN *** [3h 7d 8d] [Tc]
Lorpugo: checks 
UnderTheGun2019: checks 
Transporter04: bets $0.04
Lorpugo: calls $0.04
UnderTheGun2019: folds 
*** RIVER *** [3h 7d 8d Tc] [6c]
Lorpugo: bets $0.18
Transporter04: calls $0.18
*** SHOW DOWN ***
Lorpugo: shows [9d Qh] (a straight, Six to Ten)
Transporter04: mucks hand 
Lorpugo collected $0.48 from pot
*** SUMMARY ***
Total pot $0.50 | Rake $0.02 
Board [3h 7d 8d Tc 6c]
Seat 1: hwk515 (button) folded before Flop (didn't bet)
Seat 2: Lorpugo (small blind) showed [9d Qh] and won ($0.48) with a straight, Six to Ten
Seat 3: UnderTheGun2019 (big blind) folded on the Turn
Seat 4: BadgerLove folded before Flop (didn't bet)
Seat 5: Transporter04 mucked [6s Ts]
Seat 6: not4public folded before Flop (didn't bet)



PokerStars Hand #241235704076:  Hold'em No Limit ($0.01/$0.02 USD) - 2023/01/18 15:23:06 ET
Table 'Spicer' 6-max Seat #2 is the button
Seat 1: hwk515 ($1.92 in chips) 
Seat 2: Lorpugo ($1.99 in chips) 
Seat 3: UnderTheGun2019 ($2.17 in chips) 
Seat 4: BadgerLove ($1.73 in chips) 
Seat 5: Transporter04 ($1.45 in chips) 
Seat 6: not4public ($5.56 in chips) 
UnderTheGun2019: posts small blind $0.01
BadgerLove: posts big blind $0.02
*** HOLE CARDS ***
Dealt to Lorpugo [7c Tc]
Transporter04 has timed out
Transporter04: folds 
not4public: raises $0.02 to $0.04
hwk515: folds 
Lorpugo: calls $0.04
UnderTheGun2019: folds 
BadgerLove: folds 
*** FLOP *** [3s 6s 5d]
not4public: checks 
Lorpugo: bets $0.04
not4public: calls $0.04
*** TURN *** [3s 6s 5d] [4d]
not4public: bets $0.18
Lorpugo: raises $0.36 to $0.54
not4public: folds 
Uncalled bet ($0.36) returned to Lorpugo
Lorpugo collected $0.53 from pot
Lorpugo: doesn't show hand 
*** SUMMARY ***
Total pot $0.55 | Rake $0.02 
Board [3s 6s 5d 4d]
Seat 1: hwk515 folded before Flop (didn't bet)
Seat 2: Lorpugo (button) collected ($0.53)
Seat 3: UnderTheGun2019 (small blind) folded before Flop
Seat 4: BadgerLove (big blind) folded before Flop
Seat 5: Transporter04 folded before Flop (didn't bet)
Seat 6: not4public folded on the Turn



PokerStars Hand #241235723992:  Hold'em No Limit ($0.01/$0.02 USD) - 2023/01/18 15:23:52 ET
Table 'Spicer' 6-max Seat #3 is the button
Seat 1: hwk515 ($1.92 in chips) 
Seat 2: Lorpugo ($2.26 in chips) 
Seat 3: UnderTheGun2019 ($2.16 in chips) 
Seat 4: BadgerLove ($1.71 in chips) 
Seat 5: Transporter04 ($1.45 in chips) 
Seat 6: not4public ($5.30 in chips) 
BadgerLove: posts small blind $0.01
Transporter04: posts big blind $0.02
*** HOLE CARDS ***
Dealt to Lorpugo [Qd Ts]
not4public: raises $0.02 to $0.04
hwk515: folds 
Lorpugo: folds 
UnderTheGun2019: folds 
UnderTheGun2019 leaves the table
BadgerLove: folds 
Transporter04: calls $0.02
*** FLOP *** [6c 5d Qh]
AlexXGood joins the table at seat #3 
Transporter04: checks 
not4public: bets $0.02
Transporter04: calls $0.02
*** TURN *** [6c 5d Qh] [Jd]
Transporter04: checks 
not4public: bets $0.13
Transporter04: folds 
Uncalled bet ($0.13) returned to not4public
not4public collected $0.13 from pot
*** SUMMARY ***
Total pot $0.13 | Rake $0 
Board [6c 5d Qh Jd]
Seat 1: hwk515 folded before Flop (didn't bet)
Seat 2: Lorpugo folded before Flop (didn't bet)
Seat 3: UnderTheGun2019 (button) folded before Flop (didn't bet)
Seat 4: BadgerLove (small blind) folded before Flop
Seat 5: Transporter04 (big blind) folded on the Turn
Seat 6: not4public collected ($0.13)



PokerStars Hand #241235748079:  Hold'em No Limit ($0.01/$0.02 USD) - 2023/01/18 15:24:48 ET
Table 'Spicer' 6-max Seat #4 is the button
Seat 1: hwk515 ($1.92 in chips) 
Seat 2: Lorpugo ($2.26 in chips) 
Seat 4: BadgerLove ($1.70 in chips) 
Seat 5: Transporter04 ($1.39 in chips) 
Seat 6: not4public ($5.37 in chips) 
Transporter04: posts small blind $0.01
not4public: posts big blind $0.02
*** HOLE CARDS ***
Dealt to Lorpugo [5c Jh]
hwk515: folds 
Lorpugo: folds 
BadgerLove: calls $0.02
Transporter04: calls $0.01
not4public: checks 
*** FLOP *** [9h 3c Qd]
Transporter04: checks 
not4public: bets $0.03
BadgerLove: folds 
Transporter04: calls $0.03
*** TURN *** [9h 3c Qd] [Ks]
Transporter04: checks 
not4public: checks 
*** RIVER *** [9h 3c Qd Ks] [4s]
Transporter04: checks 
not4public: checks 
*** SHOW DOWN ***
Transporter04: shows [Jc 3d] (a pair of Threes)
not4public: mucks hand 
Transporter04 collected $0.12 from pot
*** SUMMARY ***
Total pot $0.12 | Rake $0 
Board [9h 3c Qd Ks 4s]
Seat 1: hwk515 folded before Flop (didn't bet)
Seat 2: Lorpugo folded before Flop (didn't bet)
Seat 4: BadgerLove (button) folded on the Flop
Seat 5: Transporter04 (small blind) showed [Jc 3d] and won ($0.12) with a pair of Threes
Seat 6: not4public (big blind) mucked [3h Td]



PokerStars Hand #241235772172:  Hold'em No Limit ($0.01/$0.02 USD) - 2023/01/18 15:25:44 ET
Table 'Spicer' 6-max Seat #5 is the button
Seat 1: hwk515 ($1.92 in chips) 
Seat 2: Lorpugo ($2.26 in chips) 
Seat 4: BadgerLove ($1.68 in chips) 
Seat 5: Transporter04 ($1.46 in chips) 
Seat 6: not4public ($5.32 in chips) 
not4public: posts small blind $0.01
hwk515: posts big blind $0.02
*** HOLE CARDS ***
Dealt to Lorpugo [3s As]
Lorpugo: raises $0.02 to $0.04
BadgerLove: calls $0.04
Transporter04: calls $0.04
not4public: raises $0.18 to $0.22
hwk515: folds 
Lorpugo: folds 
BadgerLove: folds 
Transporter04: calls $0.18
*** FLOP *** [5d 5s Td]
not4public: bets $0.52
Transporter04: folds 
Uncalled bet ($0.52) returned to not4public
not4public collected $0.52 from pot
*** SUMMARY ***
Total pot $0.54 | Rake $0.02 
Board [5d 5s Td]
Seat 1: hwk515 (big blind) folded before Flop
Seat 2: Lorpugo folded before Flop
Seat 4: BadgerLove folded before Flop
Seat 5: Transporter04 (button) folded on the Flop
Seat 6: not4public (small blind) collected ($0.52)



PokerStars Hand #241235789691:  Hold'em No Limit ($0.01/$0.02 USD) - 2023/01/18 15:26:25 ET
Table 'Spicer' 6-max Seat #6 is the button
Seat 1: hwk515 ($1.90 in chips) 
Seat 2: Lorpugo ($2.22 in chips) 
Seat 4: BadgerLove ($1.64 in chips) 
Seat 5: Transporter04 ($1.24 in chips) 
Seat 6: not4public ($5.62 in chips) 
hwk515: posts small blind $0.01
Lorpugo: posts big blind $0.02
*** HOLE CARDS ***
Dealt to Lorpugo [7c 3d]
BadgerLove: calls $0.02
Transporter04: calls $0.02
not4public: folds 
hwk515: folds 
Lorpugo: checks 
*** FLOP *** [Qh Jc Ks]
Lorpugo: checks 
BadgerLove: checks 
Transporter04: checks 
*** TURN *** [Qh Jc Ks] [2d]
Lorpugo: checks 
BadgerLove: checks 
Transporter04: checks 
*** RIVER *** [Qh Jc Ks 2d] [8c]
Lorpugo: checks 
BadgerLove: checks 
Transporter04: bets $0.06
Lorpugo: folds 
BadgerLove: folds 
Uncalled bet ($0.06) returned to Transporter04
Transporter04 collected $0.07 from pot
*** SUMMARY ***
Total pot $0.07 | Rake $0 
Board [Qh Jc Ks 2d 8c]
Seat 1: hwk515 (small blind) folded before Flop
Seat 2: Lorpugo (big blind) folded on the River
Seat 4: BadgerLove folded on the River
Seat 5: Transporter04 collected ($0.07)
Seat 6: not4public (button) folded before Flop (didn't bet)



PokerStars Hand #241235814639:  Hold'em No Limit ($0.01/$0.02 USD) - 2023/01/18 15:27:23 ET
Table 'Spicer' 6-max Seat #1 is the button
Seat 1: hwk515 ($1.89 in chips) 
Seat 2: Lorpugo ($2.20 in chips) 
Seat 3: AlexXGood ($2 in chips) 
Seat 4: BadgerLove ($1.62 in chips) 
Seat 5: Transporter04 ($1.29 in chips) 
Seat 6: not4public ($5.62 in chips) 
Lorpugo: posts small blind $0.01
AlexXGood: posts big blind $0.02
*** HOLE CARDS ***
Dealt to Lorpugo [6h 5d]
BadgerLove: raises $0.02 to $0.04
Transporter04: calls $0.04
not4public: raises $0.10 to $0.14
hwk515: folds 
Lorpugo: folds 
AlexXGood: folds 
BadgerLove: calls $0.10
Transporter04: calls $0.10
*** FLOP *** [7c 9h Kc]
BadgerLove: checks 
Transporter04: checks 
not4public: bets $0.30
BadgerLove: folds 
Transporter04: folds 
Uncalled bet ($0.30) returned to not4public
not4public collected $0.43 from pot
*** SUMMARY ***
Total pot $0.45 | Rake $0.02 
Board [7c 9h Kc]
Seat 1: hwk515 (button) folded before Flop (didn't bet)
Seat 2: Lorpugo (small blind) folded before Flop
Seat 3: AlexXGood (big blind) folded before Flop
Seat 4: BadgerLove folded on the Flop
Seat 5: Transporter04 folded on the Flop
Seat 6: not4public collected ($0.43)



PokerStars Hand #241235838562:  Hold'em No Limit ($0.01/$0.02 USD) - 2023/01/18 15:28:19 ET
Table 'Spicer' 6-max Seat #2 is the button
Seat 1: hwk515 ($1.89 in chips) 
Seat 2: Lorpugo ($2.19 in chips) 
Seat 3: AlexXGood ($1.98 in chips) 
Seat 4: BadgerLove ($1.48 in chips) 
Seat 5: Transporter04 ($1.15 in chips) 
Seat 6: not4public ($5.91 in chips) 
AlexXGood: posts small blind $0.01
BadgerLove: posts big blind $0.02
*** HOLE CARDS ***
Dealt to Lorpugo [4h Qd]
Transporter04 has timed out
Transporter04: folds 
not4public has timed out
not4public: folds 
hwk515: folds 
Lorpugo: folds 
AlexXGood: folds 
Uncalled bet ($0.01) returned to BadgerLove
BadgerLove collected $0.02 from pot
*** SUMMARY ***
Total pot $0.02 | Rake $0 
Seat 1: hwk515 folded before Flop (didn't bet)
Seat 2: Lorpugo (button) folded before Flop (didn't bet)
Seat 3: AlexXGood (small blind) folded before Flop
Seat 4: BadgerLove (big blind) collected ($0.02)
Seat 5: Transporter04 folded before Flop (didn't bet)
Seat 6: not4public folded before Flop (didn't bet)



PokerStars Hand #241235850885:  Hold'em No Limit ($0.01/$0.02 USD) - 2023/01/18 15:28:48 ET
Table 'Spicer' 6-max Seat #3 is the button
Seat 1: hwk515 ($1.89 in chips) 
Seat 2: Lorpugo ($2.19 in chips) 
Seat 3: AlexXGood ($1.97 in chips) 
Seat 4: BadgerLove ($1.49 in chips) 
Seat 5: Transporter04 ($1.15 in chips) 
BadgerLove: posts small blind $0.01
Transporter04: posts big blind $0.02
*** HOLE CARDS ***
Dealt to Lorpugo [6c Ad]
hwk515: folds 
Lorpugo: raises $0.03 to $0.05
AlexXGood: folds 
BadgerLove: folds 
Transporter04: calls $0.03
*** FLOP *** [3d Ts 5s]
Transporter04: checks 
Lorpugo: bets $0.04
Transporter04: calls $0.04
*** TURN *** [3d Ts 5s] [4h]
Transporter04: checks 
Lorpugo: bets $0.12
Transporter04: calls $0.12
*** RIVER *** [3d Ts 5s 4h] [As]
Transporter04: bets $0.32
Lorpugo: calls $0.32
*** SHOW DOWN ***
Transporter04: shows [7s Tc] (a pair of Tens)
Lorpugo: shows [6c Ad] (a pair of Aces)
Lorpugo collected $1.03 from pot
*** SUMMARY ***
Total pot $1.07 | Rake $0.04 
Board [3d Ts 5s 4h As]
Seat 1: hwk515 folded before Flop (didn't bet)
Seat 2: Lorpugo showed [6c Ad] and won ($1.03) with a pair of Aces
Seat 3: AlexXGood (button) folded before Flop (didn't bet)
Seat 4: BadgerLove (small blind) folded before Flop
Seat 5: Transporter04 (big blind) showed [7s Tc] and lost with a pair of Tens



PokerStars Hand #241235881441:  Hold'em No Limit ($0.01/$0.02 USD) - 2023/01/18 15:30:00 ET
Table 'Spicer' 6-max Seat #4 is the button
Seat 1: hwk515 ($1.89 in chips) 
Seat 2: Lorpugo ($2.69 in chips) 
Seat 3: AlexXGood ($1.97 in chips) 
Seat 4: BadgerLove ($1.48 in chips) 
Seat 5: Transporter04 ($0.62 in chips) 
Transporter04: posts small blind $0.01
hwk515: posts big blind $0.02
*** HOLE CARDS ***
Dealt to Lorpugo [Jh 5d]
Lorpugo: folds 
AlexXGood: raises $0.03 to $0.05
BadgerLove: folds 
Transporter04: folds 
hwk515: folds 
Uncalled bet ($0.03) returned to AlexXGood
AlexXGood collected $0.05 from pot
*** SUMMARY ***
Total pot $0.05 | Rake $0 
Seat 1: hwk515 (big blind) folded before Flop
Seat 2: Lorpugo folded before Flop (didn't bet)
Seat 3: AlexXGood collected ($0.05)
Seat 4: BadgerLove (button) folded before Flop (didn't bet)
Seat 5: Transporter04 (small blind) folded before Flop



PokerStars Hand #241235888786:  Hold'em No Limit ($0.01/$0.02 USD) - 2023/01/18 15:30:17 ET
Table 'Spicer' 6-max Seat #5 is the button
Seat 1: hwk515 ($1.87 in chips) 
Seat 2: Lorpugo ($2.69 in chips) 
Seat 3: AlexXGood ($2 in chips) 
Seat 4: BadgerLove ($1.48 in chips) 
Seat 5: Transporter04 ($0.61 in chips) 
hwk515: posts small blind $0.01
Lorpugo: posts big blind $0.02
*** HOLE CARDS ***
Dealt to Lorpugo [2c 9d]
AlexXGood: raises $0.04 to $0.06
BadgerLove: folds 
Transporter04: calls $0.06
hwk515: folds 
Lorpugo: folds 
*** FLOP *** [3s Qd 2s]
AlexXGood: bets $0.07
Transporter04: folds 
Uncalled bet ($0.07) returned to AlexXGood
AlexXGood collected $0.14 from pot
*** SUMMARY ***
Total pot $0.15 | Rake $0.01 
Board [3s Qd 2s]
Seat 1: hwk515 (small blind) folded before Flop
Seat 2: Lorpugo (big blind) folded before Flop
Seat 3: AlexXGood collected ($0.14)
Seat 4: BadgerLove folded before Flop (didn't bet)
Seat 5: Transporter04 (button) folded on the Flop



PokerStars Hand #241235900402:  Hold'em No Limit ($0.01/$0.02 USD) - 2023/01/18 15:30:44 ET
Table 'Spicer' 6-max Seat #1 is the button
Seat 1: hwk515 ($1.86 in chips) 
Seat 2: Lorpugo ($2.67 in chips) 
Seat 3: AlexXGood ($2.08 in chips) 
Seat 4: BadgerLove ($1.48 in chips) 
Seat 5: Transporter04 ($0.55 in chips) 
Lorpugo: posts small blind $0.01
AlexXGood: posts big blind $0.02
*** HOLE CARDS ***
Dealt to Lorpugo [4s 7h]
BadgerLove: folds 
Transporter04: calls $0.02
hwk515: folds 
Lorpugo: folds 
AlexXGood: checks 
*** FLOP *** [2h 5h 5d]
AlexXGood: checks 
Transporter04: checks 
*** TURN *** [2h 5h 5d] [2s]
AlexXGood: checks 
Transporter04: checks 
*** RIVER *** [2h 5h 5d 2s] [Ah]
AlexXGood: checks 
Transporter04: bets $0.02
AlexXGood: folds 
Uncalled bet ($0.02) returned to Transporter04
Transporter04 collected $0.05 from pot
*** SUMMARY ***
Total pot $0.05 | Rake $0 
Board [2h 5h 5d 2s Ah]
Seat 1: hwk515 (button) folded before Flop (didn't bet)
Seat 2: Lorpugo (small blind) folded before Flop
Seat 3: AlexXGood (big blind) folded on the River
Seat 4: BadgerLove folded before Flop (didn't bet)
Seat 5: Transporter04 collected ($0.05)



PokerStars Hand #241235915065:  Hold'em No Limit ($0.01/$0.02 USD) - 2023/01/18 15:31:19 ET
Table 'Spicer' 6-max Seat #2 is the button
Seat 1: hwk515 ($1.86 in chips) 
Seat 2: Lorpugo ($2.66 in chips) 
Seat 3: AlexXGood ($2.06 in chips) 
Seat 4: BadgerLove ($1.48 in chips) 
Seat 5: Transporter04 ($0.58 in chips) 
AlexXGood: posts small blind $0.01
BadgerLove: posts big blind $0.02
*** HOLE CARDS ***
Dealt to Lorpugo [9c 2d]
Transporter04: calls $0.02
hwk515: folds 
Lorpugo: folds 
AlexXGood: folds 
BadgerLove: checks 
*** FLOP *** [7s 2h 3d]
BadgerLove: bets $0.02
Transporter04: calls $0.02
*** TURN *** [7s 2h 3d] [3s]
BadgerLove: checks 
Transporter04: checks 
*** RIVER *** [7s 2h 3d 3s] [Kh]
BadgerLove: checks 
Transporter04: checks 
*** SHOW DOWN ***
BadgerLove: shows [8c 2c] (two pair, Threes and Deuces)
Transporter04: mucks hand 
BadgerLove collected $0.09 from pot
*** SUMMARY ***
Total pot $0.09 | Rake $0 
Board [7s 2h 3d 3s Kh]
Seat 1: hwk515 folded before Flop (didn't bet)
Seat 2: Lorpugo (button) folded before Flop (didn't bet)
Seat 3: AlexXGood (small blind) folded before Flop
Seat 4: BadgerLove (big blind) showed [8c 2c] and won ($0.09) with two pair, Threes and Deuces
Seat 5: Transporter04 mucked [Qd Ac]



PokerStars Hand #241235928933:  Hold'em No Limit ($0.01/$0.02 USD) - 2023/01/18 15:31:51 ET
Table 'Spicer' 6-max Seat #3 is the button
Seat 1: hwk515 ($1.86 in chips) 
Seat 2: Lorpugo ($2.66 in chips) 
Seat 3: AlexXGood ($2.05 in chips) 
Seat 4: BadgerLove ($1.53 in chips) 
Seat 5: Transporter04 ($0.54 in chips) 
BadgerLove: posts small blind $0.01
Transporter04: posts big blind $0.02
*** HOLE CARDS ***
Dealt to Lorpugo [5s 6s]
hwk515: folds 
Lorpugo: raises $0.02 to $0.04
AlexXGood: calls $0.04
BadgerLove: calls $0.03
Transporter04: calls $0.02
*** FLOP *** [As Ts 4h]
BadgerLove: checks 
Transporter04: checks 
Lorpugo: checks 
AlexXGood: checks 
*** TURN *** [As Ts 4h] [3s]
BadgerLove: checks 
Transporter04: checks 
Lorpugo: bets $0.08
AlexXGood: folds 
BadgerLove: folds 
Transporter04: folds 
Uncalled bet ($0.08) returned to Lorpugo
Lorpugo collected $0.15 from pot
Lorpugo: doesn't show hand 
*** SUMMARY ***
Total pot $0.16 | Rake $0.01 
Board [As Ts 4h 3s]
Seat 1: hwk515 folded before Flop (didn't bet)
Seat 2: Lorpugo collected ($0.15)
Seat 3: AlexXGood (button) folded on the Turn
Seat 4: BadgerLove (small blind) folded on the Turn
Seat 5: Transporter04 (big blind) folded on the Turn



PokerStars Hand #241235951688:  Hold'em No Limit ($0.01/$0.02 USD) - 2023/01/18 15:32:44 ET
Table 'Spicer' 6-max Seat #4 is the button
Seat 1: hwk515 ($1.86 in chips) 
Seat 2: Lorpugo ($2.77 in chips) 
Seat 3: AlexXGood ($2.01 in chips) 
Seat 4: BadgerLove ($1.49 in chips) 
Seat 5: Transporter04 ($0.50 in chips) 
Seat 6: not4public ($5.91 in chips) 
Transporter04: posts small blind $0.01
not4public: posts big blind $0.02
*** HOLE CARDS ***
Dealt to Lorpugo [5d Kd]
hwk515: raises $0.04 to $0.06
Lorpugo: folds 
AlexXGood: folds 
BadgerLove: calls $0.06
Transporter04: folds 
not4public: folds 
*** FLOP *** [6d 5s 9c]
hwk515: bets $0.06
BadgerLove: folds 
Uncalled bet ($0.06) returned to hwk515
hwk515 collected $0.14 from pot
hwk515: doesn't show hand 
*** SUMMARY ***
Total pot $0.15 | Rake $0.01 
Board [6d 5s 9c]
Seat 1: hwk515 collected ($0.14)
Seat 2: Lorpugo folded before Flop (didn't bet)
Seat 3: AlexXGood folded before Flop (didn't bet)
Seat 4: BadgerLove (button) folded on the Flop
Seat 5: Transporter04 (small blind) folded before Flop
Seat 6: not4public (big blind) folded before Flop



