PokerStars Hand #241323306059:  Hold'em No Limit ($0.01/$0.02 USD) - 2023/01/22 13:29:11 ET
Table 'Repsolda' 6-max Seat #1 is the button
Seat 1: Stefan-Key ($1.66 in chips) 
Seat 2: hypax ($3.01 in chips) 
Seat 3: Lorpugo ($1.60 in chips) 
Seat 4: Sotiris000 ($2.02 in chips) 
Seat 5: kahzura ($2.24 in chips) 
hypax: posts small blind $0.01
Lorpugo: posts big blind $0.02
*** HOLE CARDS ***
Dealt to Lorpugo [Kh 8c]
Sotiris000: folds 
kahzura: folds 
Stefan-Key: calls $0.02
hypax: raises $0.06 to $0.08
Lorpugo: folds 
Stefan-Key: folds 
Uncalled bet ($0.06) returned to hypax
hypax collected $0.06 from pot
hypax: doesn't show hand 
*** SUMMARY ***
Total pot $0.06 | Rake $0 
Seat 1: Stefan-Key (button) folded before Flop
Seat 2: hypax (small blind) collected ($0.06)
Seat 3: Lorpugo (big blind) folded before Flop
Seat 4: Sotiris000 folded before Flop (didn't bet)
Seat 5: kahzura folded before Flop (didn't bet)



PokerStars Hand #241323314394:  Hold'em No Limit ($0.01/$0.02 USD) - 2023/01/22 13:29:30 ET
Table 'Repsolda' 6-max Seat #2 is the button
Seat 1: Stefan-Key ($1.64 in chips) 
Seat 2: hypax ($3.05 in chips) 
Seat 3: Lorpugo ($1.58 in chips) 
Seat 4: Sotiris000 ($2.02 in chips) 
Seat 5: kahzura ($2.24 in chips) 
Lorpugo: posts small blind $0.01
Sotiris000: posts big blind $0.02
*** HOLE CARDS ***
Dealt to Lorpugo [3h Jh]
kahzura: folds 
Stefan-Key: folds 
hypax: folds 
Lorpugo: raises $0.03 to $0.05
Sotiris000: raises $0.10 to $0.15
Lorpugo: folds 
Uncalled bet ($0.10) returned to Sotiris000
Sotiris000 collected $0.10 from pot
Sotiris000: doesn't show hand 
*** SUMMARY ***
Total pot $0.10 | Rake $0 
Seat 1: Stefan-Key folded before Flop (didn't bet)
Seat 2: hypax (button) folded before Flop (didn't bet)
Seat 3: Lorpugo (small blind) folded before Flop
Seat 4: Sotiris000 (big blind) collected ($0.10)
Seat 5: kahzura folded before Flop (didn't bet)



PokerStars Hand #241323327969:  Hold'em No Limit ($0.01/$0.02 USD) - 2023/01/22 13:30:01 ET
Table 'Repsolda' 6-max Seat #3 is the button
Seat 1: Stefan-Key ($1.64 in chips) 
Seat 2: hypax ($3.05 in chips) 
Seat 3: Lorpugo ($1.53 in chips) 
Seat 4: Sotiris000 ($2.07 in chips) 
Seat 5: kahzura ($2.24 in chips) 
Sotiris000: posts small blind $0.01
kahzura: posts big blind $0.02
*** HOLE CARDS ***
Dealt to Lorpugo [Js 9h]
Stefan-Key: calls $0.02
hypax: raises $0.06 to $0.08
Lorpugo: folds 
Sotiris000: folds 
kahzura: folds 
Stefan-Key: calls $0.06
*** FLOP *** [9c Tc Qc]
Stefan-Key: checks 
hypax: bets $0.12
Stefan-Key: folds 
Uncalled bet ($0.12) returned to hypax
hypax collected $0.18 from pot
hypax: doesn't show hand 
*** SUMMARY ***
Total pot $0.19 | Rake $0.01 
Board [9c Tc Qc]
Seat 1: Stefan-Key folded on the Flop
Seat 2: hypax collected ($0.18)
Seat 3: Lorpugo (button) folded before Flop (didn't bet)
Seat 4: Sotiris000 (small blind) folded before Flop
Seat 5: kahzura (big blind) folded before Flop



PokerStars Hand #241323343337:  Hold'em No Limit ($0.01/$0.02 USD) - 2023/01/22 13:30:35 ET
Table 'Repsolda' 6-max Seat #4 is the button
Seat 1: Stefan-Key ($1.56 in chips) 
Seat 2: hypax ($3.15 in chips) 
Seat 3: Lorpugo ($1.53 in chips) 
Seat 4: Sotiris000 ($2.06 in chips) 
Seat 5: kahzura ($2.22 in chips) 
kahzura: posts small blind $0.01
Stefan-Key: posts big blind $0.02
*** HOLE CARDS ***
Dealt to Lorpugo [Qh 8d]
hypax: folds 
Lorpugo: raises $0.03 to $0.05
Sotiris000: folds 
kahzura: calls $0.04
Stefan-Key: calls $0.03
*** FLOP *** [8s 3c 5c]
kahzura: checks 
Stefan-Key: checks 
Lorpugo: bets $0.12
kahzura: folds 
Stefan-Key: calls $0.12
*** TURN *** [8s 3c 5c] [4d]
Stefan-Key: checks 
Lorpugo: bets $0.25
Stefan-Key: calls $0.25
*** RIVER *** [8s 3c 5c 4d] [Qc]
Stefan-Key: checks 
Lorpugo: checks 
*** SHOW DOWN ***
Stefan-Key: shows [Ks 8h] (a pair of Eights)
Lorpugo: shows [Qh 8d] (two pair, Queens and Eights)
Lorpugo collected $0.86 from pot
*** SUMMARY ***
Total pot $0.89 | Rake $0.03 
Board [8s 3c 5c 4d Qc]
Seat 1: Stefan-Key (big blind) showed [Ks 8h] and lost with a pair of Eights
Seat 2: hypax folded before Flop (didn't bet)
Seat 3: Lorpugo showed [Qh 8d] and won ($0.86) with two pair, Queens and Eights
Seat 4: Sotiris000 (button) folded before Flop (didn't bet)
Seat 5: kahzura (small blind) folded on the Flop



PokerStars Hand #241323364776:  Hold'em No Limit ($0.01/$0.02 USD) - 2023/01/22 13:31:22 ET
Table 'Repsolda' 6-max Seat #5 is the button
Seat 1: Stefan-Key ($1.14 in chips) 
Seat 2: hypax ($3.15 in chips) 
Seat 3: Lorpugo ($1.97 in chips) 
Seat 4: Sotiris000 ($2.06 in chips) 
Seat 5: kahzura ($2.17 in chips) 
Stefan-Key: posts small blind $0.01
hypax: posts big blind $0.02
*** HOLE CARDS ***
Dealt to Lorpugo [8d Ad]
Lorpugo: raises $0.02 to $0.04
Sotiris000: folds 
kahzura: folds 
Stefan-Key: folds 
hypax: folds 
Uncalled bet ($0.02) returned to Lorpugo
Lorpugo collected $0.05 from pot
Lorpugo: doesn't show hand 
*** SUMMARY ***
Total pot $0.05 | Rake $0 
Seat 1: Stefan-Key (small blind) folded before Flop
Seat 2: hypax (big blind) folded before Flop
Seat 3: Lorpugo collected ($0.05)
Seat 4: Sotiris000 folded before Flop (didn't bet)
Seat 5: kahzura (button) folded before Flop (didn't bet)



PokerStars Hand #241323377510:  Hold'em No Limit ($0.01/$0.02 USD) - 2023/01/22 13:31:51 ET
Table 'Repsolda' 6-max Seat #1 is the button
Seat 1: Stefan-Key ($1.13 in chips) 
Seat 2: hypax ($3.13 in chips) 
Seat 3: Lorpugo ($2 in chips) 
Seat 4: Sotiris000 ($2.06 in chips) 
Seat 5: kahzura ($2.17 in chips) 
hypax: posts small blind $0.01
Lorpugo: posts big blind $0.02
*** HOLE CARDS ***
Dealt to Lorpugo [7c Th]
Sotiris000: folds 
kahzura: folds 
Stefan-Key: folds 
hypax: raises $0.04 to $0.06
Lorpugo: calls $0.04
*** FLOP *** [2c 8d Qd]
hypax: bets $0.04
Lorpugo: folds 
Uncalled bet ($0.04) returned to hypax
hypax collected $0.12 from pot
hypax: doesn't show hand 
*** SUMMARY ***
Total pot $0.12 | Rake $0 
Board [2c 8d Qd]
Seat 1: Stefan-Key (button) folded before Flop (didn't bet)
Seat 2: hypax (small blind) collected ($0.12)
Seat 3: Lorpugo (big blind) folded on the Flop
Seat 4: Sotiris000 folded before Flop (didn't bet)
Seat 5: kahzura folded before Flop (didn't bet)



PokerStars Hand #241323389408:  Hold'em No Limit ($0.01/$0.02 USD) - 2023/01/22 13:32:17 ET
Table 'Repsolda' 6-max Seat #2 is the button
Seat 1: Stefan-Key ($1.13 in chips) 
Seat 2: hypax ($3.19 in chips) 
Seat 3: Lorpugo ($1.94 in chips) 
Seat 4: Sotiris000 ($2.06 in chips) 
Seat 5: kahzura ($2.17 in chips) 
Lorpugo: posts small blind $0.01
Sotiris000: posts big blind $0.02
*** HOLE CARDS ***
Dealt to Lorpugo [Ah 4d]
kahzura: raises $0.04 to $0.06
Stefan-Key: folds 
hypax: folds 
Lorpugo: folds 
Sotiris000: folds 
Uncalled bet ($0.04) returned to kahzura
kahzura collected $0.05 from pot
kahzura: doesn't show hand 
*** SUMMARY ***
Total pot $0.05 | Rake $0 
Seat 1: Stefan-Key folded before Flop (didn't bet)
Seat 2: hypax (button) folded before Flop (didn't bet)
Seat 3: Lorpugo (small blind) folded before Flop
Seat 4: Sotiris000 (big blind) folded before Flop
Seat 5: kahzura collected ($0.05)



PokerStars Hand #241323396111:  Hold'em No Limit ($0.01/$0.02 USD) - 2023/01/22 13:32:31 ET
Table 'Repsolda' 6-max Seat #3 is the button
Seat 1: Stefan-Key ($1.13 in chips) 
Seat 2: hypax ($3.19 in chips) 
Seat 3: Lorpugo ($1.93 in chips) 
Seat 4: Sotiris000 ($2.04 in chips) 
Seat 5: kahzura ($2.20 in chips) 
Sotiris000: posts small blind $0.01
kahzura: posts big blind $0.02
*** HOLE CARDS ***
Dealt to Lorpugo [Qd 6c]
Stefan-Key: calls $0.02
hypax: folds 
Lorpugo: folds 
Sotiris000: folds 
kahzura: checks 
*** FLOP *** [Qs 5d Kc]
kahzura: checks 
Stefan-Key: bets $0.02
kahzura: folds 
Uncalled bet ($0.02) returned to Stefan-Key
Stefan-Key collected $0.05 from pot
*** SUMMARY ***
Total pot $0.05 | Rake $0 
Board [Qs 5d Kc]
Seat 1: Stefan-Key collected ($0.05)
Seat 2: hypax folded before Flop (didn't bet)
Seat 3: Lorpugo (button) folded before Flop (didn't bet)
Seat 4: Sotiris000 (small blind) folded before Flop
Seat 5: kahzura (big blind) folded on the Flop



PokerStars Hand #241323413550:  Hold'em No Limit ($0.01/$0.02 USD) - 2023/01/22 13:33:10 ET
Table 'Repsolda' 6-max Seat #4 is the button
Seat 1: Stefan-Key ($1.16 in chips) 
Seat 2: hypax ($3.19 in chips) 
Seat 3: Lorpugo ($1.93 in chips) 
Seat 4: Sotiris000 ($2.03 in chips) 
Seat 5: kahzura ($2.18 in chips) 
kahzura: posts small blind $0.01
Stefan-Key: posts big blind $0.02
*** HOLE CARDS ***
Dealt to Lorpugo [6s 8h]
hypax: folds 
Lorpugo: folds 
Sotiris000: folds 
kahzura: folds 
Uncalled bet ($0.01) returned to Stefan-Key
Stefan-Key collected $0.02 from pot
*** SUMMARY ***
Total pot $0.02 | Rake $0 
Seat 1: Stefan-Key (big blind) collected ($0.02)
Seat 2: hypax folded before Flop (didn't bet)
Seat 3: Lorpugo folded before Flop (didn't bet)
Seat 4: Sotiris000 (button) folded before Flop (didn't bet)
Seat 5: kahzura (small blind) folded before Flop



PokerStars Hand #241323418963:  Hold'em No Limit ($0.01/$0.02 USD) - 2023/01/22 13:33:22 ET
Table 'Repsolda' 6-max Seat #5 is the button
Seat 1: Stefan-Key ($1.17 in chips) 
Seat 2: hypax ($3.19 in chips) 
Seat 3: Lorpugo ($1.93 in chips) 
Seat 4: Sotiris000 ($2.03 in chips) 
Seat 5: kahzura ($2.17 in chips) 
Stefan-Key: posts small blind $0.01
hypax: posts big blind $0.02
*** HOLE CARDS ***
Dealt to Lorpugo [4s 6c]
Lorpugo: folds 
Sotiris000: folds 
kahzura: raises $0.04 to $0.06
Stefan-Key: calls $0.05
hypax: calls $0.04
*** FLOP *** [Kd 4c 2d]
Stefan-Key: checks 
hypax: checks 
kahzura: bets $0.11
Stefan-Key: calls $0.11
hypax: folds 
*** TURN *** [Kd 4c 2d] [Jh]
Stefan-Key: checks 
kahzura: bets $2 and is all-in
Stefan-Key: folds 
Uncalled bet ($2) returned to kahzura
kahzura collected $0.39 from pot
kahzura: doesn't show hand 
*** SUMMARY ***
Total pot $0.40 | Rake $0.01 
Board [Kd 4c 2d Jh]
Seat 1: Stefan-Key (small blind) folded on the Turn
Seat 2: hypax (big blind) folded on the Flop
Seat 3: Lorpugo folded before Flop (didn't bet)
Seat 4: Sotiris000 folded before Flop (didn't bet)
Seat 5: kahzura (button) collected ($0.39)



PokerStars Hand #241323442717:  Hold'em No Limit ($0.01/$0.02 USD) - 2023/01/22 13:34:14 ET
Table 'Repsolda' 6-max Seat #1 is the button
Seat 1: Stefan-Key ($1 in chips) 
Seat 2: hypax ($3.13 in chips) 
Seat 3: Lorpugo ($1.93 in chips) 
Seat 4: Sotiris000 ($2.03 in chips) 
Seat 5: kahzura ($2.39 in chips) 
Seat 6: Emag fo Dog ($3.89 in chips) 
hypax: posts small blind $0.01
Lorpugo: posts big blind $0.02
Emag fo Dog: posts small & big blinds $0.03
*** HOLE CARDS ***
Dealt to Lorpugo [Ah 9d]
Sotiris000: folds 
kahzura: folds 
Emag fo Dog: checks 
Stefan-Key: calls $0.02
hypax: calls $0.01
Lorpugo: raises $0.09 to $0.11
Emag fo Dog: folds 
Stefan-Key: folds 
hypax: folds 
Uncalled bet ($0.09) returned to Lorpugo
Lorpugo collected $0.09 from pot
Lorpugo: doesn't show hand 
*** SUMMARY ***
Total pot $0.09 | Rake $0 
Seat 1: Stefan-Key (button) folded before Flop
Seat 2: hypax (small blind) folded before Flop
Seat 3: Lorpugo (big blind) collected ($0.09)
Seat 4: Sotiris000 folded before Flop (didn't bet)
Seat 5: kahzura folded before Flop (didn't bet)
Seat 6: Emag fo Dog folded before Flop (didn't bet)



PokerStars Hand #241323458114:  Hold'em No Limit ($0.01/$0.02 USD) - 2023/01/22 13:34:48 ET
Table 'Repsolda' 6-max Seat #2 is the button
Seat 1: Stefan-Key ($0.98 in chips) 
Seat 2: hypax ($3.11 in chips) 
Seat 3: Lorpugo ($2 in chips) 
Seat 4: Sotiris000 ($2.03 in chips) 
Seat 5: kahzura ($2.39 in chips) 
Seat 6: Emag fo Dog ($3.86 in chips) 
Lorpugo: posts small blind $0.01
Sotiris000: posts big blind $0.02
*** HOLE CARDS ***
Dealt to Lorpugo [2d Td]
kahzura: raises $0.04 to $0.06
Emag fo Dog: folds 
Stefan-Key: folds 
hypax: folds 
Lorpugo: folds 
Sotiris000: folds 
Uncalled bet ($0.04) returned to kahzura
kahzura collected $0.05 from pot
kahzura: doesn't show hand 
*** SUMMARY ***
Total pot $0.05 | Rake $0 
Seat 1: Stefan-Key folded before Flop (didn't bet)
Seat 2: hypax (button) folded before Flop (didn't bet)
Seat 3: Lorpugo (small blind) folded before Flop
Seat 4: Sotiris000 (big blind) folded before Flop
Seat 5: kahzura collected ($0.05)
Seat 6: Emag fo Dog folded before Flop (didn't bet)



PokerStars Hand #241323468303:  Hold'em No Limit ($0.01/$0.02 USD) - 2023/01/22 13:35:10 ET
Table 'Repsolda' 6-max Seat #3 is the button
Seat 1: Stefan-Key ($0.98 in chips) 
Seat 2: hypax ($3.11 in chips) 
Seat 3: Lorpugo ($1.99 in chips) 
Seat 4: Sotiris000 ($2.01 in chips) 
Seat 5: kahzura ($2.42 in chips) 
Seat 6: Emag fo Dog ($3.86 in chips) 
Sotiris000: posts small blind $0.01
kahzura: posts big blind $0.02
*** HOLE CARDS ***
Dealt to Lorpugo [2h Jc]
Emag fo Dog: folds 
Stefan-Key: calls $0.02
hypax: raises $0.06 to $0.08
Lorpugo: folds 
Sotiris000: folds 
kahzura: folds 
Stefan-Key: folds 
Uncalled bet ($0.06) returned to hypax
hypax collected $0.07 from pot
hypax: doesn't show hand 
*** SUMMARY ***
Total pot $0.07 | Rake $0 
Seat 1: Stefan-Key folded before Flop
Seat 2: hypax collected ($0.07)
Seat 3: Lorpugo (button) folded before Flop (didn't bet)
Seat 4: Sotiris000 (small blind) folded before Flop
Seat 5: kahzura (big blind) folded before Flop
Seat 6: Emag fo Dog folded before Flop (didn't bet)



PokerStars Hand #241323478822:  Hold'em No Limit ($0.01/$0.02 USD) - 2023/01/22 13:35:33 ET
Table 'Repsolda' 6-max Seat #4 is the button
Seat 1: Stefan-Key ($0.96 in chips) 
Seat 2: hypax ($3.16 in chips) 
Seat 3: Lorpugo ($1.99 in chips) 
Seat 4: Sotiris000 ($2 in chips) 
Seat 5: kahzura ($2.40 in chips) 
Seat 6: Emag fo Dog ($3.86 in chips) 
kahzura: posts small blind $0.01
Emag fo Dog: posts big blind $0.02
*** HOLE CARDS ***
Dealt to Lorpugo [Jd 4h]
Stefan-Key: folds 
hypax: folds 
Lorpugo: folds 
Sotiris000: raises $0.02 to $0.04
kahzura: folds 
Emag fo Dog: calls $0.02
*** FLOP *** [Ad Th Qs]
Emag fo Dog: checks 
Sotiris000: bets $0.05
Emag fo Dog: folds 
Uncalled bet ($0.05) returned to Sotiris000
Sotiris000 collected $0.09 from pot
Sotiris000: doesn't show hand 
*** SUMMARY ***
Total pot $0.09 | Rake $0 
Board [Ad Th Qs]
Seat 1: Stefan-Key folded before Flop (didn't bet)
Seat 2: hypax folded before Flop (didn't bet)
Seat 3: Lorpugo folded before Flop (didn't bet)
Seat 4: Sotiris000 (button) collected ($0.09)
Seat 5: kahzura (small blind) folded before Flop
Seat 6: Emag fo Dog (big blind) folded on the Flop



PokerStars Hand #241323491471:  Hold'em No Limit ($0.01/$0.02 USD) - 2023/01/22 13:36:01 ET
Table 'Repsolda' 6-max Seat #5 is the button
Seat 1: Stefan-Key ($0.96 in chips) 
Seat 2: hypax ($3.16 in chips) 
Seat 3: Lorpugo ($1.99 in chips) 
Seat 4: Sotiris000 ($2.05 in chips) 
Seat 5: kahzura ($2.39 in chips) 
Seat 6: Emag fo Dog ($3.82 in chips) 
Emag fo Dog: posts small blind $0.01
Stefan-Key: posts big blind $0.02
*** HOLE CARDS ***
Dealt to Lorpugo [Ts 2s]
hypax: folds 
Lorpugo: folds 
Sotiris000: folds 
kahzura: raises $0.03 to $0.05
Emag fo Dog: folds 
Stefan-Key: calls $0.03
*** FLOP *** [3d Ks Ah]
Stefan-Key: bets $0.02
kahzura: folds 
Uncalled bet ($0.02) returned to Stefan-Key
Stefan-Key collected $0.11 from pot
*** SUMMARY ***
Total pot $0.11 | Rake $0 
Board [3d Ks Ah]
Seat 1: Stefan-Key (big blind) collected ($0.11)
Seat 2: hypax folded before Flop (didn't bet)
Seat 3: Lorpugo folded before Flop (didn't bet)
Seat 4: Sotiris000 folded before Flop (didn't bet)
Seat 5: kahzura (button) folded on the Flop
Seat 6: Emag fo Dog (small blind) folded before Flop



PokerStars Hand #241323502669:  Hold'em No Limit ($0.01/$0.02 USD) - 2023/01/22 13:36:25 ET
Table 'Repsolda' 6-max Seat #6 is the button
Seat 1: Stefan-Key ($1.02 in chips) 
Seat 2: hypax ($3.16 in chips) 
Seat 3: Lorpugo ($1.99 in chips) 
Seat 4: Sotiris000 ($2.05 in chips) 
Seat 5: kahzura ($2.34 in chips) 
Seat 6: Emag fo Dog ($3.81 in chips) 
Stefan-Key: posts small blind $0.01
hypax: posts big blind $0.02
*** HOLE CARDS ***
Dealt to Lorpugo [Jc 4c]
Lorpugo: folds 
Sotiris000: folds 
kahzura: folds 
Emag fo Dog: folds 
Stefan-Key: calls $0.01
hypax: checks 
*** FLOP *** [Qh 9d As]
Stefan-Key: checks 
hypax: checks 
*** TURN *** [Qh 9d As] [9s]
Stefan-Key: checks 
hypax: bets $0.02
Stefan-Key: folds 
Uncalled bet ($0.02) returned to hypax
hypax collected $0.04 from pot
hypax: doesn't show hand 
*** SUMMARY ***
Total pot $0.04 | Rake $0 
Board [Qh 9d As 9s]
Seat 1: Stefan-Key (small blind) folded on the Turn
Seat 2: hypax (big blind) collected ($0.04)
Seat 3: Lorpugo folded before Flop (didn't bet)
Seat 4: Sotiris000 folded before Flop (didn't bet)
Seat 5: kahzura folded before Flop (didn't bet)
Seat 6: Emag fo Dog (button) folded before Flop (didn't bet)



PokerStars Hand #241323516454:  Hold'em No Limit ($0.01/$0.02 USD) - 2023/01/22 13:36:56 ET
Table 'Repsolda' 6-max Seat #1 is the button
Seat 1: Stefan-Key ($1 in chips) 
Seat 2: hypax ($3.18 in chips) 
Seat 3: Lorpugo ($1.99 in chips) 
Seat 4: Sotiris000 ($2.05 in chips) 
Seat 5: kahzura ($2.34 in chips) 
Seat 6: Emag fo Dog ($3.81 in chips) 
hypax: posts small blind $0.01
Lorpugo: posts big blind $0.02
*** HOLE CARDS ***
Dealt to Lorpugo [8c Ts]
Sotiris000: folds 
kahzura: folds 
Emag fo Dog: folds 
Stefan-Key: calls $0.02
hypax: calls $0.01
Lorpugo: checks 
*** FLOP *** [6c Kd 2h]
hypax: checks 
Lorpugo: checks 
Stefan-Key: bets $0.02
hypax: folds 
Lorpugo: folds 
Uncalled bet ($0.02) returned to Stefan-Key
Stefan-Key collected $0.06 from pot
*** SUMMARY ***
Total pot $0.06 | Rake $0 
Board [6c Kd 2h]
Seat 1: Stefan-Key (button) collected ($0.06)
Seat 2: hypax (small blind) folded on the Flop
Seat 3: Lorpugo (big blind) folded on the Flop
Seat 4: Sotiris000 folded before Flop (didn't bet)
Seat 5: kahzura folded before Flop (didn't bet)
Seat 6: Emag fo Dog folded before Flop (didn't bet)



PokerStars Hand #241323536815:  Hold'em No Limit ($0.01/$0.02 USD) - 2023/01/22 13:37:40 ET
Table 'Repsolda' 6-max Seat #2 is the button
Seat 1: Stefan-Key ($1.04 in chips) 
Seat 2: hypax ($3.16 in chips) 
Seat 3: Lorpugo ($1.97 in chips) 
Seat 4: Sotiris000 ($2.05 in chips) 
Seat 5: kahzura ($2.34 in chips) 
Seat 6: Emag fo Dog ($3.81 in chips) 
Lorpugo: posts small blind $0.01
Sotiris000: posts big blind $0.02
*** HOLE CARDS ***
Dealt to Lorpugo [2h Th]
kahzura: folds 
Emag fo Dog: raises $0.04 to $0.06
Stefan-Key: calls $0.06
hypax: folds 
Lorpugo: folds 
Sotiris000: folds 
*** FLOP *** [Jd 5s Td]
Emag fo Dog: checks 
Stefan-Key: checks 
*** TURN *** [Jd 5s Td] [7c]
Emag fo Dog: bets $0.11
Stefan-Key: calls $0.11
*** RIVER *** [Jd 5s Td 7c] [Kc]
Emag fo Dog: bets $0.23
Stefan-Key: calls $0.23
*** SHOW DOWN ***
Emag fo Dog: shows [Ts Jc] (two pair, Jacks and Tens)
Stefan-Key: shows [7h Kh] (two pair, Kings and Sevens)
Stefan-Key collected $0.79 from pot
*** SUMMARY ***
Total pot $0.83 | Rake $0.04 
Board [Jd 5s Td 7c Kc]
Seat 1: Stefan-Key showed [7h Kh] and won ($0.79) with two pair, Kings and Sevens
Seat 2: hypax (button) folded before Flop (didn't bet)
Seat 3: Lorpugo (small blind) folded before Flop
Seat 4: Sotiris000 (big blind) folded before Flop
Seat 5: kahzura folded before Flop (didn't bet)
Seat 6: Emag fo Dog showed [Ts Jc] and lost with two pair, Jacks and Tens



PokerStars Hand #241323556654:  Hold'em No Limit ($0.01/$0.02 USD) - 2023/01/22 13:38:23 ET
Table 'Repsolda' 6-max Seat #3 is the button
Seat 1: Stefan-Key ($1.43 in chips) 
Seat 2: hypax ($3.16 in chips) 
Seat 3: Lorpugo ($1.96 in chips) 
Seat 4: Sotiris000 ($2.03 in chips) 
Seat 5: kahzura ($2.34 in chips) 
Seat 6: Emag fo Dog ($3.41 in chips) 
Sotiris000: posts small blind $0.01
kahzura: posts big blind $0.02
*** HOLE CARDS ***
Dealt to Lorpugo [4d 8d]
Emag fo Dog: raises $0.04 to $0.06
Stefan-Key: folds 
hypax: folds 
Lorpugo: folds 
Sotiris000: folds 
kahzura: calls $0.04
*** FLOP *** [Ks As Js]
kahzura: checks 
Emag fo Dog: bets $0.02
kahzura: calls $0.02
*** TURN *** [Ks As Js] [Kh]
kahzura: checks 
Emag fo Dog: bets $0.13
kahzura: calls $0.13
*** RIVER *** [Ks As Js Kh] [2c]
kahzura: checks 
Lorpugo is disconnected 
Emag fo Dog: checks 
*** SHOW DOWN ***
kahzura: shows [Qs Jc] (two pair, Kings and Jacks)
Emag fo Dog: shows [5s Ac] (two pair, Aces and Kings)
Emag fo Dog collected $0.41 from pot
*** SUMMARY ***
Total pot $0.43 | Rake $0.02 
Board [Ks As Js Kh 2c]
Seat 1: Stefan-Key folded before Flop (didn't bet)
Seat 2: hypax folded before Flop (didn't bet)
Seat 3: Lorpugo (button) folded before Flop (didn't bet)
Seat 4: Sotiris000 (small blind) folded before Flop
Seat 5: kahzura (big blind) showed [Qs Jc] and lost with two pair, Kings and Jacks
Seat 6: Emag fo Dog showed [5s Ac] and won ($0.41) with two pair, Aces and Kings



PokerStars Hand #241323578115:  Hold'em No Limit ($0.01/$0.02 USD) - 2023/01/22 13:39:10 ET
Table 'Repsolda' 6-max Seat #4 is the button
Seat 1: Stefan-Key ($1.43 in chips) 
Seat 2: hypax ($3.16 in chips) 
Seat 3: Lorpugo ($1.96 in chips) 
Seat 4: Sotiris000 ($2.02 in chips) 
Seat 5: kahzura ($2.13 in chips) 
Seat 6: Emag fo Dog ($3.61 in chips) 
kahzura: posts small blind $0.01
Emag fo Dog: posts big blind $0.02
*** HOLE CARDS ***
Dealt to Lorpugo [Qs 8s]
Stefan-Key: folds 
hypax: raises $0.04 to $0.06
Lorpugo: folds 
Sotiris000: folds 
kahzura: folds 
Emag fo Dog: folds 
Uncalled bet ($0.04) returned to hypax
hypax collected $0.05 from pot
hypax: doesn't show hand 
*** SUMMARY ***
Total pot $0.05 | Rake $0 
Seat 1: Stefan-Key folded before Flop (didn't bet)
Seat 2: hypax collected ($0.05)
Seat 3: Lorpugo folded before Flop (didn't bet)
Seat 4: Sotiris000 (button) folded before Flop (didn't bet)
Seat 5: kahzura (small blind) folded before Flop
Seat 6: Emag fo Dog (big blind) folded before Flop



PokerStars Hand #241323591450:  Hold'em No Limit ($0.01/$0.02 USD) - 2023/01/22 13:39:39 ET
Table 'Repsolda' 6-max Seat #5 is the button
Seat 1: Stefan-Key ($1.43 in chips) 
Seat 2: hypax ($3.19 in chips) 
Seat 3: Lorpugo ($1.96 in chips) 
Seat 4: Sotiris000 ($2.02 in chips) 
Seat 5: kahzura ($2.12 in chips) 
Seat 6: Emag fo Dog ($3.59 in chips) 
Emag fo Dog: posts small blind $0.01
Stefan-Key: posts big blind $0.02
*** HOLE CARDS ***
Dealt to Lorpugo [5s Qh]
hypax: folds 
Lorpugo: folds 
Sotiris000: folds 
kahzura: raises $0.03 to $0.05
Emag fo Dog: calls $0.04
Stefan-Key: folds 
*** FLOP *** [Kd 6c 9c]
Emag fo Dog: bets $0.02
kahzura: calls $0.02
*** TURN *** [Kd 6c 9c] [Kh]
Emag fo Dog: checks 
kahzura: checks 
*** RIVER *** [Kd 6c 9c Kh] [6h]
Emag fo Dog: checks 
kahzura: checks 
*** SHOW DOWN ***
Emag fo Dog: shows [Jh 8h] (two pair, Kings and Sixes)
kahzura: shows [Qd Ad] (two pair, Kings and Sixes - Ace kicker)
kahzura collected $0.15 from pot
*** SUMMARY ***
Total pot $0.16 | Rake $0.01 
Board [Kd 6c 9c Kh 6h]
Seat 1: Stefan-Key (big blind) folded before Flop
Seat 2: hypax folded before Flop (didn't bet)
Seat 3: Lorpugo folded before Flop (didn't bet)
Seat 4: Sotiris000 folded before Flop (didn't bet)
Seat 5: kahzura (button) showed [Qd Ad] and won ($0.15) with two pair, Kings and Sixes
Seat 6: Emag fo Dog (small blind) showed [Jh 8h] and lost with two pair, Kings and Sixes



PokerStars Hand #241323611363:  Hold'em No Limit ($0.01/$0.02 USD) - 2023/01/22 13:40:23 ET
Table 'Repsolda' 6-max Seat #6 is the button
Seat 1: Stefan-Key ($1.41 in chips) 
Seat 2: hypax ($3.19 in chips) 
Seat 3: Lorpugo ($1.96 in chips) 
Seat 4: Sotiris000 ($2.02 in chips) 
Seat 5: kahzura ($2.20 in chips) 
Seat 6: Emag fo Dog ($3.52 in chips) 
Stefan-Key: posts small blind $0.01
hypax: posts big blind $0.02
*** HOLE CARDS ***
Dealt to Lorpugo [5h 9c]
Lorpugo: folds 
Sotiris000: folds 
kahzura: folds 
Emag fo Dog: raises $0.03 to $0.05
Stefan-Key: folds 
hypax: folds 
Uncalled bet ($0.03) returned to Emag fo Dog
Emag fo Dog collected $0.05 from pot
Emag fo Dog: doesn't show hand 
*** SUMMARY ***
Total pot $0.05 | Rake $0 
Seat 1: Stefan-Key (small blind) folded before Flop
Seat 2: hypax (big blind) folded before Flop
Seat 3: Lorpugo folded before Flop (didn't bet)
Seat 4: Sotiris000 folded before Flop (didn't bet)
Seat 5: kahzura folded before Flop (didn't bet)
Seat 6: Emag fo Dog (button) collected ($0.05)



PokerStars Hand #241323621874:  Hold'em No Limit ($0.01/$0.02 USD) - 2023/01/22 13:40:46 ET
Table 'Repsolda' 6-max Seat #1 is the button
Seat 1: Stefan-Key ($1.40 in chips) 
Seat 2: hypax ($3.17 in chips) 
Seat 3: Lorpugo ($1.96 in chips) 
Seat 4: Sotiris000 ($2.02 in chips) 
Seat 5: kahzura ($2.20 in chips) 
Seat 6: Emag fo Dog ($3.55 in chips) 
hypax: posts small blind $0.01
Lorpugo: posts big blind $0.02
*** HOLE CARDS ***
Dealt to Lorpugo [Ah 9d]
Sotiris000: folds 
kahzura: folds 
Emag fo Dog: raises $0.03 to $0.05
Stefan-Key: calls $0.05
hypax: folds 
Lorpugo: calls $0.03
*** FLOP *** [6c 6d Qc]
Lorpugo: bets $0.02
Emag fo Dog: calls $0.02
Stefan-Key: calls $0.02
*** TURN *** [6c 6d Qc] [5d]
Lorpugo: checks 
Emag fo Dog: checks 
Stefan-Key: checks 
*** RIVER *** [6c 6d Qc 5d] [5c]
Lorpugo: bets $0.02
Emag fo Dog: calls $0.02
Stefan-Key: calls $0.02
*** SHOW DOWN ***
Lorpugo: shows [Ah 9d] (two pair, Sixes and Fives)
Emag fo Dog: shows [2h Qh] (two pair, Queens and Sixes)
Stefan-Key: mucks hand 
Emag fo Dog collected $0.27 from pot
*** SUMMARY ***
Total pot $0.28 | Rake $0.01 
Board [6c 6d Qc 5d 5c]
Seat 1: Stefan-Key (button) mucked [As Th]
Seat 2: hypax (small blind) folded before Flop
Seat 3: Lorpugo (big blind) showed [Ah 9d] and lost with two pair, Sixes and Fives
Seat 4: Sotiris000 folded before Flop (didn't bet)
Seat 5: kahzura folded before Flop (didn't bet)
Seat 6: Emag fo Dog showed [2h Qh] and won ($0.27) with two pair, Queens and Sixes



PokerStars Hand #241323650637:  Hold'em No Limit ($0.01/$0.02 USD) - 2023/01/22 13:41:48 ET
Table 'Repsolda' 6-max Seat #2 is the button
Seat 1: Stefan-Key ($1.31 in chips) 
Seat 2: hypax ($3.16 in chips) 
Seat 3: Lorpugo ($1.87 in chips) 
Seat 4: Sotiris000 ($2.02 in chips) 
Seat 5: kahzura ($2.20 in chips) 
Seat 6: Emag fo Dog ($3.73 in chips) 
Lorpugo: posts small blind $0.01
Sotiris000: posts big blind $0.02
*** HOLE CARDS ***
Dealt to Lorpugo [Js 3h]
kahzura: folds 
Emag fo Dog: folds 
Stefan-Key: calls $0.02
hypax: raises $0.06 to $0.08
Lorpugo: folds 
Sotiris000: folds 
Stefan-Key: calls $0.06
*** FLOP *** [Ah Kc 7s]
Stefan-Key: checks 
hypax: bets $0.04
Stefan-Key: calls $0.04
*** TURN *** [Ah Kc 7s] [Jd]
Stefan-Key: checks 
hypax: bets $0.10
Stefan-Key: calls $0.10
*** RIVER *** [Ah Kc 7s Jd] [7h]
Stefan-Key: checks 
hypax: bets $0.10
Stefan-Key: calls $0.10
*** SHOW DOWN ***
hypax: shows [Jh Ks] (two pair, Kings and Jacks)
Stefan-Key: shows [Ts As] (two pair, Aces and Sevens)
Stefan-Key collected $0.65 from pot
*** SUMMARY ***
Total pot $0.67 | Rake $0.02 
Board [Ah Kc 7s Jd 7h]
Seat 1: Stefan-Key showed [Ts As] and won ($0.65) with two pair, Aces and Sevens
Seat 2: hypax (button) showed [Jh Ks] and lost with two pair, Kings and Jacks
Seat 3: Lorpugo (small blind) folded before Flop
Seat 4: Sotiris000 (big blind) folded before Flop
Seat 5: kahzura folded before Flop (didn't bet)
Seat 6: Emag fo Dog folded before Flop (didn't bet)



PokerStars Hand #241323675977:  Hold'em No Limit ($0.01/$0.02 USD) - 2023/01/22 13:42:42 ET
Table 'Repsolda' 6-max Seat #3 is the button
Seat 1: Stefan-Key ($1.64 in chips) 
Seat 2: hypax ($2.84 in chips) 
Seat 3: Lorpugo ($1.86 in chips) 
Seat 4: Sotiris000 ($2 in chips) 
Seat 5: kahzura ($2.20 in chips) 
Seat 6: Emag fo Dog ($3.73 in chips) 
Sotiris000: posts small blind $0.01
kahzura: posts big blind $0.02
*** HOLE CARDS ***
Dealt to Lorpugo [Jd 4s]
Emag fo Dog: raises $0.04 to $0.06
Stefan-Key: folds 
hypax: folds 
Lorpugo: folds 
Sotiris000: folds 
kahzura: folds 
Uncalled bet ($0.04) returned to Emag fo Dog
Emag fo Dog collected $0.05 from pot
Emag fo Dog: doesn't show hand 
*** SUMMARY ***
Total pot $0.05 | Rake $0 
Seat 1: Stefan-Key folded before Flop (didn't bet)
Seat 2: hypax folded before Flop (didn't bet)
Seat 3: Lorpugo (button) folded before Flop (didn't bet)
Seat 4: Sotiris000 (small blind) folded before Flop
Seat 5: kahzura (big blind) folded before Flop
Seat 6: Emag fo Dog collected ($0.05)



PokerStars Hand #241323683828:  Hold'em No Limit ($0.01/$0.02 USD) - 2023/01/22 13:42:59 ET
Table 'Repsolda' 6-max Seat #4 is the button
Seat 1: Stefan-Key ($1.64 in chips) 
Seat 2: hypax ($2.84 in chips) 
Seat 3: Lorpugo ($1.86 in chips) 
Seat 4: Sotiris000 ($1.99 in chips) 
Seat 5: kahzura ($2.18 in chips) 
Seat 6: Emag fo Dog ($3.76 in chips) 
kahzura: posts small blind $0.01
Emag fo Dog: posts big blind $0.02
*** HOLE CARDS ***
Dealt to Lorpugo [2c 9s]
Stefan-Key: calls $0.02
hypax has timed out
hypax: folds 
Lorpugo: folds 
Sotiris000: folds 
kahzura: folds 
Emag fo Dog: raises $0.22 to $0.24
Stefan-Key: calls $0.22
*** FLOP *** [8h 3s Jc]
Emag fo Dog: bets $0.02
Stefan-Key: calls $0.02
*** TURN *** [8h 3s Jc] [9h]
Emag fo Dog: bets $0.02
Stefan-Key: calls $0.02
*** RIVER *** [8h 3s Jc 9h] [3h]
Emag fo Dog: bets $0.02
Stefan-Key: calls $0.02
*** SHOW DOWN ***
Emag fo Dog: shows [Kc Ah] (a pair of Threes)
Stefan-Key: mucks hand 
Emag fo Dog collected $0.59 from pot
*** SUMMARY ***
Total pot $0.61 | Rake $0.02 
Board [8h 3s Jc 9h 3h]
Seat 1: Stefan-Key mucked [Qc As]
Seat 2: hypax folded before Flop (didn't bet)
Seat 3: Lorpugo folded before Flop (didn't bet)
Seat 4: Sotiris000 (button) folded before Flop (didn't bet)
Seat 5: kahzura (small blind) folded before Flop
Seat 6: Emag fo Dog (big blind) showed [Kc Ah] and won ($0.59) with a pair of Threes



PokerStars Hand #241323714690:  Hold'em No Limit ($0.01/$0.02 USD) - 2023/01/22 13:44:06 ET
Table 'Repsolda' 6-max Seat #5 is the button
Seat 1: Stefan-Key ($1.34 in chips) 
Seat 2: hypax ($2.84 in chips) 
Seat 3: Lorpugo ($1.86 in chips) 
Seat 4: Sotiris000 ($1.99 in chips) 
Seat 5: kahzura ($2.17 in chips) 
Seat 6: Emag fo Dog ($4.05 in chips) 
Emag fo Dog: posts small blind $0.01
Stefan-Key: posts big blind $0.02
*** HOLE CARDS ***
Dealt to Lorpugo [Jc 2h]
hypax: folds 
Lorpugo: folds 
Sotiris000: folds 
kahzura: folds 
Emag fo Dog: folds 
Uncalled bet ($0.01) returned to Stefan-Key
Stefan-Key collected $0.02 from pot
*** SUMMARY ***
Total pot $0.02 | Rake $0 
Seat 1: Stefan-Key (big blind) collected ($0.02)
Seat 2: hypax folded before Flop (didn't bet)
Seat 3: Lorpugo folded before Flop (didn't bet)
Seat 4: Sotiris000 folded before Flop (didn't bet)
Seat 5: kahzura (button) folded before Flop (didn't bet)
Seat 6: Emag fo Dog (small blind) folded before Flop



PokerStars Hand #241323720126:  Hold'em No Limit ($0.01/$0.02 USD) - 2023/01/22 13:44:18 ET
Table 'Repsolda' 6-max Seat #6 is the button
Seat 1: Stefan-Key ($1.35 in chips) 
Seat 2: hypax ($2.84 in chips) 
Seat 3: Lorpugo ($1.86 in chips) 
Seat 4: Sotiris000 ($1.99 in chips) 
Seat 5: kahzura ($2.17 in chips) 
Seat 6: Emag fo Dog ($4.04 in chips) 
Stefan-Key: posts small blind $0.01
hypax: posts big blind $0.02
*** HOLE CARDS ***
Dealt to Lorpugo [8s 5d]
Lorpugo: folds 
Sotiris000: raises $0.04 to $0.06
kahzura: calls $0.06
Emag fo Dog: folds 
Stefan-Key: calls $0.05
hypax: folds 
*** FLOP *** [4d 9d Qh]
Stefan-Key: bets $0.02
Sotiris000: raises $0.07 to $0.09
kahzura: folds 
Stefan-Key: calls $0.07
*** TURN *** [4d 9d Qh] [Qs]
Stefan-Key: checks 
Sotiris000: bets $0.11
Stefan-Key: calls $0.11
*** RIVER *** [4d 9d Qh Qs] [Kh]
Stefan-Key: checks 
Sotiris000: bets $0.29
Stefan-Key: calls $0.29
*** SHOW DOWN ***
Sotiris000: shows [Tc Qc] (three of a kind, Queens)
Stefan-Key: mucks hand 
Sotiris000 collected $1.14 from pot
*** SUMMARY ***
Total pot $1.18 | Rake $0.04 
Board [4d 9d Qh Qs Kh]
Seat 1: Stefan-Key (small blind) mucked [Kc Ac]
Seat 2: hypax (big blind) folded before Flop
Seat 3: Lorpugo folded before Flop (didn't bet)
Seat 4: Sotiris000 showed [Tc Qc] and won ($1.14) with three of a kind, Queens
Seat 5: kahzura folded on the Flop
Seat 6: Emag fo Dog (button) folded before Flop (didn't bet)



PokerStars Hand #241323747519:  Hold'em No Limit ($0.01/$0.02 USD) - 2023/01/22 13:45:17 ET
Table 'Repsolda' 6-max Seat #1 is the button
Seat 1: Stefan-Key ($0.80 in chips) 
Seat 2: hypax ($2.82 in chips) 
Seat 3: Lorpugo ($1.86 in chips) 
Seat 4: Sotiris000 ($2.58 in chips) 
Seat 5: kahzura ($2.11 in chips) 
Seat 6: Emag fo Dog ($4.04 in chips) 
hypax: posts small blind $0.01
Lorpugo: posts big blind $0.02
*** HOLE CARDS ***
Dealt to Lorpugo [Qs 6h]
Sotiris000: folds 
kahzura: raises $0.04 to $0.06
Emag fo Dog: folds 
Stefan-Key: folds 
hypax: folds 
Lorpugo: folds 
Uncalled bet ($0.04) returned to kahzura
kahzura collected $0.05 from pot
kahzura: doesn't show hand 
*** SUMMARY ***
Total pot $0.05 | Rake $0 
Seat 1: Stefan-Key (button) folded before Flop (didn't bet)
Seat 2: hypax (small blind) folded before Flop
Seat 3: Lorpugo (big blind) folded before Flop
Seat 4: Sotiris000 folded before Flop (didn't bet)
Seat 5: kahzura collected ($0.05)
Seat 6: Emag fo Dog folded before Flop (didn't bet)



PokerStars Hand #241323756358:  Hold'em No Limit ($0.01/$0.02 USD) - 2023/01/22 13:45:36 ET
Table 'Repsolda' 6-max Seat #2 is the button
Seat 1: Stefan-Key ($0.80 in chips) 
Seat 2: hypax ($2.81 in chips) 
Seat 3: Lorpugo ($1.84 in chips) 
Seat 4: Sotiris000 ($2.58 in chips) 
Seat 5: kahzura ($2.14 in chips) 
Seat 6: Emag fo Dog ($4.04 in chips) 
Lorpugo: posts small blind $0.01
Sotiris000: posts big blind $0.02
*** HOLE CARDS ***
Dealt to Lorpugo [5h 4s]
kahzura: folds 
Emag fo Dog: folds 
Stefan-Key: folds 
hypax: folds 
Lorpugo: folds 
Uncalled bet ($0.01) returned to Sotiris000
Sotiris000 collected $0.02 from pot
Sotiris000: doesn't show hand 
*** SUMMARY ***
Total pot $0.02 | Rake $0 
Seat 1: Stefan-Key folded before Flop (didn't bet)
Seat 2: hypax (button) folded before Flop (didn't bet)
Seat 3: Lorpugo (small blind) folded before Flop
Seat 4: Sotiris000 (big blind) collected ($0.02)
Seat 5: kahzura folded before Flop (didn't bet)
Seat 6: Emag fo Dog folded before Flop (didn't bet)



PokerStars Hand #241323760602:  Hold'em No Limit ($0.01/$0.02 USD) - 2023/01/22 13:45:46 ET
Table 'Repsolda' 6-max Seat #3 is the button
Seat 1: Stefan-Key ($0.80 in chips) 
Seat 2: hypax ($2.81 in chips) 
Seat 3: Lorpugo ($1.83 in chips) 
Seat 4: Sotiris000 ($2.59 in chips) 
Seat 5: kahzura ($2.14 in chips) 
Seat 6: Emag fo Dog ($4.04 in chips) 
Sotiris000: posts small blind $0.01
kahzura: posts big blind $0.02
*** HOLE CARDS ***
Dealt to Lorpugo [6d 9d]
Emag fo Dog: raises $0.04 to $0.06
Stefan-Key: folds 
hypax: folds 
Lorpugo: folds 
Sotiris000: folds 
kahzura: raises $0.17 to $0.23
Emag fo Dog: folds 
Uncalled bet ($0.17) returned to kahzura
kahzura collected $0.13 from pot
kahzura: doesn't show hand 
*** SUMMARY ***
Total pot $0.13 | Rake $0 
Seat 1: Stefan-Key folded before Flop (didn't bet)
Seat 2: hypax folded before Flop (didn't bet)
Seat 3: Lorpugo (button) folded before Flop (didn't bet)
Seat 4: Sotiris000 (small blind) folded before Flop
Seat 5: kahzura (big blind) collected ($0.13)
Seat 6: Emag fo Dog folded before Flop



PokerStars Hand #241323776514:  Hold'em No Limit ($0.01/$0.02 USD) - 2023/01/22 13:46:20 ET
Table 'Repsolda' 6-max Seat #4 is the button
Seat 1: Stefan-Key ($0.80 in chips) 
Seat 2: hypax ($2.81 in chips) 
Seat 3: Lorpugo ($1.83 in chips) 
Seat 4: Sotiris000 ($2.58 in chips) 
Seat 5: kahzura ($2.21 in chips) 
Seat 6: Emag fo Dog ($3.98 in chips) 
kahzura: posts small blind $0.01
Emag fo Dog: posts big blind $0.02
*** HOLE CARDS ***
Dealt to Lorpugo [5d Td]
Stefan-Key: folds 
hypax: folds 
Lorpugo: folds 
Sotiris000: raises $0.02 to $0.04
kahzura: folds 
Emag fo Dog: calls $0.02
*** FLOP *** [2c Jc 4s]
Emag fo Dog: checks 
Sotiris000: checks 
*** TURN *** [2c Jc 4s] [As]
Emag fo Dog: checks 
Sotiris000: bets $0.03
Emag fo Dog: folds 
Uncalled bet ($0.03) returned to Sotiris000
Sotiris000 collected $0.09 from pot
Sotiris000: doesn't show hand 
*** SUMMARY ***
Total pot $0.09 | Rake $0 
Board [2c Jc 4s As]
Seat 1: Stefan-Key folded before Flop (didn't bet)
Seat 2: hypax folded before Flop (didn't bet)
Seat 3: Lorpugo folded before Flop (didn't bet)
Seat 4: Sotiris000 (button) collected ($0.09)
Seat 5: kahzura (small blind) folded before Flop
Seat 6: Emag fo Dog (big blind) folded on the Turn



PokerStars Hand #241323799394:  Hold'em No Limit ($0.01/$0.02 USD) - 2023/01/22 13:47:09 ET
Table 'Repsolda' 6-max Seat #5 is the button
Seat 1: Stefan-Key ($0.80 in chips) 
Seat 2: hypax ($2.81 in chips) 
Seat 3: Lorpugo ($1.83 in chips) 
Seat 4: Sotiris000 ($2.63 in chips) 
Seat 5: kahzura ($2.20 in chips) 
Seat 6: Emag fo Dog ($3.94 in chips) 
Emag fo Dog: posts small blind $0.01
Stefan-Key: posts big blind $0.02
*** HOLE CARDS ***
Dealt to Lorpugo [Jh 8c]
hypax: folds 
Lorpugo: folds 
Sotiris000: folds 
kahzura: folds 
Emag fo Dog: raises $0.03 to $0.05
Stefan-Key: calls $0.03
*** FLOP *** [Kh 2d 7d]
Emag fo Dog: bets $0.08
Stefan-Key: calls $0.08
*** TURN *** [Kh 2d 7d] [Tc]
Emag fo Dog: bets $0.21
Stefan-Key: calls $0.21
*** RIVER *** [Kh 2d 7d Tc] [3s]
Emag fo Dog: bets $0.22
Stefan-Key: folds 
Uncalled bet ($0.22) returned to Emag fo Dog
Emag fo Dog collected $0.66 from pot
Emag fo Dog: doesn't show hand 
*** SUMMARY ***
Total pot $0.68 | Rake $0.02 
Board [Kh 2d 7d Tc 3s]
Seat 1: Stefan-Key (big blind) folded on the River
Seat 2: hypax folded before Flop (didn't bet)
Seat 3: Lorpugo folded before Flop (didn't bet)
Seat 4: Sotiris000 folded before Flop (didn't bet)
Seat 5: kahzura (button) folded before Flop (didn't bet)
Seat 6: Emag fo Dog (small blind) collected ($0.66)



PokerStars Hand #241323823288:  Hold'em No Limit ($0.01/$0.02 USD) - 2023/01/22 13:48:01 ET
Table 'Repsolda' 6-max Seat #6 is the button
Seat 1: Stefan-Key ($0.46 in chips) 
Seat 2: hypax ($2.81 in chips) 
Seat 3: Lorpugo ($1.83 in chips) 
Seat 4: Sotiris000 ($2.63 in chips) 
Seat 5: kahzura ($2.20 in chips) 
Seat 6: Emag fo Dog ($4.26 in chips) 
Stefan-Key: posts small blind $0.01
hypax: posts big blind $0.02
*** HOLE CARDS ***
Dealt to Lorpugo [3d 2c]
Lorpugo: folds 
Sotiris000: raises $0.04 to $0.06
kahzura: folds 
Emag fo Dog: calls $0.06
Stefan-Key: calls $0.05
hypax: folds 
*** FLOP *** [4d 7d 8h]
Stefan-Key: checks 
Sotiris000: bets $0.06
Emag fo Dog: calls $0.06
Stefan-Key: folds 
*** TURN *** [4d 7d 8h] [6d]
Sotiris000: bets $0.16
Emag fo Dog: calls $0.16
*** RIVER *** [4d 7d 8h 6d] [3h]
Sotiris000: bets $0.19
Emag fo Dog: raises $0.19 to $0.38
Sotiris000: raises $1.97 to $2.35 and is all-in
Emag fo Dog: folds 
Uncalled bet ($1.97) returned to Sotiris000
Sotiris000 collected $1.35 from pot
Sotiris000: doesn't show hand 
*** SUMMARY ***
Total pot $1.40 | Rake $0.05 
Board [4d 7d 8h 6d 3h]
Seat 1: Stefan-Key (small blind) folded on the Flop
Seat 2: hypax (big blind) folded before Flop
Seat 3: Lorpugo folded before Flop (didn't bet)
Seat 4: Sotiris000 collected ($1.35)
Seat 5: kahzura folded before Flop (didn't bet)
Seat 6: Emag fo Dog (button) folded on the River



PokerStars Hand #241323866379:  Hold'em No Limit ($0.01/$0.02 USD) - 2023/01/22 13:49:35 ET
Table 'Repsolda' 6-max Seat #1 is the button
Seat 1: Stefan-Key ($0.40 in chips) 
Seat 2: hypax ($2.79 in chips) 
Seat 3: Lorpugo ($1.83 in chips) 
Seat 4: Sotiris000 ($3.32 in chips) 
Seat 5: kahzura ($2.20 in chips) 
Seat 6: Emag fo Dog ($3.60 in chips) 
hypax: posts small blind $0.01
Lorpugo: posts big blind $0.02
*** HOLE CARDS ***
Dealt to Lorpugo [3h 6c]
Sotiris000: folds 
kahzura: folds 
Emag fo Dog: raises $0.03 to $0.05
Stefan-Key: folds 
hypax: raises $0.11 to $0.16
Lorpugo: folds 
Emag fo Dog: folds 
Uncalled bet ($0.11) returned to hypax
hypax collected $0.12 from pot
hypax: doesn't show hand 
*** SUMMARY ***
Total pot $0.12 | Rake $0 
Seat 1: Stefan-Key (button) folded before Flop (didn't bet)
Seat 2: hypax (small blind) collected ($0.12)
Seat 3: Lorpugo (big blind) folded before Flop
Seat 4: Sotiris000 folded before Flop (didn't bet)
Seat 5: kahzura folded before Flop (didn't bet)
Seat 6: Emag fo Dog folded before Flop



PokerStars Hand #241323877673:  Hold'em No Limit ($0.01/$0.02 USD) - 2023/01/22 13:49:59 ET
Table 'Repsolda' 6-max Seat #2 is the button
Seat 1: Stefan-Key ($0.40 in chips) 
Seat 2: hypax ($2.86 in chips) 
Seat 3: Lorpugo ($1.81 in chips) 
Seat 4: Sotiris000 ($3.32 in chips) 
Seat 5: kahzura ($2.20 in chips) 
Seat 6: Emag fo Dog ($3.55 in chips) 
Lorpugo: posts small blind $0.01
Sotiris000: posts big blind $0.02
*** HOLE CARDS ***
Dealt to Lorpugo [2d Kd]
kahzura: folds 
Emag fo Dog: folds 
Stefan-Key: folds 
hypax: raises $0.04 to $0.06
Lorpugo: folds 
Sotiris000: folds 
Uncalled bet ($0.04) returned to hypax
hypax collected $0.05 from pot
hypax: doesn't show hand 
*** SUMMARY ***
Total pot $0.05 | Rake $0 
Seat 1: Stefan-Key folded before Flop (didn't bet)
Seat 2: hypax (button) collected ($0.05)
Seat 3: Lorpugo (small blind) folded before Flop
Seat 4: Sotiris000 (big blind) folded before Flop
Seat 5: kahzura folded before Flop (didn't bet)
Seat 6: Emag fo Dog folded before Flop (didn't bet)



PokerStars Hand #241323886182:  Hold'em No Limit ($0.01/$0.02 USD) - 2023/01/22 13:50:18 ET
Table 'Repsolda' 6-max Seat #3 is the button
Seat 1: Stefan-Key ($0.40 in chips) 
Seat 2: hypax ($2.89 in chips) 
Seat 3: Lorpugo ($1.80 in chips) 
Seat 4: Sotiris000 ($3.30 in chips) 
Seat 5: kahzura ($2.20 in chips) 
Seat 6: Emag fo Dog ($3.55 in chips) 
Sotiris000: posts small blind $0.01
kahzura: posts big blind $0.02
*** HOLE CARDS ***
Dealt to Lorpugo [9h 9s]
Emag fo Dog: raises $0.04 to $0.06
Stefan-Key: folds 
hypax: folds 
Lorpugo: calls $0.06
Sotiris000: folds 
kahzura: folds 
*** FLOP *** [2s Ah 6d]
Emag fo Dog: bets $0.08
Lorpugo: calls $0.08
*** TURN *** [2s Ah 6d] [Jd]
Emag fo Dog: bets $0.02
Lorpugo: calls $0.02
*** RIVER *** [2s Ah 6d Jd] [2d]
Emag fo Dog: bets $0.15
Lorpugo: folds 
Uncalled bet ($0.15) returned to Emag fo Dog
Emag fo Dog collected $0.34 from pot
Emag fo Dog: doesn't show hand 
*** SUMMARY ***
Total pot $0.35 | Rake $0.01 
Board [2s Ah 6d Jd 2d]
Seat 1: Stefan-Key folded before Flop (didn't bet)
Seat 2: hypax folded before Flop (didn't bet)
Seat 3: Lorpugo (button) folded on the River
Seat 4: Sotiris000 (small blind) folded before Flop
Seat 5: kahzura (big blind) folded before Flop
Seat 6: Emag fo Dog collected ($0.34)



PokerStars Hand #241323911721:  Hold'em No Limit ($0.01/$0.02 USD) - 2023/01/22 13:51:13 ET
Table 'Repsolda' 6-max Seat #4 is the button
Seat 1: Stefan-Key ($0.40 in chips) 
Seat 2: hypax ($2.89 in chips) 
Seat 3: Lorpugo ($1.64 in chips) 
Seat 4: Sotiris000 ($3.29 in chips) 
Seat 5: kahzura ($2.18 in chips) 
Seat 6: Emag fo Dog ($3.73 in chips) 
kahzura: posts small blind $0.01
Emag fo Dog: posts big blind $0.02
*** HOLE CARDS ***
Dealt to Lorpugo [4s 3s]
Stefan-Key: calls $0.02
hypax: folds 
Lorpugo: calls $0.02
Sotiris000: folds 
kahzura: folds 
Emag fo Dog: checks 
*** FLOP *** [6d 6c 9d]
Emag fo Dog: checks 
Stefan-Key: checks 
Lorpugo: checks 
*** TURN *** [6d 6c 9d] [2s]
Emag fo Dog: checks 
Stefan-Key: checks 
Lorpugo: bets $0.10
Emag fo Dog: folds 
Stefan-Key: folds 
Uncalled bet ($0.10) returned to Lorpugo
Lorpugo collected $0.07 from pot
Lorpugo: doesn't show hand 
*** SUMMARY ***
Total pot $0.07 | Rake $0 
Board [6d 6c 9d 2s]
Seat 1: Stefan-Key folded on the Turn
Seat 2: hypax folded before Flop (didn't bet)
Seat 3: Lorpugo collected ($0.07)
Seat 4: Sotiris000 (button) folded before Flop (didn't bet)
Seat 5: kahzura (small blind) folded before Flop
Seat 6: Emag fo Dog (big blind) folded on the Turn



PokerStars Hand #241323932568:  Hold'em No Limit ($0.01/$0.02 USD) - 2023/01/22 13:51:57 ET
Table 'Repsolda' 6-max Seat #5 is the button
Seat 1: Stefan-Key ($0.38 in chips) 
Seat 2: hypax ($2.89 in chips) 
Seat 3: Lorpugo ($1.69 in chips) 
Seat 4: Sotiris000 ($3.29 in chips) 
Seat 5: kahzura ($2.17 in chips) 
Seat 6: Emag fo Dog ($3.71 in chips) 
Emag fo Dog: posts small blind $0.01
Stefan-Key: posts big blind $0.02
*** HOLE CARDS ***
Dealt to Lorpugo [4c Ad]
hypax: folds 
Lorpugo: raises $0.02 to $0.04
Sotiris000: folds 
kahzura: folds 
Emag fo Dog: calls $0.03
Stefan-Key: calls $0.02
*** FLOP *** [4d 7h 6s]
Emag fo Dog: bets $0.02
Stefan-Key: raises $0.02 to $0.04
Lorpugo: folds 
Emag fo Dog: calls $0.02
*** TURN *** [4d 7h 6s] [9h]
Emag fo Dog: bets $0.02
Stefan-Key: raises $0.02 to $0.04
Emag fo Dog: raises $0.11 to $0.15
Stefan-Key: raises $0.11 to $0.26
Emag fo Dog: raises $0.11 to $0.37
Stefan-Key: calls $0.04 and is all-in
Uncalled bet ($0.07) returned to Emag fo Dog
*** RIVER *** [4d 7h 6s 9h] [7d]
*** SHOW DOWN ***
Emag fo Dog: shows [8h Tc] (a straight, Six to Ten)
Stefan-Key: shows [5d 3d] (a straight, Three to Seven)
Emag fo Dog collected $0.77 from pot
*** SUMMARY ***
Total pot $0.80 | Rake $0.03 
Board [4d 7h 6s 9h 7d]
Seat 1: Stefan-Key (big blind) showed [5d 3d] and lost with a straight, Three to Seven
Seat 2: hypax folded before Flop (didn't bet)
Seat 3: Lorpugo folded on the Flop
Seat 4: Sotiris000 folded before Flop (didn't bet)
Seat 5: kahzura (button) folded before Flop (didn't bet)
Seat 6: Emag fo Dog (small blind) showed [8h Tc] and won ($0.77) with a straight, Six to Ten



PokerStars Hand #241323955465:  Hold'em No Limit ($0.01/$0.02 USD) - 2023/01/22 13:52:47 ET
Table 'Repsolda' 6-max Seat #6 is the button
Seat 2: hypax ($2.89 in chips) 
Seat 3: Lorpugo ($1.65 in chips) 
Seat 4: Sotiris000 ($3.29 in chips) 
Seat 5: kahzura ($2.17 in chips) 
Seat 6: Emag fo Dog ($4.10 in chips) 
hypax: posts small blind $0.01
Lorpugo: posts big blind $0.02
*** HOLE CARDS ***
Dealt to Lorpugo [3s 4s]
Sotiris000: folds 
kahzura: folds 
Emag fo Dog: folds 
hypax: raises $0.06 to $0.08
Lorpugo: calls $0.06
*** FLOP *** [Ks 7c 8h]
hypax: bets $0.10
Lorpugo: folds 
Uncalled bet ($0.10) returned to hypax
hypax collected $0.15 from pot
hypax: doesn't show hand 
*** SUMMARY ***
Total pot $0.16 | Rake $0.01 
Board [Ks 7c 8h]
Seat 2: hypax (small blind) collected ($0.15)
Seat 3: Lorpugo (big blind) folded on the Flop
Seat 4: Sotiris000 folded before Flop (didn't bet)
Seat 5: kahzura folded before Flop (didn't bet)
Seat 6: Emag fo Dog (button) folded before Flop (didn't bet)



PokerStars Hand #241323970861:  Hold'em No Limit ($0.01/$0.02 USD) - 2023/01/22 13:53:20 ET
Table 'Repsolda' 6-max Seat #2 is the button
Seat 1: Stefan-Key ($0.80 in chips) 
Seat 2: hypax ($2.96 in chips) 
Seat 3: Lorpugo ($1.57 in chips) 
Seat 4: Sotiris000 ($3.29 in chips) 
Seat 5: kahzura ($2.17 in chips) 
Seat 6: Emag fo Dog ($4.10 in chips) 
Lorpugo: posts small blind $0.01
Sotiris000: posts big blind $0.02
Stefan-Key: posts small blind $0.01
*** HOLE CARDS ***
Dealt to Lorpugo [Jd As]
kahzura: folds 
Emag fo Dog: raises $0.04 to $0.06
Stefan-Key: folds 
hypax: folds 
Lorpugo: calls $0.05
Sotiris000: folds 
*** FLOP *** [Jh 3d 5c]
Lorpugo: checks 
Emag fo Dog: bets $0.02
Lorpugo: raises $0.12 to $0.14
Emag fo Dog: folds 
Uncalled bet ($0.12) returned to Lorpugo
Lorpugo collected $0.18 from pot
Lorpugo: doesn't show hand 
*** SUMMARY ***
Total pot $0.19 | Rake $0.01 
Board [Jh 3d 5c]
Seat 1: Stefan-Key folded before Flop (didn't bet)
Seat 2: hypax (button) folded before Flop (didn't bet)
Seat 3: Lorpugo (small blind) collected ($0.18)
Seat 4: Sotiris000 (big blind) folded before Flop
Seat 5: kahzura folded before Flop (didn't bet)
Seat 6: Emag fo Dog folded on the Flop



PokerStars Hand #241323984880:  Hold'em No Limit ($0.01/$0.02 USD) - 2023/01/22 13:53:50 ET
Table 'Repsolda' 6-max Seat #3 is the button
Seat 1: Stefan-Key ($0.79 in chips) 
Seat 2: hypax ($2.96 in chips) 
Seat 3: Lorpugo ($1.67 in chips) 
Seat 4: Sotiris000 ($3.27 in chips) 
Seat 5: kahzura ($2.17 in chips) 
Seat 6: Emag fo Dog ($4.02 in chips) 
Sotiris000: posts small blind $0.01
kahzura: posts big blind $0.02
*** HOLE CARDS ***
Dealt to Lorpugo [9h 2s]
Emag fo Dog: folds 
Stefan-Key: raises $0.02 to $0.04
hypax: folds 
Lorpugo: folds 
Sotiris000: folds 
kahzura: folds 
Uncalled bet ($0.02) returned to Stefan-Key
Stefan-Key collected $0.05 from pot
*** SUMMARY ***
Total pot $0.05 | Rake $0 
Seat 1: Stefan-Key collected ($0.05)
Seat 2: hypax folded before Flop (didn't bet)
Seat 3: Lorpugo (button) folded before Flop (didn't bet)
Seat 4: Sotiris000 (small blind) folded before Flop
Seat 5: kahzura (big blind) folded before Flop
Seat 6: Emag fo Dog folded before Flop (didn't bet)



PokerStars Hand #241323991518:  Hold'em No Limit ($0.01/$0.02 USD) - 2023/01/22 13:54:05 ET
Table 'Repsolda' 6-max Seat #4 is the button
Seat 1: Stefan-Key ($0.82 in chips) 
Seat 2: hypax ($2.96 in chips) 
Seat 3: Lorpugo ($1.67 in chips) 
Seat 4: Sotiris000 ($3.26 in chips) 
Seat 5: kahzura ($2.15 in chips) 
Seat 6: Emag fo Dog ($4.02 in chips) 
kahzura: posts small blind $0.01
Emag fo Dog: posts big blind $0.02
*** HOLE CARDS ***
Dealt to Lorpugo [Tc 3s]
Stefan-Key: folds 
hypax: raises $0.04 to $0.06
Lorpugo: folds 
Sotiris000: folds 
kahzura: folds 
Emag fo Dog: folds 
Uncalled bet ($0.04) returned to hypax
hypax collected $0.05 from pot
hypax: doesn't show hand 
*** SUMMARY ***
Total pot $0.05 | Rake $0 
Seat 1: Stefan-Key folded before Flop (didn't bet)
Seat 2: hypax collected ($0.05)
Seat 3: Lorpugo folded before Flop (didn't bet)
Seat 4: Sotiris000 (button) folded before Flop (didn't bet)
Seat 5: kahzura (small blind) folded before Flop
Seat 6: Emag fo Dog (big blind) folded before Flop



PokerStars Hand #241323998741:  Hold'em No Limit ($0.01/$0.02 USD) - 2023/01/22 13:54:20 ET
Table 'Repsolda' 6-max Seat #5 is the button
Seat 1: Stefan-Key ($0.82 in chips) 
Seat 2: hypax ($2.99 in chips) 
Seat 3: Lorpugo ($1.67 in chips) 
Seat 4: Sotiris000 ($3.26 in chips) 
Seat 5: kahzura ($2.14 in chips) 
Seat 6: Emag fo Dog ($4 in chips) 
Emag fo Dog: posts small blind $0.01
Stefan-Key: posts big blind $0.02
*** HOLE CARDS ***
Dealt to Lorpugo [Th Kd]
hypax: folds 
Lorpugo: raises $0.02 to $0.04
Sotiris000: folds 
kahzura: folds 
Emag fo Dog: calls $0.03
Stefan-Key: calls $0.02
*** FLOP *** [6d Qh Ah]
Emag fo Dog: bets $0.02
Stefan-Key: folds 
Lorpugo: calls $0.02
*** TURN *** [6d Qh Ah] [3s]
Emag fo Dog: checks 
Lorpugo: checks 
*** RIVER *** [6d Qh Ah 3s] [2d]
Emag fo Dog: bets $0.11
Lorpugo: folds 
Uncalled bet ($0.11) returned to Emag fo Dog
Emag fo Dog collected $0.15 from pot
Emag fo Dog: doesn't show hand 
*** SUMMARY ***
Total pot $0.16 | Rake $0.01 
Board [6d Qh Ah 3s 2d]
Seat 1: Stefan-Key (big blind) folded on the Flop
Seat 2: hypax folded before Flop (didn't bet)
Seat 3: Lorpugo folded on the River
Seat 4: Sotiris000 folded before Flop (didn't bet)
Seat 5: kahzura (button) folded before Flop (didn't bet)
Seat 6: Emag fo Dog (small blind) collected ($0.15)



PokerStars Hand #241324019708:  Hold'em No Limit ($0.01/$0.02 USD) - 2023/01/22 13:55:06 ET
Table 'Repsolda' 6-max Seat #6 is the button
Seat 1: Stefan-Key ($0.78 in chips) 
Seat 2: hypax ($2.99 in chips) 
Seat 3: Lorpugo ($1.61 in chips) 
Seat 4: Sotiris000 ($3.26 in chips) 
Seat 5: kahzura ($2.14 in chips) 
Seat 6: Emag fo Dog ($4.09 in chips) 
Stefan-Key: posts small blind $0.01
hypax: posts big blind $0.02
*** HOLE CARDS ***
Dealt to Lorpugo [7d Kd]
Lorpugo: raises $0.02 to $0.04
Sotiris000: folds 
kahzura: folds 
Emag fo Dog: folds 
Stefan-Key: calls $0.03
hypax: folds 
*** FLOP *** [8d Tc Qd]
Stefan-Key: checks 
Lorpugo: bets $0.03
Stefan-Key: calls $0.03
*** TURN *** [8d Tc Qd] [9h]
Stefan-Key: bets $0.08
Lorpugo: raises $0.16 to $0.24
Stefan-Key: raises $0.16 to $0.40
Lorpugo: calls $0.16
*** RIVER *** [8d Tc Qd 9h] [2c]
Stefan-Key: bets $0.31 and is all-in
Lorpugo: folds 
Uncalled bet ($0.31) returned to Stefan-Key
Stefan-Key collected $0.92 from pot
*** SUMMARY ***
Total pot $0.96 | Rake $0.04 
Board [8d Tc Qd 9h 2c]
Seat 1: Stefan-Key (small blind) collected ($0.92)
Seat 2: hypax (big blind) folded before Flop
Seat 3: Lorpugo folded on the River
Seat 4: Sotiris000 folded before Flop (didn't bet)
Seat 5: kahzura folded before Flop (didn't bet)
Seat 6: Emag fo Dog (button) folded before Flop (didn't bet)



PokerStars Hand #241324036897:  Hold'em No Limit ($0.01/$0.02 USD) - 2023/01/22 13:56:01 ET
Table 'Repsolda' 6-max Seat #1 is the button
Seat 1: Stefan-Key ($1.23 in chips) 
Seat 2: hypax ($2.97 in chips) 
Seat 3: Lorpugo ($1.14 in chips) 
Seat 4: Sotiris000 ($3.26 in chips) 
Seat 5: kahzura ($2.14 in chips) 
Seat 6: Emag fo Dog ($4.09 in chips) 
hypax: posts small blind $0.01
Lorpugo: posts big blind $0.02
*** HOLE CARDS ***
Dealt to Lorpugo [Qs 7s]
Sotiris000: folds 
kahzura: folds 
Emag fo Dog: folds 
Stefan-Key: calls $0.02
hypax: calls $0.01
Lorpugo: raises $0.10 to $0.12
Stefan-Key: folds 
hypax: folds 
Uncalled bet ($0.10) returned to Lorpugo
Lorpugo collected $0.06 from pot
Lorpugo: doesn't show hand 
*** SUMMARY ***
Total pot $0.06 | Rake $0 
Seat 1: Stefan-Key (button) folded before Flop
Seat 2: hypax (small blind) folded before Flop
Seat 3: Lorpugo (big blind) collected ($0.06)
Seat 4: Sotiris000 folded before Flop (didn't bet)
Seat 5: kahzura folded before Flop (didn't bet)
Seat 6: Emag fo Dog folded before Flop (didn't bet)



PokerStars Hand #241324048403:  Hold'em No Limit ($0.01/$0.02 USD) - 2023/01/22 13:56:40 ET
Table 'Repsolda' 6-max Seat #2 is the button
Seat 1: Stefan-Key ($1.21 in chips) 
Seat 2: hypax ($2.95 in chips) 
Seat 3: Lorpugo ($1.98 in chips) 
Seat 4: Sotiris000 ($3.26 in chips) 
Seat 5: kahzura ($2.14 in chips) 
Seat 6: Emag fo Dog ($4.09 in chips) 
Lorpugo: posts small blind $0.01
Sotiris000: posts big blind $0.02
*** HOLE CARDS ***
Dealt to Lorpugo [7d 6d]
kahzura: folds 
Emag fo Dog: raises $0.04 to $0.06
Stefan-Key: folds 
hypax: folds 
Lorpugo: calls $0.05
Sotiris000: folds 
*** FLOP *** [2h Qs Ac]
Lorpugo: checks 
Emag fo Dog: bets $0.08
Lorpugo: folds 
Uncalled bet ($0.08) returned to Emag fo Dog
Emag fo Dog collected $0.14 from pot
Emag fo Dog: doesn't show hand 
*** SUMMARY ***
Total pot $0.14 | Rake $0 
Board [2h Qs Ac]
Seat 1: Stefan-Key folded before Flop (didn't bet)
Seat 2: hypax (button) folded before Flop (didn't bet)
Seat 3: Lorpugo (small blind) folded on the Flop
Seat 4: Sotiris000 (big blind) folded before Flop
Seat 5: kahzura folded before Flop (didn't bet)
Seat 6: Emag fo Dog collected ($0.14)



PokerStars Hand #241324055112:  Hold'em No Limit ($0.01/$0.02 USD) - 2023/01/22 13:57:02 ET
Table 'Repsolda' 6-max Seat #3 is the button
Seat 1: Stefan-Key ($1.21 in chips) 
Seat 2: hypax ($2.95 in chips) 
Seat 3: Lorpugo ($1.92 in chips) 
Seat 4: Sotiris000 ($3.24 in chips) 
Seat 5: kahzura ($2.14 in chips) 
Seat 6: Emag fo Dog ($4.17 in chips) 
Sotiris000: posts small blind $0.01
kahzura: posts big blind $0.02
*** HOLE CARDS ***
Dealt to Lorpugo [Qc Td]
Emag fo Dog: raises $0.04 to $0.06
Stefan-Key: folds 
hypax: folds 
Lorpugo: folds 
Sotiris000: folds 
kahzura: folds 
Uncalled bet ($0.04) returned to Emag fo Dog
Emag fo Dog collected $0.05 from pot
Emag fo Dog: doesn't show hand 
*** SUMMARY ***
Total pot $0.05 | Rake $0 
Seat 1: Stefan-Key folded before Flop (didn't bet)
Seat 2: hypax folded before Flop (didn't bet)
Seat 3: Lorpugo (button) folded before Flop (didn't bet)
Seat 4: Sotiris000 (small blind) folded before Flop
Seat 5: kahzura (big blind) folded before Flop
Seat 6: Emag fo Dog collected ($0.05)



PokerStars Hand #241324061152:  Hold'em No Limit ($0.01/$0.02 USD) - 2023/01/22 13:57:23 ET
Table 'Repsolda' 6-max Seat #4 is the button
Seat 1: Stefan-Key ($1.21 in chips) 
Seat 2: hypax ($2.95 in chips) 
Seat 3: Lorpugo ($1.92 in chips) 
Seat 4: Sotiris000 ($3.23 in chips) 
Seat 5: kahzura ($2.12 in chips) 
Seat 6: Emag fo Dog ($4.20 in chips) 
kahzura: posts small blind $0.01
Emag fo Dog: posts big blind $0.02
*** HOLE CARDS ***
Dealt to Lorpugo [9d 7c]
Stefan-Key: calls $0.02
hypax: raises $0.06 to $0.08
Lorpugo: folds 
Sotiris000: folds 
kahzura: raises $0.24 to $0.32
Emag fo Dog: folds 
Stefan-Key: folds 
hypax: folds 
Uncalled bet ($0.24) returned to kahzura
Stefan-Key leaves the table
kahzura collected $0.20 from pot
kahzura: doesn't show hand 
*** SUMMARY ***
Total pot $0.20 | Rake $0 
Seat 1: Stefan-Key folded before Flop
Seat 2: hypax folded before Flop
Seat 3: Lorpugo folded before Flop (didn't bet)
Seat 4: Sotiris000 (button) folded before Flop (didn't bet)
Seat 5: kahzura (small blind) collected ($0.20)
Seat 6: Emag fo Dog (big blind) folded before Flop



PokerStars Hand #241324074279:  Hold'em No Limit ($0.01/$0.02 USD) - 2023/01/22 13:58:07 ET
Table 'Repsolda' 6-max Seat #5 is the button
Seat 2: hypax ($2.87 in chips) 
Seat 3: Lorpugo ($1.92 in chips) 
Seat 4: Sotiris000 ($3.23 in chips) 
Seat 5: kahzura ($2.24 in chips) 
Seat 6: Emag fo Dog ($4.18 in chips) 
Emag fo Dog: posts small blind $0.01
hypax: posts big blind $0.02
*** HOLE CARDS ***
Dealt to Lorpugo [Js 2d]
Lorpugo: folds 
Sotiris000: folds 
kahzura: folds 
Emag fo Dog: folds 
Uncalled bet ($0.01) returned to hypax
hypax collected $0.02 from pot
hypax: doesn't show hand 
*** SUMMARY ***
Total pot $0.02 | Rake $0 
Seat 2: hypax (big blind) collected ($0.02)
Seat 3: Lorpugo folded before Flop (didn't bet)
Seat 4: Sotiris000 folded before Flop (didn't bet)
Seat 5: kahzura (button) folded before Flop (didn't bet)
Seat 6: Emag fo Dog (small blind) folded before Flop



PokerStars Hand #241324076887:  Hold'em No Limit ($0.01/$0.02 USD) - 2023/01/22 13:58:16 ET
Table 'Repsolda' 6-max Seat #6 is the button
Seat 2: hypax ($2.88 in chips) 
Seat 3: Lorpugo ($1.92 in chips) 
Seat 4: Sotiris000 ($3.23 in chips) 
Seat 5: kahzura ($2.24 in chips) 
Seat 6: Emag fo Dog ($4.17 in chips) 
hypax: posts small blind $0.01
Lorpugo: posts big blind $0.02
*** HOLE CARDS ***
Dealt to Lorpugo [5s Jd]
Sotiris000: folds 
kahzura: folds 
Emag fo Dog: folds 
hypax: folds 
Uncalled bet ($0.01) returned to Lorpugo
Lorpugo collected $0.02 from pot
Lorpugo: doesn't show hand 
*** SUMMARY ***
Total pot $0.02 | Rake $0 
Seat 2: hypax (small blind) folded before Flop
Seat 3: Lorpugo (big blind) collected ($0.02)
Seat 4: Sotiris000 folded before Flop (didn't bet)
Seat 5: kahzura folded before Flop (didn't bet)
Seat 6: Emag fo Dog (button) folded before Flop (didn't bet)



PokerStars Hand #241324080615:  Hold'em No Limit ($0.01/$0.02 USD) - 2023/01/22 13:58:29 ET
Table 'Repsolda' 6-max Seat #2 is the button
Seat 2: hypax ($2.87 in chips) 
Seat 3: Lorpugo ($1.93 in chips) 
Seat 4: Sotiris000 ($3.23 in chips) 
Seat 5: kahzura ($2.24 in chips) 
Seat 6: Emag fo Dog ($4.17 in chips) 
Lorpugo: posts small blind $0.01
Sotiris000: posts big blind $0.02
*** HOLE CARDS ***
Dealt to Lorpugo [7c Qc]
kahzura: folds 
Emag fo Dog: raises $0.04 to $0.06
Franx 149 joins the table at seat #1 
hypax: folds 
Lorpugo: folds 
Sotiris000: folds 
Uncalled bet ($0.04) returned to Emag fo Dog
Emag fo Dog collected $0.05 from pot
Emag fo Dog: doesn't show hand 
*** SUMMARY ***
Total pot $0.05 | Rake $0 
Seat 2: hypax (button) folded before Flop (didn't bet)
Seat 3: Lorpugo (small blind) folded before Flop
Seat 4: Sotiris000 (big blind) folded before Flop
Seat 5: kahzura folded before Flop (didn't bet)
Seat 6: Emag fo Dog collected ($0.05)



PokerStars Hand #241324087909:  Hold'em No Limit ($0.01/$0.02 USD) - 2023/01/22 13:58:53 ET
Table 'Repsolda' 6-max Seat #3 is the button
Seat 2: hypax ($2.87 in chips) 
Seat 3: Lorpugo ($1.92 in chips) 
Seat 4: Sotiris000 ($3.21 in chips) 
Seat 5: kahzura ($2.24 in chips) 
Seat 6: Emag fo Dog ($4.20 in chips) 
Sotiris000: posts small blind $0.01
kahzura: posts big blind $0.02
*** HOLE CARDS ***
Dealt to Lorpugo [Kh Ah]
Emag fo Dog: folds 
hypax: folds 
Lorpugo: raises $0.03 to $0.05
Sotiris000: folds 
kahzura: folds 
Uncalled bet ($0.03) returned to Lorpugo
Lorpugo collected $0.05 from pot
Lorpugo: doesn't show hand 
*** SUMMARY ***
Total pot $0.05 | Rake $0 
Seat 2: hypax folded before Flop (didn't bet)
Seat 3: Lorpugo (button) collected ($0.05)
Seat 4: Sotiris000 (small blind) folded before Flop
Seat 5: kahzura (big blind) folded before Flop
Seat 6: Emag fo Dog folded before Flop (didn't bet)



PokerStars Hand #241324096601:  Hold'em No Limit ($0.01/$0.02 USD) - 2023/01/22 13:59:22 ET
Table 'Repsolda' 6-max Seat #4 is the button
Seat 2: hypax ($2.87 in chips) 
Seat 3: Lorpugo ($1.95 in chips) 
Seat 4: Sotiris000 ($3.20 in chips) 
Seat 5: kahzura ($2.22 in chips) 
Seat 6: Emag fo Dog ($4.20 in chips) 
kahzura: posts small blind $0.01
Emag fo Dog: posts big blind $0.02
*** HOLE CARDS ***
Dealt to Lorpugo [Kd Tc]
hypax: raises $0.04 to $0.06
Lorpugo: folds 
Sotiris000: folds 
kahzura: folds 
Emag fo Dog: calls $0.04
*** FLOP *** [Js 9h 8h]
Emag fo Dog: bets $0.02
hypax: raises $0.12 to $0.14
Emag fo Dog: folds 
Uncalled bet ($0.12) returned to hypax
hypax collected $0.16 from pot
hypax: doesn't show hand 
*** SUMMARY ***
Total pot $0.17 | Rake $0.01 
Board [Js 9h 8h]
Seat 2: hypax collected ($0.16)
Seat 3: Lorpugo folded before Flop (didn't bet)
Seat 4: Sotiris000 (button) folded before Flop (didn't bet)
Seat 5: kahzura (small blind) folded before Flop
Seat 6: Emag fo Dog (big blind) folded on the Flop



PokerStars Hand #241324104359:  Hold'em No Limit ($0.01/$0.02 USD) - 2023/01/22 13:59:48 ET
Table 'Repsolda' 6-max Seat #5 is the button
Seat 1: Franx 149 ($2 in chips) 
Seat 2: hypax ($2.95 in chips) 
Seat 3: Lorpugo ($1.95 in chips) 
Seat 4: Sotiris000 ($3.20 in chips) 
Seat 5: kahzura ($2.21 in chips) 
Seat 6: Emag fo Dog ($4.12 in chips) 
Emag fo Dog: posts small blind $0.01
Franx 149: posts big blind $0.02
*** HOLE CARDS ***
Dealt to Lorpugo [8c Ah]
hypax: folds 
Lorpugo: raises $0.03 to $0.05
Sotiris000: folds 
kahzura: folds 
Emag fo Dog: folds 
Franx 149: folds 
Uncalled bet ($0.03) returned to Lorpugo
Lorpugo collected $0.05 from pot
Lorpugo: doesn't show hand 
*** SUMMARY ***
Total pot $0.05 | Rake $0 
Seat 1: Franx 149 (big blind) folded before Flop
Seat 2: hypax folded before Flop (didn't bet)
Seat 3: Lorpugo collected ($0.05)
Seat 4: Sotiris000 folded before Flop (didn't bet)
Seat 5: kahzura (button) folded before Flop (didn't bet)
Seat 6: Emag fo Dog (small blind) folded before Flop



PokerStars Hand #241324109861:  Hold'em No Limit ($0.01/$0.02 USD) - 2023/01/22 14:00:07 ET
Table 'Repsolda' 6-max Seat #6 is the button
Seat 1: Franx 149 ($1.98 in chips) 
Seat 2: hypax ($2.95 in chips) 
Seat 3: Lorpugo ($1.98 in chips) 
Seat 4: Sotiris000 ($3.20 in chips) 
Seat 5: kahzura ($2.21 in chips) 
Seat 6: Emag fo Dog ($4.11 in chips) 
Franx 149: posts small blind $0.01
hypax: posts big blind $0.02
*** HOLE CARDS ***
Dealt to Lorpugo [Kc 9d]
Lorpugo: folds 
Sotiris000: folds 
kahzura: folds 
Emag fo Dog: folds 
Franx 149: folds 
Uncalled bet ($0.01) returned to hypax
hypax collected $0.02 from pot
hypax: doesn't show hand 
*** SUMMARY ***
Total pot $0.02 | Rake $0 
Seat 1: Franx 149 (small blind) folded before Flop
Seat 2: hypax (big blind) collected ($0.02)
Seat 3: Lorpugo folded before Flop (didn't bet)
Seat 4: Sotiris000 folded before Flop (didn't bet)
Seat 5: kahzura folded before Flop (didn't bet)
Seat 6: Emag fo Dog (button) folded before Flop (didn't bet)



PokerStars Hand #241324113705:  Hold'em No Limit ($0.01/$0.02 USD) - 2023/01/22 14:00:18 ET
Table 'Repsolda' 6-max Seat #1 is the button
Seat 1: Franx 149 ($1.97 in chips) 
Seat 2: hypax ($2.96 in chips) 
Seat 3: Lorpugo ($1.98 in chips) 
Seat 4: Sotiris000 ($3.20 in chips) 
Seat 5: kahzura ($2.21 in chips) 
Seat 6: Emag fo Dog ($4.11 in chips) 
hypax: posts small blind $0.01
Lorpugo: posts big blind $0.02
*** HOLE CARDS ***
Dealt to Lorpugo [2s 6c]
Sotiris000: folds 
kahzura: raises $0.04 to $0.06
Emag fo Dog: folds 
Franx 149: folds 
hypax: raises $0.10 to $0.16
Lorpugo: folds 
kahzura: calls $0.10
*** FLOP *** [5h 6s 2d]
hypax: checks 
kahzura: checks 
*** TURN *** [5h 6s 2d] [Kd]
hypax: bets $0.16
kahzura: calls $0.16
*** RIVER *** [5h 6s 2d Kd] [4c]
hypax: checks 
kahzura: bets $0.43
hypax: folds 
Uncalled bet ($0.43) returned to kahzura
kahzura collected $0.64 from pot
kahzura: doesn't show hand 
*** SUMMARY ***
Total pot $0.66 | Rake $0.02 
Board [5h 6s 2d Kd 4c]
Seat 1: Franx 149 (button) folded before Flop (didn't bet)
Seat 2: hypax (small blind) folded on the River
Seat 3: Lorpugo (big blind) folded before Flop
Seat 4: Sotiris000 folded before Flop (didn't bet)
Seat 5: kahzura collected ($0.64)
Seat 6: Emag fo Dog folded before Flop (didn't bet)



PokerStars Hand #241324135713:  Hold'em No Limit ($0.01/$0.02 USD) - 2023/01/22 14:01:23 ET
Table 'Repsolda' 6-max Seat #2 is the button
Seat 1: Franx 149 ($1.97 in chips) 
Seat 2: hypax ($2.64 in chips) 
Seat 3: Lorpugo ($1.96 in chips) 
Seat 4: Sotiris000 ($3.20 in chips) 
Seat 5: kahzura ($2.53 in chips) 
Seat 6: Emag fo Dog ($4.11 in chips) 
Lorpugo: posts small blind $0.01
Sotiris000: posts big blind $0.02
*** HOLE CARDS ***
Dealt to Lorpugo [3h Kd]
kahzura: folds 
Emag fo Dog: raises $0.04 to $0.06
Franx 149: folds 
hypax: raises $0.10 to $0.16
Lorpugo: folds 
Sotiris000: folds 
Emag fo Dog: calls $0.10
*** FLOP *** [9h 5s Ah]
Emag fo Dog: bets $0.02
hypax: raises $0.16 to $0.18
Emag fo Dog: folds 
Uncalled bet ($0.16) returned to hypax
hypax collected $0.38 from pot
hypax: doesn't show hand 
*** SUMMARY ***
Total pot $0.39 | Rake $0.01 
Board [9h 5s Ah]
Seat 1: Franx 149 folded before Flop (didn't bet)
Seat 2: hypax (button) collected ($0.38)
Seat 3: Lorpugo (small blind) folded before Flop
Seat 4: Sotiris000 (big blind) folded before Flop
Seat 5: kahzura folded before Flop (didn't bet)
Seat 6: Emag fo Dog folded on the Flop



PokerStars Hand #241324155748:  Hold'em No Limit ($0.01/$0.02 USD) - 2023/01/22 14:02:13 ET
Table 'Repsolda' 6-max Seat #3 is the button
Seat 1: Franx 149 ($1.97 in chips) 
Seat 2: hypax ($2.84 in chips) 
Seat 3: Lorpugo ($1.95 in chips) 
Seat 4: Sotiris000 ($3.18 in chips) 
Seat 5: kahzura ($2.53 in chips) 
Seat 6: Emag fo Dog ($3.93 in chips) 
Sotiris000: posts small blind $0.01
kahzura: posts big blind $0.02
*** HOLE CARDS ***
Dealt to Lorpugo [Qs 7c]
Emag fo Dog: raises $0.04 to $0.06
Franx 149: folds 
hypax: folds 
Lorpugo: folds 
Sotiris000: folds 
kahzura: calls $0.04
*** FLOP *** [Kh 2h 9h]
kahzura: checks 
Emag fo Dog: bets $0.02
kahzura: folds 
Uncalled bet ($0.02) returned to Emag fo Dog
Emag fo Dog collected $0.13 from pot
Emag fo Dog: doesn't show hand 
*** SUMMARY ***
Total pot $0.13 | Rake $0 
Board [Kh 2h 9h]
Seat 1: Franx 149 folded before Flop (didn't bet)
Seat 2: hypax folded before Flop (didn't bet)
Seat 3: Lorpugo (button) folded before Flop (didn't bet)
Seat 4: Sotiris000 (small blind) folded before Flop
Seat 5: kahzura (big blind) folded on the Flop
Seat 6: Emag fo Dog collected ($0.13)



PokerStars Hand #241324166196:  Hold'em No Limit ($0.01/$0.02 USD) - 2023/01/22 14:02:37 ET
Table 'Repsolda' 6-max Seat #4 is the button
Seat 1: Franx 149 ($1.97 in chips) 
Seat 2: hypax ($2.84 in chips) 
Seat 3: Lorpugo ($1.95 in chips) 
Seat 4: Sotiris000 ($3.17 in chips) 
Seat 5: kahzura ($2.47 in chips) 
Seat 6: Emag fo Dog ($4 in chips) 
kahzura: posts small blind $0.01
Emag fo Dog: posts big blind $0.02
*** HOLE CARDS ***
Dealt to Lorpugo [7h 5h]
Franx 149: folds 
hypax: folds 
Lorpugo: raises $0.03 to $0.05
Sotiris000: folds 
kahzura: folds 
Emag fo Dog: folds 
Uncalled bet ($0.03) returned to Lorpugo
Lorpugo collected $0.05 from pot
Lorpugo: doesn't show hand 
*** SUMMARY ***
Total pot $0.05 | Rake $0 
Seat 1: Franx 149 folded before Flop (didn't bet)
Seat 2: hypax folded before Flop (didn't bet)
Seat 3: Lorpugo collected ($0.05)
Seat 4: Sotiris000 (button) folded before Flop (didn't bet)
Seat 5: kahzura (small blind) folded before Flop
Seat 6: Emag fo Dog (big blind) folded before Flop



PokerStars Hand #241324174064:  Hold'em No Limit ($0.01/$0.02 USD) - 2023/01/22 14:02:55 ET
Table 'Repsolda' 6-max Seat #5 is the button
Seat 1: Franx 149 ($1.97 in chips) 
Seat 2: hypax ($2.84 in chips) 
Seat 3: Lorpugo ($1.98 in chips) 
Seat 4: Sotiris000 ($3.17 in chips) 
Seat 5: kahzura ($2.46 in chips) 
Seat 6: Emag fo Dog ($3.98 in chips) 
Emag fo Dog: posts small blind $0.01
Franx 149: posts big blind $0.02
*** HOLE CARDS ***
Dealt to Lorpugo [3h 3s]
hypax: folds 
Lorpugo: raises $0.03 to $0.05
Sotiris000: calls $0.05
kahzura: folds 
Emag fo Dog: folds 
Franx 149: calls $0.03
*** FLOP *** [Ah Jc 7s]
Franx 149: checks 
Lorpugo: checks 
Sotiris000: checks 
*** TURN *** [Ah Jc 7s] [Kh]
Franx 149: checks 
Lorpugo: checks 
Sotiris000: checks 
*** RIVER *** [Ah Jc 7s Kh] [9h]
Franx 149: checks 
Lorpugo: checks 
Sotiris000: checks 
*** SHOW DOWN ***
Franx 149: shows [5h 4h] (a flush, Ace high)
Lorpugo: mucks hand 
Sotiris000: mucks hand 
Franx 149 collected $0.15 from pot
*** SUMMARY ***
Total pot $0.16 | Rake $0.01 
Board [Ah Jc 7s Kh 9h]
Seat 1: Franx 149 (big blind) showed [5h 4h] and won ($0.15) with a flush, Ace high
Seat 2: hypax folded before Flop (didn't bet)
Seat 3: Lorpugo mucked [3h 3s]
Seat 4: Sotiris000 mucked [6d 6h]
Seat 5: kahzura (button) folded before Flop (didn't bet)
Seat 6: Emag fo Dog (small blind) folded before Flop



PokerStars Hand #241324205342:  Hold'em No Limit ($0.01/$0.02 USD) - 2023/01/22 14:04:01 ET
Table 'Repsolda' 6-max Seat #6 is the button
Seat 1: Franx 149 ($2.07 in chips) 
Seat 2: hypax ($2.84 in chips) 
Seat 3: Lorpugo ($1.93 in chips) 
Seat 4: Sotiris000 ($3.12 in chips) 
Seat 5: kahzura ($2.46 in chips) 
Seat 6: Emag fo Dog ($3.97 in chips) 
Franx 149: posts small blind $0.01
hypax: posts big blind $0.02
*** HOLE CARDS ***
Dealt to Lorpugo [Ac 4s]
Lorpugo: raises $0.02 to $0.04
Sotiris000: folds 
kahzura: folds 
Emag fo Dog: folds 
Franx 149: folds 
hypax: raises $0.12 to $0.16
Lorpugo: folds 
Uncalled bet ($0.12) returned to hypax
hypax collected $0.09 from pot
hypax: doesn't show hand 
*** SUMMARY ***
Total pot $0.09 | Rake $0 
Seat 1: Franx 149 (small blind) folded before Flop
Seat 2: hypax (big blind) collected ($0.09)
Seat 3: Lorpugo folded before Flop
Seat 4: Sotiris000 folded before Flop (didn't bet)
Seat 5: kahzura folded before Flop (didn't bet)
Seat 6: Emag fo Dog (button) folded before Flop (didn't bet)



PokerStars Hand #241324216433:  Hold'em No Limit ($0.01/$0.02 USD) - 2023/01/22 14:04:24 ET
Table 'Repsolda' 6-max Seat #1 is the button
Seat 1: Franx 149 ($2.06 in chips) 
Seat 2: hypax ($2.89 in chips) 
Seat 3: Lorpugo ($1.89 in chips) 
Seat 4: Sotiris000 ($3.12 in chips) 
Seat 5: kahzura ($2.46 in chips) 
Seat 6: Emag fo Dog ($3.97 in chips) 
hypax: posts small blind $0.01
Lorpugo: posts big blind $0.02
*** HOLE CARDS ***
Dealt to Lorpugo [6s 2h]
Sotiris000: raises $0.04 to $0.06
kahzura: folds 
Emag fo Dog: folds 
Franx 149: folds 
hypax: folds 
Lorpugo: folds 
Uncalled bet ($0.04) returned to Sotiris000
Sotiris000 collected $0.05 from pot
Sotiris000: doesn't show hand 
*** SUMMARY ***
Total pot $0.05 | Rake $0 
Seat 1: Franx 149 (button) folded before Flop (didn't bet)
Seat 2: hypax (small blind) folded before Flop
Seat 3: Lorpugo (big blind) folded before Flop
Seat 4: Sotiris000 collected ($0.05)
Seat 5: kahzura folded before Flop (didn't bet)
Seat 6: Emag fo Dog folded before Flop (didn't bet)



PokerStars Hand #241324229964:  Hold'em No Limit ($0.01/$0.02 USD) - 2023/01/22 14:04:53 ET
Table 'Repsolda' 6-max Seat #2 is the button
Seat 1: Franx 149 ($2.06 in chips) 
Seat 2: hypax ($2.88 in chips) 
Seat 3: Lorpugo ($1.87 in chips) 
Seat 4: Sotiris000 ($3.15 in chips) 
Seat 5: kahzura ($2.46 in chips) 
Seat 6: Emag fo Dog ($3.97 in chips) 
Lorpugo: posts small blind $0.01
Sotiris000: posts big blind $0.02
*** HOLE CARDS ***
Dealt to Lorpugo [Ad 7d]
kahzura: folds 
Emag fo Dog: raises $0.04 to $0.06
Franx 149: folds 
hypax: folds 
Lorpugo: calls $0.05
Sotiris000: folds 
*** FLOP *** [Qs 6d 9c]
Lorpugo: checks 
Emag fo Dog: bets $0.09
Lorpugo: folds 
Uncalled bet ($0.09) returned to Emag fo Dog
Emag fo Dog collected $0.14 from pot
Emag fo Dog: doesn't show hand 
*** SUMMARY ***
Total pot $0.14 | Rake $0 
Board [Qs 6d 9c]
Seat 1: Franx 149 folded before Flop (didn't bet)
Seat 2: hypax (button) folded before Flop (didn't bet)
Seat 3: Lorpugo (small blind) folded on the Flop
Seat 4: Sotiris000 (big blind) folded before Flop
Seat 5: kahzura folded before Flop (didn't bet)
Seat 6: Emag fo Dog collected ($0.14)



PokerStars Hand #241324243133:  Hold'em No Limit ($0.01/$0.02 USD) - 2023/01/22 14:05:21 ET
Table 'Repsolda' 6-max Seat #3 is the button
Seat 1: Franx 149 ($2.06 in chips) 
Seat 2: hypax ($2.88 in chips) 
Seat 3: Lorpugo ($1.81 in chips) 
Seat 4: Sotiris000 ($3.13 in chips) 
Seat 5: kahzura ($2.46 in chips) 
Seat 6: Emag fo Dog ($4.05 in chips) 
Sotiris000: posts small blind $0.01
kahzura: posts big blind $0.02
*** HOLE CARDS ***
Dealt to Lorpugo [9s 3d]
Emag fo Dog: folds 
Franx 149: calls $0.02
hypax: folds 
Lorpugo: folds 
Sotiris000: folds 
kahzura: checks 
*** FLOP *** [5d 3s 8s]
kahzura: checks 
Franx 149: bets $0.06
kahzura: calls $0.06
*** TURN *** [5d 3s 8s] [Qh]
kahzura: bets $0.14
Franx 149: calls $0.14
*** RIVER *** [5d 3s 8s Qh] [6h]
kahzura: bets $0.33
Franx 149: calls $0.33
*** SHOW DOWN ***
kahzura: shows [8h Qs] (two pair, Queens and Eights)
Franx 149: mucks hand 
kahzura collected $1.07 from pot
*** SUMMARY ***
Total pot $1.11 | Rake $0.04 
Board [5d 3s 8s Qh 6h]
Seat 1: Franx 149 mucked [Ad As]
Seat 2: hypax folded before Flop (didn't bet)
Seat 3: Lorpugo (button) folded before Flop (didn't bet)
Seat 4: Sotiris000 (small blind) folded before Flop
Seat 5: kahzura (big blind) showed [8h Qs] and won ($1.07) with two pair, Queens and Eights
Seat 6: Emag fo Dog folded before Flop (didn't bet)



PokerStars Hand #241324263713:  Hold'em No Limit ($0.01/$0.02 USD) - 2023/01/22 14:06:04 ET
Table 'Repsolda' 6-max Seat #4 is the button
Seat 1: Franx 149 ($1.51 in chips) 
Seat 2: hypax ($2.88 in chips) 
Seat 3: Lorpugo ($1.81 in chips) 
Seat 4: Sotiris000 ($3.12 in chips) 
Seat 5: kahzura ($2.98 in chips) 
Seat 6: Emag fo Dog ($4.05 in chips) 
kahzura: posts small blind $0.01
Emag fo Dog: posts big blind $0.02
*** HOLE CARDS ***
Dealt to Lorpugo [Ad 6s]
Franx 149: calls $0.02
hypax: folds 
Lorpugo: raises $0.02 to $0.04
Sotiris000: raises $0.13 to $0.17
kahzura: folds 
Emag fo Dog: folds 
Franx 149: folds 
Lorpugo: folds 
Uncalled bet ($0.13) returned to Sotiris000
Sotiris000 collected $0.13 from pot
Sotiris000: doesn't show hand 
*** SUMMARY ***
Total pot $0.13 | Rake $0 
Seat 1: Franx 149 folded before Flop
Seat 2: hypax folded before Flop (didn't bet)
Seat 3: Lorpugo folded before Flop
Seat 4: Sotiris000 (button) collected ($0.13)
Seat 5: kahzura (small blind) folded before Flop
Seat 6: Emag fo Dog (big blind) folded before Flop



PokerStars Hand #241324272027:  Hold'em No Limit ($0.01/$0.02 USD) - 2023/01/22 14:06:21 ET
Table 'Repsolda' 6-max Seat #5 is the button
Seat 1: Franx 149 ($1.49 in chips) 
Seat 2: hypax ($2.88 in chips) 
Seat 3: Lorpugo ($1.77 in chips) 
Seat 4: Sotiris000 ($3.21 in chips) 
Seat 5: kahzura ($2.97 in chips) 
Seat 6: Emag fo Dog ($4.03 in chips) 
Emag fo Dog: posts small blind $0.01
Franx 149: posts big blind $0.02
*** HOLE CARDS ***
Dealt to Lorpugo [As 9c]
hypax: folds 
Lorpugo: raises $0.03 to $0.05
Sotiris000: folds 
kahzura: folds 
Emag fo Dog: folds 
Franx 149: folds 
Uncalled bet ($0.03) returned to Lorpugo
Lorpugo collected $0.05 from pot
Lorpugo: doesn't show hand 
*** SUMMARY ***
Total pot $0.05 | Rake $0 
Seat 1: Franx 149 (big blind) folded before Flop
Seat 2: hypax folded before Flop (didn't bet)
Seat 3: Lorpugo collected ($0.05)
Seat 4: Sotiris000 folded before Flop (didn't bet)
Seat 5: kahzura (button) folded before Flop (didn't bet)
Seat 6: Emag fo Dog (small blind) folded before Flop



PokerStars Hand #241324280064:  Hold'em No Limit ($0.01/$0.02 USD) - 2023/01/22 14:06:38 ET
Table 'Repsolda' 6-max Seat #6 is the button
Seat 1: Franx 149 ($1.47 in chips) 
Seat 2: hypax ($2.88 in chips) 
Seat 3: Lorpugo ($1.80 in chips) 
Seat 4: Sotiris000 ($3.21 in chips) 
Seat 5: kahzura ($2.97 in chips) 
Seat 6: Emag fo Dog ($4.02 in chips) 
Franx 149: posts small blind $0.01
hypax: posts big blind $0.02
*** HOLE CARDS ***
Dealt to Lorpugo [Ad Jd]
Lorpugo: raises $0.03 to $0.05
Sotiris000: folds 
kahzura: calls $0.05
Emag fo Dog: calls $0.05
Franx 149: calls $0.04
hypax: calls $0.03
*** FLOP *** [5h 9s Qd]
Franx 149: checks 
hypax: bets $0.16
Lorpugo: folds 
kahzura: calls $0.16
Emag fo Dog: folds 
Franx 149: folds 
*** TURN *** [5h 9s Qd] [Kc]
hypax: checks 
kahzura: checks 
*** RIVER *** [5h 9s Qd Kc] [Kh]
hypax: checks 
kahzura: checks 
*** SHOW DOWN ***
hypax: shows [5d 9d] (two pair, Kings and Nines)
kahzura: shows [Qh Th] (two pair, Kings and Queens)
kahzura collected $0.55 from pot
*** SUMMARY ***
Total pot $0.57 | Rake $0.02 
Board [5h 9s Qd Kc Kh]
Seat 1: Franx 149 (small blind) folded on the Flop
Seat 2: hypax (big blind) showed [5d 9d] and lost with two pair, Kings and Nines
Seat 3: Lorpugo folded on the Flop
Seat 4: Sotiris000 folded before Flop (didn't bet)
Seat 5: kahzura showed [Qh Th] and won ($0.55) with two pair, Kings and Queens
Seat 6: Emag fo Dog (button) folded on the Flop



PokerStars Hand #241324304038:  Hold'em No Limit ($0.01/$0.02 USD) - 2023/01/22 14:07:29 ET
Table 'Repsolda' 6-max Seat #1 is the button
Seat 1: Franx 149 ($1.42 in chips) 
Seat 2: hypax ($2.67 in chips) 
Seat 3: Lorpugo ($1.75 in chips) 
Seat 4: Sotiris000 ($3.21 in chips) 
Seat 5: kahzura ($3.31 in chips) 
Seat 6: Emag fo Dog ($3.97 in chips) 
hypax: posts small blind $0.01
Lorpugo: posts big blind $0.02
*** HOLE CARDS ***
Dealt to Lorpugo [6c Js]
Sotiris000: folds 
kahzura: folds 
Emag fo Dog: raises $0.03 to $0.05
Franx 149: folds 
hypax: folds 
Lorpugo: folds 
Uncalled bet ($0.03) returned to Emag fo Dog
Emag fo Dog collected $0.05 from pot
Emag fo Dog: doesn't show hand 
*** SUMMARY ***
Total pot $0.05 | Rake $0 
Seat 1: Franx 149 (button) folded before Flop (didn't bet)
Seat 2: hypax (small blind) folded before Flop
Seat 3: Lorpugo (big blind) folded before Flop
Seat 4: Sotiris000 folded before Flop (didn't bet)
Seat 5: kahzura folded before Flop (didn't bet)
Seat 6: Emag fo Dog collected ($0.05)



PokerStars Hand #241324313205:  Hold'em No Limit ($0.01/$0.02 USD) - 2023/01/22 14:07:48 ET
Table 'Repsolda' 6-max Seat #2 is the button
Seat 1: Franx 149 ($1.42 in chips) 
Seat 2: hypax ($2.66 in chips) 
Seat 3: Lorpugo ($1.73 in chips) 
Seat 4: Sotiris000 ($3.21 in chips) 
Seat 5: kahzura ($3.31 in chips) 
Seat 6: Emag fo Dog ($4 in chips) 
Lorpugo: posts small blind $0.01
Sotiris000: posts big blind $0.02
*** HOLE CARDS ***
Dealt to Lorpugo [8d 9h]
kahzura: folds 
Emag fo Dog: folds 
Franx 149: folds 
hypax: raises $0.04 to $0.06
Lorpugo: raises $0.14 to $0.20
Sotiris000: folds 
hypax: calls $0.14
*** FLOP *** [5d 2s 7d]
Lorpugo: bets $0.21
hypax: raises $2.25 to $2.46 and is all-in
Lorpugo: calls $1.32 and is all-in
Uncalled bet ($0.93) returned to hypax
*** TURN *** [5d 2s 7d] [7h]
*** RIVER *** [5d 2s 7d 7h] [Ad]
*** SHOW DOWN ***
Lorpugo: shows [8d 9h] (a pair of Sevens)
hypax: shows [8h 8c] (two pair, Eights and Sevens)
hypax collected $3.33 from pot
*** SUMMARY ***
Total pot $3.48 | Rake $0.15 
Board [5d 2s 7d 7h Ad]
Seat 1: Franx 149 folded before Flop (didn't bet)
Seat 2: hypax (button) showed [8h 8c] and won ($3.33) with two pair, Eights and Sevens
Seat 3: Lorpugo (small blind) showed [8d 9h] and lost with a pair of Sevens
Seat 4: Sotiris000 (big blind) folded before Flop
Seat 5: kahzura folded before Flop (didn't bet)
Seat 6: Emag fo Dog folded before Flop (didn't bet)



PokerStars Hand #241324354629:  Hold'em No Limit ($0.01/$0.02 USD) - 2023/01/22 14:09:15 ET
Table 'Repsolda' 6-max Seat #5 is the button
Seat 1: Franx 149 ($1.23 in chips) 
Seat 2: hypax ($4.26 in chips) 
Seat 3: Lorpugo ($1.60 in chips) 
Seat 4: Sotiris000 ($3.19 in chips) 
Seat 5: kahzura ($3.29 in chips) 
Seat 6: Emag fo Dog ($4.20 in chips) 
Emag fo Dog: posts small blind $0.01
Franx 149: posts big blind $0.02
*** HOLE CARDS ***
Dealt to Lorpugo [Qc 3h]
hypax: folds 
Lorpugo: folds 
Sotiris000: folds 
kahzura: folds 
Emag fo Dog: raises $0.03 to $0.05
Franx 149: calls $0.03
*** FLOP *** [Ah 3s Kc]
Emag fo Dog: bets $0.08
Franx 149: folds 
Uncalled bet ($0.08) returned to Emag fo Dog
Emag fo Dog collected $0.10 from pot
Emag fo Dog: doesn't show hand 
*** SUMMARY ***
Total pot $0.10 | Rake $0 
Board [Ah 3s Kc]
Seat 1: Franx 149 (big blind) folded on the Flop
Seat 2: hypax folded before Flop (didn't bet)
Seat 3: Lorpugo folded before Flop (didn't bet)
Seat 4: Sotiris000 folded before Flop (didn't bet)
Seat 5: kahzura (button) folded before Flop (didn't bet)
Seat 6: Emag fo Dog (small blind) collected ($0.10)



PokerStars Hand #241324365116:  Hold'em No Limit ($0.01/$0.02 USD) - 2023/01/22 14:09:37 ET
Table 'Repsolda' 6-max Seat #6 is the button
Seat 1: Franx 149 ($1.18 in chips) 
Seat 2: hypax ($4.26 in chips) 
Seat 3: Lorpugo ($1.60 in chips) 
Seat 4: Sotiris000 ($3.19 in chips) 
Seat 5: kahzura ($3.29 in chips) 
Seat 6: Emag fo Dog ($4.25 in chips) 
Franx 149: posts small blind $0.01
hypax: posts big blind $0.02
*** HOLE CARDS ***
Dealt to Lorpugo [2h 5h]
Lorpugo: folds 
Sotiris000: folds 
kahzura: raises $0.03 to $0.05
Emag fo Dog: raises $0.18 to $0.23
Franx 149: folds 
hypax: folds 
kahzura: raises $3.06 to $3.29 and is all-in
Emag fo Dog: calls $3.06
*** FLOP *** [4d Ts Js]
*** TURN *** [4d Ts Js] [5c]
*** RIVER *** [4d Ts Js 5c] [3d]
*** SHOW DOWN ***
kahzura: shows [Kh Ah] (high card Ace)
Emag fo Dog: shows [Qc Qs] (a pair of Queens)
Emag fo Dog cashed out the hand for $3.40 | Cash Out Fee $0.03
*** SUMMARY ***
Total pot $6.61 | Rake $0.23 
Board [4d Ts Js 5c 3d]
Seat 1: Franx 149 (small blind) folded before Flop
Seat 2: hypax (big blind) folded before Flop
Seat 3: Lorpugo folded before Flop (didn't bet)
Seat 4: Sotiris000 folded before Flop (didn't bet)
Seat 5: kahzura showed [Kh Ah] and lost with high card Ace
Seat 6: Emag fo Dog (button) showed [Qc Qs] and won ($6.38) with a pair of Queens (pot not awarded as player cashed out)



PokerStars Hand #241324385310:  Hold'em No Limit ($0.01/$0.02 USD) - 2023/01/22 14:10:19 ET
Table 'Repsolda' 6-max Seat #1 is the button
Seat 1: Franx 149 ($1.17 in chips) 
Seat 2: hypax ($4.24 in chips) 
Seat 3: Lorpugo ($1.60 in chips) 
Seat 4: Sotiris000 ($3.19 in chips) 
Seat 5: kahzura ($2 in chips) 
Seat 6: Emag fo Dog ($4.36 in chips) 
hypax: posts small blind $0.01
Lorpugo: posts big blind $0.02
*** HOLE CARDS ***
Dealt to Lorpugo [4c Js]
Sotiris000: folds 
kahzura: folds 
Emag fo Dog: folds 
Franx 149: raises $0.04 to $0.06
hypax: calls $0.05
Lorpugo: folds 
*** FLOP *** [Kd Tc Jh]
hypax: checks 
Franx 149: bets $0.05
hypax: calls $0.05
*** TURN *** [Kd Tc Jh] [Ah]
hypax: checks 
Franx 149: bets $0.08
hypax: calls $0.08
*** RIVER *** [Kd Tc Jh Ah] [Kc]
hypax: checks 
Franx 149: checks 
*** SHOW DOWN ***
hypax: shows [Ad 9d] (two pair, Aces and Kings)
Franx 149: shows [9s Ac] (two pair, Aces and Kings)
hypax collected $0.20 from pot
Franx 149 collected $0.19 from pot
*** SUMMARY ***
Total pot $0.40 | Rake $0.01 
Board [Kd Tc Jh Ah Kc]
Seat 1: Franx 149 (button) showed [9s Ac] and won ($0.19) with two pair, Aces and Kings
Seat 2: hypax (small blind) showed [Ad 9d] and won ($0.20) with two pair, Aces and Kings
Seat 3: Lorpugo (big blind) folded before Flop
Seat 4: Sotiris000 folded before Flop (didn't bet)
Seat 5: kahzura folded before Flop (didn't bet)
Seat 6: Emag fo Dog folded before Flop (didn't bet)



PokerStars Hand #241324405022:  Hold'em No Limit ($0.01/$0.02 USD) - 2023/01/22 14:11:00 ET
Table 'Repsolda' 6-max Seat #2 is the button
Seat 1: Franx 149 ($1.17 in chips) 
Seat 2: hypax ($4.25 in chips) 
Seat 3: Lorpugo ($1.58 in chips) 
Seat 4: Sotiris000 ($3.19 in chips) 
Seat 5: kahzura ($2 in chips) 
Seat 6: Emag fo Dog ($4.36 in chips) 
Lorpugo: posts small blind $0.01
Sotiris000: posts big blind $0.02
*** HOLE CARDS ***
Dealt to Lorpugo [Kd Qc]
kahzura: folds 
Emag fo Dog: folds 
Franx 149: raises $0.03 to $0.05
hypax: calls $0.05
Lorpugo: raises $0.17 to $0.22
Sotiris000: folds 
Franx 149: calls $0.17
hypax: folds 
*** FLOP *** [Ah Qd Jd]
Lorpugo: checks 
Franx 149: bets $0.12
Lorpugo: raises $1.24 to $1.36 and is all-in
Franx 149: folds 
Uncalled bet ($1.24) returned to Lorpugo
Lorpugo collected $0.72 from pot
Lorpugo: doesn't show hand 
*** SUMMARY ***
Total pot $0.75 | Rake $0.03 
Board [Ah Qd Jd]
Seat 1: Franx 149 folded on the Flop
Seat 2: hypax (button) folded before Flop
Seat 3: Lorpugo (small blind) collected ($0.72)
Seat 4: Sotiris000 (big blind) folded before Flop
Seat 5: kahzura folded before Flop (didn't bet)
Seat 6: Emag fo Dog folded before Flop (didn't bet)



PokerStars Hand #241324420636:  Hold'em No Limit ($0.01/$0.02 USD) - 2023/01/22 14:11:33 ET
Table 'Repsolda' 6-max Seat #3 is the button
Seat 1: Franx 149 ($0.83 in chips) 
Seat 2: hypax ($4.20 in chips) 
Seat 3: Lorpugo ($1.96 in chips) 
Seat 4: Sotiris000 ($3.17 in chips) 
Seat 5: kahzura ($2 in chips) 
Seat 6: Emag fo Dog ($4.36 in chips) 
Sotiris000: posts small blind $0.01
kahzura: posts big blind $0.02
*** HOLE CARDS ***
Dealt to Lorpugo [5h Jc]
Emag fo Dog: raises $0.04 to $0.06
Franx 149: folds 
hypax: folds 
Lorpugo: folds 
Sotiris000: folds 
kahzura: folds 
Uncalled bet ($0.04) returned to Emag fo Dog
Emag fo Dog collected $0.05 from pot
Emag fo Dog: doesn't show hand 
*** SUMMARY ***
Total pot $0.05 | Rake $0 
Seat 1: Franx 149 folded before Flop (didn't bet)
Seat 2: hypax folded before Flop (didn't bet)
Seat 3: Lorpugo (button) folded before Flop (didn't bet)
Seat 4: Sotiris000 (small blind) folded before Flop
Seat 5: kahzura (big blind) folded before Flop
Seat 6: Emag fo Dog collected ($0.05)



PokerStars Hand #241324429341:  Hold'em No Limit ($0.01/$0.02 USD) - 2023/01/22 14:11:51 ET
Table 'Repsolda' 6-max Seat #4 is the button
Seat 1: Franx 149 ($0.83 in chips) 
Seat 2: hypax ($4.20 in chips) 
Seat 3: Lorpugo ($1.96 in chips) 
Seat 4: Sotiris000 ($3.16 in chips) 
Seat 5: kahzura ($2 in chips) 
Seat 6: Emag fo Dog ($4.39 in chips) 
kahzura: posts small blind $0.01
Emag fo Dog: posts big blind $0.02
*** HOLE CARDS ***
Dealt to Lorpugo [5d Ac]
Franx 149: folds 
hypax: raises $0.04 to $0.06
Lorpugo: folds 
Sotiris000: folds 
kahzura: folds 
Emag fo Dog: folds 
Uncalled bet ($0.04) returned to hypax
hypax collected $0.05 from pot
hypax: doesn't show hand 
*** SUMMARY ***
Total pot $0.05 | Rake $0 
Seat 1: Franx 149 folded before Flop (didn't bet)
Seat 2: hypax collected ($0.05)
Seat 3: Lorpugo folded before Flop (didn't bet)
Seat 4: Sotiris000 (button) folded before Flop (didn't bet)
Seat 5: kahzura (small blind) folded before Flop
Seat 6: Emag fo Dog (big blind) folded before Flop



PokerStars Hand #241324437980:  Hold'em No Limit ($0.01/$0.02 USD) - 2023/01/22 14:12:09 ET
Table 'Repsolda' 6-max Seat #5 is the button
Seat 1: Franx 149 ($0.83 in chips) 
Seat 2: hypax ($4.23 in chips) 
Seat 3: Lorpugo ($1.96 in chips) 
Seat 4: Sotiris000 ($3.16 in chips) 
Seat 5: kahzura ($2 in chips) 
Seat 6: Emag fo Dog ($4.37 in chips) 
Emag fo Dog: posts small blind $0.01
Franx 149: posts big blind $0.02
*** HOLE CARDS ***
Dealt to Lorpugo [Ac 7s]
hypax: raises $0.04 to $0.06
Lorpugo: folds 
Sotiris000: raises $0.11 to $0.17
kahzura: folds 
Emag fo Dog: folds 
Franx 149: folds 
hypax: calls $0.11
*** FLOP *** [Kc Qc 6c]
hypax: checks 
Sotiris000: bets $0.11
hypax: calls $0.11
*** TURN *** [Kc Qc 6c] [2s]
hypax: checks 
Sotiris000: checks 
*** RIVER *** [Kc Qc 6c 2s] [2h]
hypax: bets $0.14
Sotiris000: calls $0.14
*** SHOW DOWN ***
hypax: shows [Th Tc] (two pair, Tens and Deuces)
Sotiris000: shows [Ad Kd] (two pair, Kings and Deuces)
Sotiris000 collected $0.84 from pot
*** SUMMARY ***
Total pot $0.87 | Rake $0.03 
Board [Kc Qc 6c 2s 2h]
Seat 1: Franx 149 (big blind) folded before Flop
Seat 2: hypax showed [Th Tc] and lost with two pair, Tens and Deuces
Seat 3: Lorpugo folded before Flop (didn't bet)
Seat 4: Sotiris000 showed [Ad Kd] and won ($0.84) with two pair, Kings and Deuces
Seat 5: kahzura (button) folded before Flop (didn't bet)
Seat 6: Emag fo Dog (small blind) folded before Flop



PokerStars Hand #241324462658:  Hold'em No Limit ($0.01/$0.02 USD) - 2023/01/22 14:13:01 ET
Table 'Repsolda' 6-max Seat #6 is the button
Seat 1: Franx 149 ($0.81 in chips) 
Seat 2: hypax ($3.81 in chips) 
Seat 3: Lorpugo ($1.96 in chips) 
Seat 4: Sotiris000 ($3.58 in chips) 
Seat 5: kahzura ($2 in chips) 
Seat 6: Emag fo Dog ($4.36 in chips) 
Franx 149: posts small blind $0.01
hypax: posts big blind $0.02
*** HOLE CARDS ***
Dealt to Lorpugo [9c 5d]
Lorpugo: folds 
Sotiris000: folds 
kahzura: folds 
Emag fo Dog: raises $0.03 to $0.05
Franx 149: calls $0.04
hypax: calls $0.03
*** FLOP *** [Jd Qd Js]
Franx 149: checks 
hypax: checks 
Emag fo Dog: checks 
*** TURN *** [Jd Qd Js] [7c]
Franx 149: checks 
hypax: checks 
Emag fo Dog: checks 
*** RIVER *** [Jd Qd Js 7c] [6c]
Franx 149: checks 
hypax: checks 
Emag fo Dog: checks 
*** SHOW DOWN ***
Franx 149: shows [Tc 9d] (a pair of Jacks)
hypax: shows [6s 9s] (two pair, Jacks and Sixes)
Emag fo Dog: shows [4h 6h] (two pair, Jacks and Sixes)
hypax collected $0.07 from pot
Emag fo Dog collected $0.07 from pot
*** SUMMARY ***
Total pot $0.15 | Rake $0.01 
Board [Jd Qd Js 7c 6c]
Seat 1: Franx 149 (small blind) showed [Tc 9d] and lost with a pair of Jacks
Seat 2: hypax (big blind) showed [6s 9s] and won ($0.07) with two pair, Jacks and Sixes
Seat 3: Lorpugo folded before Flop (didn't bet)
Seat 4: Sotiris000 folded before Flop (didn't bet)
Seat 5: kahzura folded before Flop (didn't bet)
Seat 6: Emag fo Dog (button) showed [4h 6h] and won ($0.07) with two pair, Jacks and Sixes



PokerStars Hand #241324484394:  Hold'em No Limit ($0.01/$0.02 USD) - 2023/01/22 14:13:46 ET
Table 'Repsolda' 6-max Seat #1 is the button
Seat 1: Franx 149 ($0.76 in chips) 
Seat 2: hypax ($3.83 in chips) 
Seat 3: Lorpugo ($1.96 in chips) 
Seat 4: Sotiris000 ($3.58 in chips) 
Seat 5: kahzura ($2 in chips) 
Seat 6: Emag fo Dog ($4.38 in chips) 
hypax: posts small blind $0.01
Lorpugo: posts big blind $0.02
*** HOLE CARDS ***
Dealt to Lorpugo [8s 4c]
Sotiris000: folds 
kahzura: raises $0.04 to $0.06
Emag fo Dog: folds 
Franx 149: folds 
hypax: folds 
Lorpugo: folds 
Uncalled bet ($0.04) returned to kahzura
kahzura collected $0.05 from pot
kahzura: doesn't show hand 
*** SUMMARY ***
Total pot $0.05 | Rake $0 
Seat 1: Franx 149 (button) folded before Flop (didn't bet)
Seat 2: hypax (small blind) folded before Flop
Seat 3: Lorpugo (big blind) folded before Flop
Seat 4: Sotiris000 folded before Flop (didn't bet)
Seat 5: kahzura collected ($0.05)
Seat 6: Emag fo Dog folded before Flop (didn't bet)



PokerStars Hand #241324491855:  Hold'em No Limit ($0.01/$0.02 USD) - 2023/01/22 14:14:02 ET
Table 'Repsolda' 6-max Seat #2 is the button
Seat 1: Franx 149 ($0.76 in chips) 
Seat 2: hypax ($3.82 in chips) 
Seat 3: Lorpugo ($1.94 in chips) 
Seat 4: Sotiris000 ($3.58 in chips) 
Seat 5: kahzura ($2.03 in chips) 
Seat 6: Emag fo Dog ($4.38 in chips) 
Lorpugo: posts small blind $0.01
Sotiris000: posts big blind $0.02
*** HOLE CARDS ***
Dealt to Lorpugo [Th 4h]
kahzura: raises $0.04 to $0.06
Emag fo Dog: calls $0.06
Franx 149: folds 
hypax: raises $0.18 to $0.24
Lorpugo: folds 
Sotiris000: folds 
kahzura: calls $0.18
Emag fo Dog: folds 
*** FLOP *** [8d 6d 4d]
kahzura: checks 
hypax: bets $0.28
kahzura: folds 
Uncalled bet ($0.28) returned to hypax
hypax collected $0.55 from pot
hypax: doesn't show hand 
*** SUMMARY ***
Total pot $0.57 | Rake $0.02 
Board [8d 6d 4d]
Seat 1: Franx 149 folded before Flop (didn't bet)
Seat 2: hypax (button) collected ($0.55)
Seat 3: Lorpugo (small blind) folded before Flop
Seat 4: Sotiris000 (big blind) folded before Flop
Seat 5: kahzura folded on the Flop
Seat 6: Emag fo Dog folded before Flop



PokerStars Hand #241324507347:  Hold'em No Limit ($0.01/$0.02 USD) - 2023/01/22 14:14:34 ET
Table 'Repsolda' 6-max Seat #3 is the button
Seat 1: Franx 149 ($0.76 in chips) 
Seat 2: hypax ($4.13 in chips) 
Seat 3: Lorpugo ($1.93 in chips) 
Seat 4: Sotiris000 ($3.56 in chips) 
Seat 6: Emag fo Dog ($4.32 in chips) 
Sotiris000: posts small blind $0.01
Emag fo Dog: posts big blind $0.02
*** HOLE CARDS ***
Dealt to Lorpugo [4s 3d]
kahzura leaves the table
Franx 149: folds 
hypax: folds 
rosbel_poker joins the table at seat #5 
Lorpugo: folds 
Sotiris000: folds 
Uncalled bet ($0.01) returned to Emag fo Dog
Emag fo Dog collected $0.02 from pot
Emag fo Dog: doesn't show hand 
*** SUMMARY ***
Total pot $0.02 | Rake $0 
Seat 1: Franx 149 folded before Flop (didn't bet)
Seat 2: hypax folded before Flop (didn't bet)
Seat 3: Lorpugo (button) folded before Flop (didn't bet)
Seat 4: Sotiris000 (small blind) folded before Flop
Seat 6: Emag fo Dog (big blind) collected ($0.02)



PokerStars Hand #241324516377:  Hold'em No Limit ($0.01/$0.02 USD) - 2023/01/22 14:14:52 ET
Table 'Repsolda' 6-max Seat #4 is the button
Seat 1: Franx 149 ($0.76 in chips) 
Seat 2: hypax ($4.13 in chips) 
Seat 3: Lorpugo ($1.93 in chips) 
Seat 4: Sotiris000 ($3.55 in chips) 
Seat 6: Emag fo Dog ($4.33 in chips) 
Emag fo Dog: posts small blind $0.01
Franx 149: posts big blind $0.02
*** HOLE CARDS ***
Dealt to Lorpugo [5h Qd]
hypax: folds 
Lorpugo: folds 
Sotiris000: raises $0.02 to $0.04
Emag fo Dog: folds 
Franx 149: calls $0.02
*** FLOP *** [As 2c Ts]
Franx 149: checks 
Sotiris000: bets $0.03
Franx 149: folds 
Uncalled bet ($0.03) returned to Sotiris000
Sotiris000 collected $0.09 from pot
Sotiris000: doesn't show hand 
*** SUMMARY ***
Total pot $0.09 | Rake $0 
Board [As 2c Ts]
Seat 1: Franx 149 (big blind) folded on the Flop
Seat 2: hypax folded before Flop (didn't bet)
Seat 3: Lorpugo folded before Flop (didn't bet)
Seat 4: Sotiris000 (button) collected ($0.09)
Seat 6: Emag fo Dog (small blind) folded before Flop



PokerStars Hand #241324530952:  Hold'em No Limit ($0.01/$0.02 USD) - 2023/01/22 14:15:22 ET
Table 'Repsolda' 6-max Seat #6 is the button
Seat 1: Franx 149 ($0.92 in chips) 
Seat 2: hypax ($4.13 in chips) 
Seat 3: Lorpugo ($1.93 in chips) 
Seat 4: Sotiris000 ($3.60 in chips) 
Seat 6: Emag fo Dog ($4.32 in chips) 
Franx 149: posts small blind $0.01
hypax: posts big blind $0.02
*** HOLE CARDS ***
Dealt to Lorpugo [Kh 8h]
Lorpugo: raises $0.03 to $0.05
Sotiris000: folds 
Emag fo Dog: calls $0.05
Franx 149: folds 
hypax: folds 
*** FLOP *** [Qh 8s 9h]
Lorpugo: bets $0.09
Emag fo Dog: folds 
Uncalled bet ($0.09) returned to Lorpugo
Lorpugo collected $0.13 from pot
Lorpugo: doesn't show hand 
*** SUMMARY ***
Total pot $0.13 | Rake $0 
Board [Qh 8s 9h]
Seat 1: Franx 149 (small blind) folded before Flop
Seat 2: hypax (big blind) folded before Flop
Seat 3: Lorpugo collected ($0.13)
Seat 4: Sotiris000 folded before Flop (didn't bet)
Seat 6: Emag fo Dog (button) folded on the Flop



PokerStars Hand #241324542218:  Hold'em No Limit ($0.01/$0.02 USD) - 2023/01/22 14:15:46 ET
Table 'Repsolda' 6-max Seat #1 is the button
Seat 1: Franx 149 ($0.91 in chips) 
Seat 2: hypax ($4.11 in chips) 
Seat 3: Lorpugo ($2.01 in chips) 
Seat 4: Sotiris000 ($3.60 in chips) 
Seat 6: Emag fo Dog ($4.27 in chips) 
hypax: posts small blind $0.01
Lorpugo: posts big blind $0.02
*** HOLE CARDS ***
Dealt to Lorpugo [6c Qs]
Sotiris000: folds 
Emag fo Dog: raises $0.03 to $0.05
Franx 149: folds 
hypax: folds 
Lorpugo: calls $0.03
*** FLOP *** [5c 2c 8s]
Lorpugo: checks 
Emag fo Dog: bets $0.07
Lorpugo: calls $0.07
*** TURN *** [5c 2c 8s] [3h]
Lorpugo: checks 
Emag fo Dog: bets $0.16
Lorpugo: raises $0.18 to $0.34
Emag fo Dog: calls $0.18
*** RIVER *** [5c 2c 8s 3h] [4h]
Lorpugo: bets $1.55 and is all-in
Emag fo Dog: folds 
Uncalled bet ($1.55) returned to Lorpugo
Lorpugo collected $0.90 from pot
Lorpugo: doesn't show hand 
*** SUMMARY ***
Total pot $0.93 | Rake $0.03 
Board [5c 2c 8s 3h 4h]
Seat 1: Franx 149 (button) folded before Flop (didn't bet)
Seat 2: hypax (small blind) folded before Flop
Seat 3: Lorpugo (big blind) collected ($0.90)
Seat 4: Sotiris000 folded before Flop (didn't bet)
Seat 6: Emag fo Dog folded on the River



PokerStars Hand #241324573346:  Hold'em No Limit ($0.01/$0.02 USD) - 2023/01/22 14:16:50 ET
Table 'Repsolda' 6-max Seat #2 is the button
Seat 1: Franx 149 ($0.91 in chips) 
Seat 2: hypax ($4.10 in chips) 
Seat 3: Lorpugo ($2.45 in chips) 
Seat 4: Sotiris000 ($3.60 in chips) 
Seat 6: Emag fo Dog ($3.81 in chips) 
Lorpugo: posts small blind $0.01
Sotiris000: posts big blind $0.02
*** HOLE CARDS ***
Dealt to Lorpugo [Ad 4h]
Emag fo Dog: folds 
Franx 149: folds 
hypax: folds 
Lorpugo: raises $0.03 to $0.05
Sotiris000: folds 
Uncalled bet ($0.03) returned to Lorpugo
Lorpugo collected $0.04 from pot
Lorpugo: doesn't show hand 
*** SUMMARY ***
Total pot $0.04 | Rake $0 
Seat 1: Franx 149 folded before Flop (didn't bet)
Seat 2: hypax (button) folded before Flop (didn't bet)
Seat 3: Lorpugo (small blind) collected ($0.04)
Seat 4: Sotiris000 (big blind) folded before Flop
Seat 6: Emag fo Dog folded before Flop (didn't bet)



PokerStars Hand #241324581150:  Hold'em No Limit ($0.01/$0.02 USD) - 2023/01/22 14:17:06 ET
Table 'Repsolda' 6-max Seat #3 is the button
Seat 1: Franx 149 ($0.91 in chips) 
Seat 2: hypax ($4.10 in chips) 
Seat 3: Lorpugo ($2.47 in chips) 
Seat 4: Sotiris000 ($3.58 in chips) 
Seat 5: rosbel_poker ($2 in chips) 
Seat 6: Emag fo Dog ($3.81 in chips) 
Sotiris000: posts small blind $0.01
rosbel_poker: posts big blind $0.02
*** HOLE CARDS ***
Dealt to Lorpugo [5d Ks]
Emag fo Dog: raises $0.04 to $0.06
Franx 149: folds 
hypax: folds 
Lorpugo: folds 
Sotiris000: folds 
rosbel_poker: calls $0.04
*** FLOP *** [Jc Qd 2h]
rosbel_poker: checks 
Emag fo Dog: bets $0.02
rosbel_poker: calls $0.02
*** TURN *** [Jc Qd 2h] [7s]
rosbel_poker: checks 
Emag fo Dog: bets $0.10
rosbel_poker: calls $0.10
*** RIVER *** [Jc Qd 2h 7s] [Ad]
rosbel_poker: checks 
Emag fo Dog: checks 
*** SHOW DOWN ***
rosbel_poker: shows [Js 9s] (a pair of Jacks)
Emag fo Dog: shows [Kh Jd] (a pair of Jacks - Ace+King kicker)
Emag fo Dog collected $0.36 from pot
*** SUMMARY ***
Total pot $0.37 | Rake $0.01 
Board [Jc Qd 2h 7s Ad]
Seat 1: Franx 149 folded before Flop (didn't bet)
Seat 2: hypax folded before Flop (didn't bet)
Seat 3: Lorpugo (button) folded before Flop (didn't bet)
Seat 4: Sotiris000 (small blind) folded before Flop
Seat 5: rosbel_poker (big blind) showed [Js 9s] and lost with a pair of Jacks
Seat 6: Emag fo Dog showed [Kh Jd] and won ($0.36) with a pair of Jacks



PokerStars Hand #241324602982:  Hold'em No Limit ($0.01/$0.02 USD) - 2023/01/22 14:17:53 ET
Table 'Repsolda' 6-max Seat #4 is the button
Seat 1: Franx 149 ($0.91 in chips) 
Seat 2: hypax ($4.10 in chips) 
Seat 3: Lorpugo ($2.47 in chips) 
Seat 4: Sotiris000 ($3.57 in chips) 
Seat 5: rosbel_poker ($2 in chips) 
Seat 6: Emag fo Dog ($3.99 in chips) 
rosbel_poker: posts small blind $0.01
Emag fo Dog: posts big blind $0.02
*** HOLE CARDS ***
Dealt to Lorpugo [Ks 9d]
Franx 149: folds 
hypax: raises $0.04 to $0.06
Lorpugo: folds 
Sotiris000: folds 
rosbel_poker: folds 
Emag fo Dog: calls $0.04
*** FLOP *** [Ad 3c 5d]
Emag fo Dog: bets $0.02
hypax: raises $0.08 to $0.10
Emag fo Dog: folds 
Uncalled bet ($0.08) returned to hypax
hypax collected $0.16 from pot
hypax: doesn't show hand 
*** SUMMARY ***
Total pot $0.17 | Rake $0.01 
Board [Ad 3c 5d]
Seat 1: Franx 149 folded before Flop (didn't bet)
Seat 2: hypax collected ($0.16)
Seat 3: Lorpugo folded before Flop (didn't bet)
Seat 4: Sotiris000 (button) folded before Flop (didn't bet)
Seat 5: rosbel_poker (small blind) folded before Flop
Seat 6: Emag fo Dog (big blind) folded on the Flop



PokerStars Hand #241324616924:  Hold'em No Limit ($0.01/$0.02 USD) - 2023/01/22 14:18:22 ET
Table 'Repsolda' 6-max Seat #5 is the button
Seat 1: Franx 149 ($0.91 in chips) 
Seat 2: hypax ($4.18 in chips) 
Seat 3: Lorpugo ($2.47 in chips) 
Seat 4: Sotiris000 ($3.57 in chips) 
Seat 5: rosbel_poker ($2 in chips) 
Seat 6: Emag fo Dog ($3.91 in chips) 
Emag fo Dog: posts small blind $0.01
Franx 149: posts big blind $0.02
*** HOLE CARDS ***
Dealt to Lorpugo [2d 6h]
hypax: raises $0.04 to $0.06
Lorpugo: folds 
Sotiris000: folds 
rosbel_poker: raises $0.10 to $0.16
Emag fo Dog: folds 
Franx 149: folds 
hypax: folds 
Uncalled bet ($0.10) returned to rosbel_poker
rosbel_poker collected $0.15 from pot
rosbel_poker: doesn't show hand 
*** SUMMARY ***
Total pot $0.15 | Rake $0 
Seat 1: Franx 149 (big blind) folded before Flop
Seat 2: hypax folded before Flop
Seat 3: Lorpugo folded before Flop (didn't bet)
Seat 4: Sotiris000 folded before Flop (didn't bet)
Seat 5: rosbel_poker (button) collected ($0.15)
Seat 6: Emag fo Dog (small blind) folded before Flop



PokerStars Hand #241324626240:  Hold'em No Limit ($0.01/$0.02 USD) - 2023/01/22 14:18:42 ET
Table 'Repsolda' 6-max Seat #6 is the button
Seat 1: Franx 149 ($0.89 in chips) 
Seat 3: Lorpugo ($2.47 in chips) 
Seat 4: Sotiris000 ($3.57 in chips) 
Seat 5: rosbel_poker ($2.09 in chips) 
Seat 6: Emag fo Dog ($3.90 in chips) 
Franx 149: posts small blind $0.01
Lorpugo: posts big blind $0.02
*** HOLE CARDS ***
Dealt to Lorpugo [4s 3s]
Sotiris000: folds 
rosbel_poker: folds 
Emag fo Dog: folds 
hypax leaves the table
Franx 149: folds 
Uncalled bet ($0.01) returned to Lorpugo
Lorpugo collected $0.02 from pot
Lorpugo: doesn't show hand 
*** SUMMARY ***
Total pot $0.02 | Rake $0 
Seat 1: Franx 149 (small blind) folded before Flop
Seat 3: Lorpugo (big blind) collected ($0.02)
Seat 4: Sotiris000 folded before Flop (didn't bet)
Seat 5: rosbel_poker folded before Flop (didn't bet)
Seat 6: Emag fo Dog (button) folded before Flop (didn't bet)



PokerStars Hand #241324633678:  Hold'em No Limit ($0.01/$0.02 USD) - 2023/01/22 14:18:57 ET
Table 'Repsolda' 6-max Seat #1 is the button
Seat 1: Franx 149 ($0.88 in chips) 
Seat 3: Lorpugo ($2.48 in chips) 
Seat 4: Sotiris000 ($3.57 in chips) 
Seat 5: rosbel_poker ($2.09 in chips) 
Seat 6: Emag fo Dog ($3.90 in chips) 
Lorpugo: posts small blind $0.01
Sotiris000: posts big blind $0.02
*** HOLE CARDS ***
Dealt to Lorpugo [Qd Qc]
Max_Hen joins the table at seat #2 
rosbel_poker: calls $0.02
Emag fo Dog: calls $0.02
Franx 149: folds 
Lorpugo: raises $0.08 to $0.10
Sotiris000: folds 
rosbel_poker: folds 
Emag fo Dog: calls $0.08
*** FLOP *** [Tc 2s 8c]
Lorpugo: bets $0.18
Emag fo Dog: folds 
Uncalled bet ($0.18) returned to Lorpugo
Lorpugo collected $0.23 from pot
Lorpugo: doesn't show hand 
*** SUMMARY ***
Total pot $0.24 | Rake $0.01 
Board [Tc 2s 8c]
Seat 1: Franx 149 (button) folded before Flop (didn't bet)
Seat 3: Lorpugo (small blind) collected ($0.23)
Seat 4: Sotiris000 (big blind) folded before Flop
Seat 5: rosbel_poker folded before Flop
Seat 6: Emag fo Dog folded on the Flop



PokerStars Hand #241324651714:  Hold'em No Limit ($0.01/$0.02 USD) - 2023/01/22 14:19:35 ET
Table 'Repsolda' 6-max Seat #3 is the button
Seat 1: Franx 149 ($0.88 in chips) 
Seat 2: Max_Hen ($0.80 in chips) 
Seat 3: Lorpugo ($2.61 in chips) 
Seat 4: Sotiris000 ($3.55 in chips) 
Seat 5: rosbel_poker ($2.07 in chips) 
Seat 6: Emag fo Dog ($3.80 in chips) 
Sotiris000: posts small blind $0.01
rosbel_poker: posts big blind $0.02
Max_Hen: posts big blind $0.02
*** HOLE CARDS ***
Dealt to Lorpugo [6h Qh]
Emag fo Dog: folds 
Franx 149: folds 
Max_Hen: checks 
Lorpugo: calls $0.02
Sotiris000: calls $0.01
rosbel_poker: checks 
*** FLOP *** [Jc Jd Qd]
Sotiris000: bets $0.02
rosbel_poker: calls $0.02
Max_Hen: calls $0.02
Lorpugo: calls $0.02
*** TURN *** [Jc Jd Qd] [2d]
Sotiris000: checks 
rosbel_poker: checks 
Max_Hen: bets $0.08
Lorpugo: folds 
Sotiris000: folds 
rosbel_poker: calls $0.08
*** RIVER *** [Jc Jd Qd 2d] [3d]
rosbel_poker: checks 
Max_Hen: bets $0.16
rosbel_poker: raises $0.49 to $0.65
Max_Hen: raises $0.03 to $0.68 and is all-in
rosbel_poker: calls $0.03
*** SHOW DOWN ***
Max_Hen: shows [7s 7d] (a flush, Queen high)
rosbel_poker: shows [Qs Jh] (a full house, Jacks full of Queens)
rosbel_poker collected $1.62 from pot
*** SUMMARY ***
Total pot $1.68 | Rake $0.06 
Board [Jc Jd Qd 2d 3d]
Seat 1: Franx 149 folded before Flop (didn't bet)
Seat 2: Max_Hen showed [7s 7d] and lost with a flush, Queen high
Seat 3: Lorpugo (button) folded on the Turn
Seat 4: Sotiris000 (small blind) folded on the Turn
Seat 5: rosbel_poker (big blind) showed [Qs Jh] and won ($1.62) with a full house, Jacks full of Queens
Seat 6: Emag fo Dog folded before Flop (didn't bet)



PokerStars Hand #241324688163:  Hold'em No Limit ($0.01/$0.02 USD) - 2023/01/22 14:20:51 ET
Table 'Repsolda' 6-max Seat #4 is the button
Seat 1: Franx 149 ($0.88 in chips) 
Seat 3: Lorpugo ($2.57 in chips) 
Seat 4: Sotiris000 ($3.51 in chips) 
Seat 5: rosbel_poker ($2.89 in chips) 
Seat 6: Emag fo Dog ($3.80 in chips) 
rosbel_poker: posts small blind $0.01
Emag fo Dog: posts big blind $0.02
*** HOLE CARDS ***
Dealt to Lorpugo [Qh Ts]
Max_Hen leaves the table
Franx 149: folds 
Lorpugo: raises $0.03 to $0.05
Andry00701 joins the table at seat #2 
Sotiris000: raises $0.11 to $0.16
rosbel_poker: folds 
Emag fo Dog: folds 
Lorpugo: folds 
Uncalled bet ($0.11) returned to Sotiris000
Sotiris000 collected $0.13 from pot
Sotiris000: doesn't show hand 
*** SUMMARY ***
Total pot $0.13 | Rake $0 
Seat 1: Franx 149 folded before Flop (didn't bet)
Seat 3: Lorpugo folded before Flop
Seat 4: Sotiris000 (button) collected ($0.13)
Seat 5: rosbel_poker (small blind) folded before Flop
Seat 6: Emag fo Dog (big blind) folded before Flop



PokerStars Hand #241324699861:  Hold'em No Limit ($0.01/$0.02 USD) - 2023/01/22 14:21:16 ET
Table 'Repsolda' 6-max Seat #5 is the button
Seat 1: Franx 149 ($0.88 in chips) 
Seat 3: Lorpugo ($2.52 in chips) 
Seat 4: Sotiris000 ($3.59 in chips) 
Seat 5: rosbel_poker ($2.88 in chips) 
Seat 6: Emag fo Dog ($3.78 in chips) 
Emag fo Dog: posts small blind $0.01
Franx 149: posts big blind $0.02
*** HOLE CARDS ***
Dealt to Lorpugo [3c Ac]
Lorpugo: raises $0.03 to $0.05
Sotiris000: folds 
rosbel_poker: folds 
Emag fo Dog: folds 
Franx 149: folds 
Uncalled bet ($0.03) returned to Lorpugo
Lorpugo collected $0.05 from pot
Lorpugo: doesn't show hand 
*** SUMMARY ***
Total pot $0.05 | Rake $0 
Seat 1: Franx 149 (big blind) folded before Flop
Seat 3: Lorpugo collected ($0.05)
Seat 4: Sotiris000 folded before Flop (didn't bet)
Seat 5: rosbel_poker (button) folded before Flop (didn't bet)
Seat 6: Emag fo Dog (small blind) folded before Flop



PokerStars Hand #241324708093:  Hold'em No Limit ($0.01/$0.02 USD) - 2023/01/22 14:21:33 ET
Table 'Repsolda' 6-max Seat #6 is the button
Seat 1: Franx 149 ($0.86 in chips) 
Seat 2: Andry00701 ($2 in chips) 
Seat 3: Lorpugo ($2.55 in chips) 
Seat 4: Sotiris000 ($3.59 in chips) 
Seat 5: rosbel_poker ($2.88 in chips) 
Seat 6: Emag fo Dog ($3.77 in chips) 
Franx 149: posts small blind $0.01
Andry00701: posts big blind $0.02
*** HOLE CARDS ***
Dealt to Lorpugo [8s 6s]
Lorpugo: raises $0.02 to $0.04
Sotiris000: folds 
rosbel_poker: folds 
Emag fo Dog: calls $0.04
Franx 149: raises $0.22 to $0.26
Andry00701: folds 
Lorpugo: folds 
Emag fo Dog: folds 
Uncalled bet ($0.22) returned to Franx 149
Franx 149 collected $0.14 from pot
Franx 149: doesn't show hand 
*** SUMMARY ***
Total pot $0.14 | Rake $0 
Seat 1: Franx 149 (small blind) collected ($0.14)
Seat 2: Andry00701 (big blind) folded before Flop
Seat 3: Lorpugo folded before Flop
Seat 4: Sotiris000 folded before Flop (didn't bet)
Seat 5: rosbel_poker folded before Flop (didn't bet)
Seat 6: Emag fo Dog (button) folded before Flop



PokerStars Hand #241324723137:  Hold'em No Limit ($0.01/$0.02 USD) - 2023/01/22 14:22:04 ET
Table 'Repsolda' 6-max Seat #1 is the button
Seat 1: Franx 149 ($0.96 in chips) 
Seat 2: Andry00701 ($1.98 in chips) 
Seat 3: Lorpugo ($2.51 in chips) 
Seat 4: Sotiris000 ($3.59 in chips) 
Seat 5: rosbel_poker ($2.88 in chips) 
Seat 6: Emag fo Dog ($3.73 in chips) 
Andry00701: posts small blind $0.01
Lorpugo: posts big blind $0.02
*** HOLE CARDS ***
Dealt to Lorpugo [4s 9c]
Sotiris000: folds 
rosbel_poker: folds 
Emag fo Dog: raises $0.03 to $0.05
Franx 149: raises $0.17 to $0.22
Andry00701: folds 
Lorpugo: folds 
Emag fo Dog: raises $3.51 to $3.73 and is all-in
Franx 149: calls $0.74 and is all-in
Uncalled bet ($2.77) returned to Emag fo Dog
*** FLOP *** [3h Kh 5s]
*** TURN *** [3h Kh 5s] [Jc]
*** RIVER *** [3h Kh 5s Jc] [Js]
*** SHOW DOWN ***
Emag fo Dog: shows [2d Ac] (a pair of Jacks)
Franx 149: shows [Qd Ah] (a pair of Jacks - Ace+King+Queen kicker)
Franx 149 collected $1.88 from pot
*** SUMMARY ***
Total pot $1.95 | Rake $0.07 
Board [3h Kh 5s Jc Js]
Seat 1: Franx 149 (button) showed [Qd Ah] and won ($1.88) with a pair of Jacks
Seat 2: Andry00701 (small blind) folded before Flop
Seat 3: Lorpugo (big blind) folded before Flop
Seat 4: Sotiris000 folded before Flop (didn't bet)
Seat 5: rosbel_poker folded before Flop (didn't bet)
Seat 6: Emag fo Dog showed [2d Ac] and lost with a pair of Jacks



PokerStars Hand #241324742335:  Hold'em No Limit ($0.01/$0.02 USD) - 2023/01/22 14:22:45 ET
Table 'Repsolda' 6-max Seat #2 is the button
Seat 1: Franx 149 ($1.88 in chips) 
Seat 2: Andry00701 ($1.97 in chips) 
Seat 3: Lorpugo ($2.49 in chips) 
Seat 4: Sotiris000 ($3.59 in chips) 
Seat 5: rosbel_poker ($2.88 in chips) 
Seat 6: Emag fo Dog ($2.77 in chips) 
Lorpugo: posts small blind $0.01
Sotiris000: posts big blind $0.02
*** HOLE CARDS ***
Dealt to Lorpugo [7s 6h]
rosbel_poker: raises $0.03 to $0.05
Emag fo Dog: calls $0.05
Franx 149: folds 
Andry00701: folds 
Lorpugo: calls $0.04
Sotiris000: folds 
*** FLOP *** [3d 4c 9h]
Lorpugo: checks 
rosbel_poker: checks 
Emag fo Dog: bets $0.02
Lorpugo: calls $0.02
rosbel_poker: raises $0.29 to $0.31
Emag fo Dog: folds 
Lorpugo: folds 
Uncalled bet ($0.29) returned to rosbel_poker
rosbel_poker collected $0.22 from pot
rosbel_poker: doesn't show hand 
*** SUMMARY ***
Total pot $0.23 | Rake $0.01 
Board [3d 4c 9h]
Seat 1: Franx 149 folded before Flop (didn't bet)
Seat 2: Andry00701 (button) folded before Flop (didn't bet)
Seat 3: Lorpugo (small blind) folded on the Flop
Seat 4: Sotiris000 (big blind) folded before Flop
Seat 5: rosbel_poker collected ($0.22)
Seat 6: Emag fo Dog folded on the Flop



PokerStars Hand #241324760471:  Hold'em No Limit ($0.01/$0.02 USD) - 2023/01/22 14:23:22 ET
Table 'Repsolda' 6-max Seat #3 is the button
Seat 2: Andry00701 ($1.97 in chips) 
Seat 3: Lorpugo ($2.42 in chips) 
Seat 4: Sotiris000 ($3.57 in chips) 
Seat 5: rosbel_poker ($3.03 in chips) 
Seat 6: Emag fo Dog ($2.70 in chips) 
Sotiris000: posts small blind $0.01
rosbel_poker: posts big blind $0.02
*** HOLE CARDS ***
Dealt to Lorpugo [9h 2d]
Emag fo Dog: folds 
Andry00701: calls $0.02
Lorpugo: folds 
Sotiris000: folds 
rosbel_poker: checks 
*** FLOP *** [3h Td Th]
rosbel_poker: checks 
Andry00701: checks 
*** TURN *** [3h Td Th] [8c]
rosbel_poker: checks 
Andry00701: checks 
*** RIVER *** [3h Td Th 8c] [Qh]
rosbel_poker: checks 
Andry00701: checks 
*** SHOW DOWN ***
rosbel_poker: shows [Qc 6s] (two pair, Queens and Tens)
Andry00701: mucks hand 
rosbel_poker collected $0.05 from pot
*** SUMMARY ***
Total pot $0.05 | Rake $0 
Board [3h Td Th 8c Qh]
Seat 2: Andry00701 mucked [Kd 8d]
Seat 3: Lorpugo (button) folded before Flop (didn't bet)
Seat 4: Sotiris000 (small blind) folded before Flop
Seat 5: rosbel_poker (big blind) showed [Qc 6s] and won ($0.05) with two pair, Queens and Tens
Seat 6: Emag fo Dog folded before Flop (didn't bet)



PokerStars Hand #241324771659:  Hold'em No Limit ($0.01/$0.02 USD) - 2023/01/22 14:23:46 ET
Table 'Repsolda' 6-max Seat #4 is the button
Seat 2: Andry00701 ($1.95 in chips) 
Seat 3: Lorpugo ($2.42 in chips) 
Seat 4: Sotiris000 ($3.56 in chips) 
Seat 5: rosbel_poker ($3.06 in chips) 
Seat 6: Emag fo Dog ($2.70 in chips) 
rosbel_poker: posts small blind $0.01
Emag fo Dog: posts big blind $0.02
*** HOLE CARDS ***
Dealt to Lorpugo [6c 2c]
Andry00701: calls $0.02
Lorpugo: folds 
Sotiris000 has timed out
Sotiris000: folds 
rosbel_poker: calls $0.01
Emag fo Dog: raises $0.21 to $0.23
Andry00701: folds 
rosbel_poker: folds 
Uncalled bet ($0.21) returned to Emag fo Dog
Emag fo Dog collected $0.06 from pot
Emag fo Dog: doesn't show hand 
*** SUMMARY ***
Total pot $0.06 | Rake $0 
Seat 2: Andry00701 folded before Flop
Seat 3: Lorpugo folded before Flop (didn't bet)
Seat 4: Sotiris000 (button) folded before Flop (didn't bet)
Seat 5: rosbel_poker (small blind) folded before Flop
Seat 6: Emag fo Dog (big blind) collected ($0.06)



PokerStars Hand #241324783792:  Hold'em No Limit ($0.01/$0.02 USD) - 2023/01/22 14:24:11 ET
Table 'Repsolda' 6-max Seat #5 is the button
Seat 2: Andry00701 ($1.93 in chips) 
Seat 3: Lorpugo ($2.42 in chips) 
Seat 4: Sotiris000 ($3.56 in chips) 
Seat 5: rosbel_poker ($3.04 in chips) 
Seat 6: Emag fo Dog ($2.74 in chips) 
Emag fo Dog: posts small blind $0.01
Andry00701: posts big blind $0.02
*** HOLE CARDS ***
Dealt to Lorpugo [Qh 9c]
Lorpugo: folds 
Sotiris000: folds 
rosbel_poker: folds 
Emag fo Dog: raises $0.03 to $0.05
Andry00701: folds 
Uncalled bet ($0.03) returned to Emag fo Dog
Emag fo Dog collected $0.04 from pot
Emag fo Dog: doesn't show hand 
*** SUMMARY ***
Total pot $0.04 | Rake $0 
Seat 2: Andry00701 (big blind) folded before Flop
Seat 3: Lorpugo folded before Flop (didn't bet)
Seat 4: Sotiris000 folded before Flop (didn't bet)
Seat 5: rosbel_poker (button) folded before Flop (didn't bet)
Seat 6: Emag fo Dog (small blind) collected ($0.04)



PokerStars Hand #241324788627:  Hold'em No Limit ($0.01/$0.02 USD) - 2023/01/22 14:24:21 ET
Table 'Repsolda' 6-max Seat #6 is the button
Seat 2: Andry00701 ($1.91 in chips) 
Seat 3: Lorpugo ($2.42 in chips) 
Seat 4: Sotiris000 ($3.56 in chips) 
Seat 5: rosbel_poker ($3.04 in chips) 
Seat 6: Emag fo Dog ($2.76 in chips) 
Andry00701: posts small blind $0.01
Lorpugo: posts big blind $0.02
*** HOLE CARDS ***
Dealt to Lorpugo [2h 6c]
Sotiris000 has timed out
Sotiris000: folds 
rosbel_poker: folds 
Emag fo Dog: folds 
Andry00701: folds 
Uncalled bet ($0.01) returned to Lorpugo
Lorpugo collected $0.02 from pot
Lorpugo: doesn't show hand 
*** SUMMARY ***
Total pot $0.02 | Rake $0 
Seat 2: Andry00701 (small blind) folded before Flop
Seat 3: Lorpugo (big blind) collected ($0.02)
Seat 4: Sotiris000 folded before Flop (didn't bet)
Seat 5: rosbel_poker folded before Flop (didn't bet)
Seat 6: Emag fo Dog (button) folded before Flop (didn't bet)



PokerStars Hand #241324797505:  Hold'em No Limit ($0.01/$0.02 USD) - 2023/01/22 14:24:40 ET
Table 'Repsolda' 6-max Seat #2 is the button
Seat 2: Andry00701 ($1.90 in chips) 
Seat 3: Lorpugo ($2.43 in chips) 
Seat 4: Sotiris000 ($3.56 in chips) 
Seat 5: rosbel_poker ($3.04 in chips) 
Seat 6: Emag fo Dog ($2.76 in chips) 
Lorpugo: posts small blind $0.01
Sotiris000: posts big blind $0.02
*** HOLE CARDS ***
Dealt to Lorpugo [2d Ah]
rosbel_poker: folds 
Emag fo Dog: raises $0.04 to $0.06
Andry00701: folds 
Lorpugo: calls $0.05
Sotiris000: calls $0.04
*** FLOP *** [9s 9c 5h]
Lorpugo: checks 
Sotiris000: checks 
Emag fo Dog: bets $0.11
Lorpugo: folds 
Sotiris000: calls $0.11
*** TURN *** [9s 9c 5h] [8h]
Sotiris000: checks 
Emag fo Dog: bets $0.23
Sotiris000: calls $0.23
*** RIVER *** [9s 9c 5h 8h] [4d]
Sotiris000: checks 
Emag fo Dog: bets $0.39
Sotiris000: calls $0.39
*** SHOW DOWN ***
Emag fo Dog: shows [Th 9h] (three of a kind, Nines)
Sotiris000: mucks hand 
Emag fo Dog collected $1.58 from pot
*** SUMMARY ***
Total pot $1.64 | Rake $0.06 
Board [9s 9c 5h 8h 4d]
Seat 2: Andry00701 (button) folded before Flop (didn't bet)
Seat 3: Lorpugo (small blind) folded on the Flop
Seat 4: Sotiris000 (big blind) mucked [Jh Js]
Seat 5: rosbel_poker folded before Flop (didn't bet)
Seat 6: Emag fo Dog showed [Th 9h] and won ($1.58) with three of a kind, Nines



PokerStars Hand #241324827063:  Hold'em No Limit ($0.01/$0.02 USD) - 2023/01/22 14:25:42 ET
Table 'Repsolda' 6-max Seat #3 is the button
Seat 2: Andry00701 ($1.90 in chips) 
Seat 3: Lorpugo ($2.37 in chips) 
Seat 4: Sotiris000 ($2.77 in chips) 
Seat 5: rosbel_poker ($3.04 in chips) 
Seat 6: Emag fo Dog ($3.55 in chips) 
Sotiris000: posts small blind $0.01
rosbel_poker: posts big blind $0.02
*** HOLE CARDS ***
Dealt to Lorpugo [Td Ah]
Emag fo Dog: folds 
Andry00701: folds 
Lorpugo: raises $0.03 to $0.05
Sotiris000: folds 
rosbel_poker: calls $0.03
*** FLOP *** [Qh 2s 5h]
rosbel_poker: checks 
Lorpugo: bets $0.04
rosbel_poker: folds 
Uncalled bet ($0.04) returned to Lorpugo
Lorpugo collected $0.11 from pot
Lorpugo: doesn't show hand 
*** SUMMARY ***
Total pot $0.11 | Rake $0 
Board [Qh 2s 5h]
Seat 2: Andry00701 folded before Flop (didn't bet)
Seat 3: Lorpugo (button) collected ($0.11)
Seat 4: Sotiris000 (small blind) folded before Flop
Seat 5: rosbel_poker (big blind) folded on the Flop
Seat 6: Emag fo Dog folded before Flop (didn't bet)



PokerStars Hand #241324848057:  Hold'em No Limit ($0.01/$0.02 USD) - 2023/01/22 14:26:26 ET
Table 'Repsolda' 6-max Seat #4 is the button
Seat 2: Andry00701 ($1.90 in chips) 
Seat 3: Lorpugo ($2.43 in chips) 
Seat 4: Sotiris000 ($2.76 in chips) 
Seat 5: rosbel_poker ($2.99 in chips) 
Seat 6: Emag fo Dog ($3.55 in chips) 
rosbel_poker: posts small blind $0.01
Emag fo Dog: posts big blind $0.02
*** HOLE CARDS ***
Dealt to Lorpugo [Jc 9h]
Andry00701: folds 
Lorpugo: raises $0.03 to $0.05
Sotiris000: folds 
rosbel_poker: folds 
Emag fo Dog: folds 
Uncalled bet ($0.03) returned to Lorpugo
Lorpugo collected $0.05 from pot
Lorpugo: doesn't show hand 
*** SUMMARY ***
Total pot $0.05 | Rake $0 
Seat 2: Andry00701 folded before Flop (didn't bet)
Seat 3: Lorpugo collected ($0.05)
Seat 4: Sotiris000 (button) folded before Flop (didn't bet)
Seat 5: rosbel_poker (small blind) folded before Flop
Seat 6: Emag fo Dog (big blind) folded before Flop



PokerStars Hand #241324855607:  Hold'em No Limit ($0.01/$0.02 USD) - 2023/01/22 14:26:42 ET
Table 'Repsolda' 6-max Seat #5 is the button
Seat 2: Andry00701 ($1.90 in chips) 
Seat 3: Lorpugo ($2.46 in chips) 
Seat 4: Sotiris000 ($2.76 in chips) 
Seat 5: rosbel_poker ($2.98 in chips) 
Seat 6: Emag fo Dog ($3.53 in chips) 
Emag fo Dog: posts small blind $0.01
Andry00701: posts big blind $0.02
*** HOLE CARDS ***
Dealt to Lorpugo [5c Jc]
Lorpugo: folds 
Sotiris000: folds 
rosbel_poker: folds 
Emag fo Dog: folds 
Uncalled bet ($0.01) returned to Andry00701
Andry00701 collected $0.02 from pot
*** SUMMARY ***
Total pot $0.02 | Rake $0 
Seat 2: Andry00701 (big blind) collected ($0.02)
Seat 3: Lorpugo folded before Flop (didn't bet)
Seat 4: Sotiris000 folded before Flop (didn't bet)
Seat 5: rosbel_poker (button) folded before Flop (didn't bet)
Seat 6: Emag fo Dog (small blind) folded before Flop



PokerStars Hand #241324860579:  Hold'em No Limit ($0.01/$0.02 USD) - 2023/01/22 14:26:52 ET
Table 'Repsolda' 6-max Seat #6 is the button
Seat 2: Andry00701 ($1.91 in chips) 
Seat 3: Lorpugo ($2.46 in chips) 
Seat 4: Sotiris000 ($2.76 in chips) 
Seat 5: rosbel_poker ($2.98 in chips) 
Seat 6: Emag fo Dog ($3.52 in chips) 
Andry00701: posts small blind $0.01
Lorpugo: posts big blind $0.02
*** HOLE CARDS ***
Dealt to Lorpugo [2s 7h]
Sotiris000: folds 
rosbel_poker: folds 
Emag fo Dog: raises $0.03 to $0.05
Andry00701: folds 
Lorpugo: folds 
Uncalled bet ($0.03) returned to Emag fo Dog
Emag fo Dog collected $0.05 from pot
Emag fo Dog: doesn't show hand 
*** SUMMARY ***
Total pot $0.05 | Rake $0 
Seat 2: Andry00701 (small blind) folded before Flop
Seat 3: Lorpugo (big blind) folded before Flop
Seat 4: Sotiris000 folded before Flop (didn't bet)
Seat 5: rosbel_poker folded before Flop (didn't bet)
Seat 6: Emag fo Dog (button) collected ($0.05)



PokerStars Hand #241324867298:  Hold'em No Limit ($0.01/$0.02 USD) - 2023/01/22 14:27:06 ET
Table 'Repsolda' 6-max Seat #2 is the button
Seat 2: Andry00701 ($1.90 in chips) 
Seat 3: Lorpugo ($2.44 in chips) 
Seat 4: Sotiris000 ($2.76 in chips) 
Seat 5: rosbel_poker ($2.98 in chips) 
Seat 6: Emag fo Dog ($3.55 in chips) 
Lorpugo: posts small blind $0.01
Sotiris000: posts big blind $0.02
*** HOLE CARDS ***
Dealt to Lorpugo [5s 9s]
rosbel_poker: folds 
Emag fo Dog: folds 
Andry00701: folds 
Lorpugo: raises $0.03 to $0.05
Sotiris000: calls $0.03
*** FLOP *** [Qs 7c Tc]
Lorpugo: checks 
Sotiris000: checks 
*** TURN *** [Qs 7c Tc] [6d]
Lorpugo: checks 
Sotiris000: checks 
*** RIVER *** [Qs 7c Tc 6d] [Ac]
Lorpugo: checks 
Sotiris000: bets $0.05
Lorpugo: folds 
Uncalled bet ($0.05) returned to Sotiris000
Sotiris000 collected $0.10 from pot
Sotiris000: doesn't show hand 
*** SUMMARY ***
Total pot $0.10 | Rake $0 
Board [Qs 7c Tc 6d Ac]
Seat 2: Andry00701 (button) folded before Flop (didn't bet)
Seat 3: Lorpugo (small blind) folded on the River
Seat 4: Sotiris000 (big blind) collected ($0.10)
Seat 5: rosbel_poker folded before Flop (didn't bet)
Seat 6: Emag fo Dog folded before Flop (didn't bet)



PokerStars Hand #241324889007:  Hold'em No Limit ($0.01/$0.02 USD) - 2023/01/22 14:27:53 ET
Table 'Repsolda' 6-max Seat #3 is the button
Seat 2: Andry00701 ($1.90 in chips) 
Seat 3: Lorpugo ($2.39 in chips) 
Seat 4: Sotiris000 ($2.81 in chips) 
Seat 5: rosbel_poker ($2.98 in chips) 
Seat 6: Emag fo Dog ($3.55 in chips) 
Sotiris000: posts small blind $0.01
rosbel_poker: posts big blind $0.02
*** HOLE CARDS ***
Dealt to Lorpugo [7d 9c]
Emag fo Dog: folds 
Andry00701: folds 
Lorpugo: raises $0.03 to $0.05
Sotiris000: raises $0.10 to $0.15
rosbel_poker: calls $0.13
Lorpugo: folds 
*** FLOP *** [9s 6c Th]
Sotiris000: bets $0.10
rosbel_poker: calls $0.10
*** TURN *** [9s 6c Th] [7c]
Sotiris000: bets $0.16
rosbel_poker: calls $0.16
*** RIVER *** [9s 6c Th 7c] [8s]
Sotiris000: checks 
rosbel_poker: bets $0.66
Sotiris000: folds 
Uncalled bet ($0.66) returned to rosbel_poker
rosbel_poker collected $0.84 from pot
rosbel_poker: doesn't show hand 
*** SUMMARY ***
Total pot $0.87 | Rake $0.03 
Board [9s 6c Th 7c 8s]
Seat 2: Andry00701 folded before Flop (didn't bet)
Seat 3: Lorpugo (button) folded before Flop
Seat 4: Sotiris000 (small blind) folded on the River
Seat 5: rosbel_poker (big blind) collected ($0.84)
Seat 6: Emag fo Dog folded before Flop (didn't bet)



PokerStars Hand #241324918405:  Hold'em No Limit ($0.01/$0.02 USD) - 2023/01/22 14:28:55 ET
Table 'Repsolda' 6-max Seat #4 is the button
Seat 2: Andry00701 ($1.90 in chips) 
Seat 3: Lorpugo ($2.34 in chips) 
Seat 4: Sotiris000 ($2.40 in chips) 
Seat 5: rosbel_poker ($3.41 in chips) 
Seat 6: Emag fo Dog ($3.55 in chips) 
rosbel_poker: posts small blind $0.01
Emag fo Dog: posts big blind $0.02
*** HOLE CARDS ***
Dealt to Lorpugo [Qh 4c]
Andry00701: folds 
Lorpugo: folds 
Sotiris000: folds 
rosbel_poker: folds 
Uncalled bet ($0.01) returned to Emag fo Dog
Emag fo Dog collected $0.02 from pot
Emag fo Dog: doesn't show hand 
*** SUMMARY ***
Total pot $0.02 | Rake $0 
Seat 2: Andry00701 folded before Flop (didn't bet)
Seat 3: Lorpugo folded before Flop (didn't bet)
Seat 4: Sotiris000 (button) folded before Flop (didn't bet)
Seat 5: rosbel_poker (small blind) folded before Flop
Seat 6: Emag fo Dog (big blind) collected ($0.02)



PokerStars Hand #241324924146:  Hold'em No Limit ($0.01/$0.02 USD) - 2023/01/22 14:29:07 ET
Table 'Repsolda' 6-max Seat #5 is the button
Seat 1: Franx 149 ($1.88 in chips) 
Seat 2: Andry00701 ($1.90 in chips) 
Seat 3: Lorpugo ($2.34 in chips) 
Seat 4: Sotiris000 ($2.40 in chips) 
Seat 5: rosbel_poker ($3.40 in chips) 
Seat 6: Emag fo Dog ($3.56 in chips) 
Emag fo Dog: posts small blind $0.01
Franx 149: posts big blind $0.02
*** HOLE CARDS ***
Dealt to Lorpugo [4h 5c]
Andry00701: folds 
Lorpugo: folds 
Sotiris000: folds 
rosbel_poker: folds 
Emag fo Dog: folds 
Uncalled bet ($0.01) returned to Franx 149
Franx 149 collected $0.02 from pot
Franx 149: doesn't show hand 
*** SUMMARY ***
Total pot $0.02 | Rake $0 
Seat 1: Franx 149 (big blind) collected ($0.02)
Seat 2: Andry00701 folded before Flop (didn't bet)
Seat 3: Lorpugo folded before Flop (didn't bet)
Seat 4: Sotiris000 folded before Flop (didn't bet)
Seat 5: rosbel_poker (button) folded before Flop (didn't bet)
Seat 6: Emag fo Dog (small blind) folded before Flop



PokerStars Hand #241324929923:  Hold'em No Limit ($0.01/$0.02 USD) - 2023/01/22 14:29:19 ET
Table 'Repsolda' 6-max Seat #6 is the button
Seat 1: Franx 149 ($1.89 in chips) 
Seat 2: Andry00701 ($1.90 in chips) 
Seat 3: Lorpugo ($2.34 in chips) 
Seat 4: Sotiris000 ($2.40 in chips) 
Seat 5: rosbel_poker ($3.40 in chips) 
Seat 6: Emag fo Dog ($3.55 in chips) 
Franx 149: posts small blind $0.01
Andry00701: posts big blind $0.02
*** HOLE CARDS ***
Dealt to Lorpugo [4d Kh]
Lorpugo: folds 
Sotiris000: folds 
rosbel_poker: folds 
Emag fo Dog: raises $0.03 to $0.05
Franx 149: calls $0.04
Andry00701: folds 
*** FLOP *** [Ac Kd 5h]
Franx 149: checks 
Emag fo Dog: bets $0.02
Franx 149: folds 
Uncalled bet ($0.02) returned to Emag fo Dog
Emag fo Dog collected $0.12 from pot
Emag fo Dog: doesn't show hand 
*** SUMMARY ***
Total pot $0.12 | Rake $0 
Board [Ac Kd 5h]
Seat 1: Franx 149 (small blind) folded on the Flop
Seat 2: Andry00701 (big blind) folded before Flop
Seat 3: Lorpugo folded before Flop (didn't bet)
Seat 4: Sotiris000 folded before Flop (didn't bet)
Seat 5: rosbel_poker folded before Flop (didn't bet)
Seat 6: Emag fo Dog (button) collected ($0.12)



PokerStars Hand #241324944303:  Hold'em No Limit ($0.01/$0.02 USD) - 2023/01/22 14:29:50 ET
Table 'Repsolda' 6-max Seat #1 is the button
Seat 1: Franx 149 ($1.84 in chips) 
Seat 2: Andry00701 ($1.88 in chips) 
Seat 3: Lorpugo ($2.34 in chips) 
Seat 4: Sotiris000 ($2.40 in chips) 
Seat 5: rosbel_poker ($3.40 in chips) 
Seat 6: Emag fo Dog ($3.62 in chips) 
Andry00701: posts small blind $0.01
Lorpugo: posts big blind $0.02
*** HOLE CARDS ***
Dealt to Lorpugo [6h Ts]
Sotiris000: folds 
rosbel_poker: raises $0.04 to $0.06
Emag fo Dog: folds 
Franx 149: folds 
Andry00701: folds 
Lorpugo: folds 
Uncalled bet ($0.04) returned to rosbel_poker
rosbel_poker collected $0.05 from pot
rosbel_poker: doesn't show hand 
*** SUMMARY ***
Total pot $0.05 | Rake $0 
Seat 1: Franx 149 (button) folded before Flop (didn't bet)
Seat 2: Andry00701 (small blind) folded before Flop
Seat 3: Lorpugo (big blind) folded before Flop
Seat 4: Sotiris000 folded before Flop (didn't bet)
Seat 5: rosbel_poker collected ($0.05)
Seat 6: Emag fo Dog folded before Flop (didn't bet)



PokerStars Hand #241324953174:  Hold'em No Limit ($0.01/$0.02 USD) - 2023/01/22 14:30:08 ET
Table 'Repsolda' 6-max Seat #2 is the button
Seat 1: Franx 149 ($1.84 in chips) 
Seat 2: Andry00701 ($1.87 in chips) 
Seat 3: Lorpugo ($2.32 in chips) 
Seat 4: Sotiris000 ($2.40 in chips) 
Seat 5: rosbel_poker ($3.43 in chips) 
Seat 6: Emag fo Dog ($3.62 in chips) 
Lorpugo: posts small blind $0.01
Sotiris000: posts big blind $0.02
*** HOLE CARDS ***
Dealt to Lorpugo [3c Jd]
rosbel_poker: raises $0.04 to $0.06
Emag fo Dog: folds 
Franx 149: folds 
Andry00701: folds 
Lorpugo: folds 
Sotiris000: folds 
Uncalled bet ($0.04) returned to rosbel_poker
rosbel_poker collected $0.05 from pot
rosbel_poker: doesn't show hand 
*** SUMMARY ***
Total pot $0.05 | Rake $0 
Seat 1: Franx 149 folded before Flop (didn't bet)
Seat 2: Andry00701 (button) folded before Flop (didn't bet)
Seat 3: Lorpugo (small blind) folded before Flop
Seat 4: Sotiris000 (big blind) folded before Flop
Seat 5: rosbel_poker collected ($0.05)
Seat 6: Emag fo Dog folded before Flop (didn't bet)



PokerStars Hand #241324963557:  Hold'em No Limit ($0.01/$0.02 USD) - 2023/01/22 14:30:30 ET
Table 'Repsolda' 6-max Seat #3 is the button
Seat 1: Franx 149 ($1.84 in chips) 
Seat 2: Andry00701 ($1.87 in chips) 
Seat 3: Lorpugo ($2.31 in chips) 
Seat 4: Sotiris000 ($2.38 in chips) 
Seat 5: rosbel_poker ($3.46 in chips) 
Seat 6: Emag fo Dog ($3.62 in chips) 
Sotiris000: posts small blind $0.01
rosbel_poker: posts big blind $0.02
*** HOLE CARDS ***
Dealt to Lorpugo [Ac Kc]
Emag fo Dog: raises $0.04 to $0.06
Franx 149: folds 
Andry00701: calls $0.06
Lorpugo: raises $0.16 to $0.22
Sotiris000: folds 
rosbel_poker: folds 
Emag fo Dog: folds 
Andry00701: calls $0.16
*** FLOP *** [4s 3s 9d]
Andry00701: checks 
Lorpugo: bets $0.26
Andry00701: calls $0.26
*** TURN *** [4s 3s 9d] [9s]
Andry00701: checks 
Lorpugo: checks 
*** RIVER *** [4s 3s 9d 9s] [Jh]
Andry00701: checks 
Lorpugo: checks 
*** SHOW DOWN ***
Andry00701: shows [Kh Ks] (two pair, Kings and Nines)
Lorpugo: mucks hand 
Andry00701 collected $1.01 from pot
*** SUMMARY ***
Total pot $1.05 | Rake $0.04 
Board [4s 3s 9d 9s Jh]
Seat 1: Franx 149 folded before Flop (didn't bet)
Seat 2: Andry00701 showed [Kh Ks] and won ($1.01) with two pair, Kings and Nines
Seat 3: Lorpugo (button) mucked [Ac Kc]
Seat 4: Sotiris000 (small blind) folded before Flop
Seat 5: rosbel_poker (big blind) folded before Flop
Seat 6: Emag fo Dog folded before Flop



PokerStars Hand #241324985633:  Hold'em No Limit ($0.01/$0.02 USD) - 2023/01/22 14:31:15 ET
Table 'Repsolda' 6-max Seat #4 is the button
Seat 1: Franx 149 ($1.84 in chips) 
Seat 2: Andry00701 ($2.40 in chips) 
Seat 3: Lorpugo ($1.83 in chips) 
Seat 4: Sotiris000 ($2.37 in chips) 
Seat 5: rosbel_poker ($3.44 in chips) 
Seat 6: Emag fo Dog ($3.56 in chips) 
rosbel_poker: posts small blind $0.01
Emag fo Dog: posts big blind $0.02
*** HOLE CARDS ***
Dealt to Lorpugo [8h 6d]
Franx 149: raises $0.02 to $0.04
Andry00701: folds 
Lorpugo: folds 
Sotiris000: folds 
rosbel_poker: folds 
Emag fo Dog: calls $0.02
*** FLOP *** [7d 3h 7h]
Emag fo Dog: bets $0.02
Franx 149: calls $0.02
*** TURN *** [7d 3h 7h] [Ah]
Emag fo Dog: checks 
Franx 149: checks 
*** RIVER *** [7d 3h 7h Ah] [2s]
Emag fo Dog: checks 
Franx 149: checks 
*** SHOW DOWN ***
Emag fo Dog: shows [5c Tc] (a pair of Sevens)
Franx 149: shows [Qc Ks] (a pair of Sevens - Ace+King kicker)
Franx 149 collected $0.13 from pot
*** SUMMARY ***
Total pot $0.13 | Rake $0 
Board [7d 3h 7h Ah 2s]
Seat 1: Franx 149 showed [Qc Ks] and won ($0.13) with a pair of Sevens
Seat 2: Andry00701 folded before Flop (didn't bet)
Seat 3: Lorpugo folded before Flop (didn't bet)
Seat 4: Sotiris000 (button) folded before Flop (didn't bet)
Seat 5: rosbel_poker (small blind) folded before Flop
Seat 6: Emag fo Dog (big blind) showed [5c Tc] and lost with a pair of Sevens



PokerStars Hand #241325012521:  Hold'em No Limit ($0.01/$0.02 USD) - 2023/01/22 14:32:11 ET
Table 'Repsolda' 6-max Seat #5 is the button
Seat 1: Franx 149 ($1.91 in chips) 
Seat 2: Andry00701 ($2.40 in chips) 
Seat 3: Lorpugo ($1.83 in chips) 
Seat 4: Sotiris000 ($2.37 in chips) 
Seat 5: rosbel_poker ($3.43 in chips) 
Seat 6: Emag fo Dog ($3.50 in chips) 
Emag fo Dog: posts small blind $0.01
Franx 149: posts big blind $0.02
*** HOLE CARDS ***
Dealt to Lorpugo [9s 5d]
Andry00701: folds 
Lorpugo: folds 
Sotiris000: folds 
rosbel_poker: folds 
Emag fo Dog: raises $0.03 to $0.05
Franx 149: calls $0.03
*** FLOP *** [2h Kh 9c]
Emag fo Dog: bets $0.08
Franx 149: folds 
Uncalled bet ($0.08) returned to Emag fo Dog
Emag fo Dog collected $0.10 from pot
Emag fo Dog: doesn't show hand 
*** SUMMARY ***
Total pot $0.10 | Rake $0 
Board [2h Kh 9c]
Seat 1: Franx 149 (big blind) folded on the Flop
Seat 2: Andry00701 folded before Flop (didn't bet)
Seat 3: Lorpugo folded before Flop (didn't bet)
Seat 4: Sotiris000 folded before Flop (didn't bet)
Seat 5: rosbel_poker (button) folded before Flop (didn't bet)
Seat 6: Emag fo Dog (small blind) collected ($0.10)



PokerStars Hand #241325025547:  Hold'em No Limit ($0.01/$0.02 USD) - 2023/01/22 14:32:38 ET
Table 'Repsolda' 6-max Seat #6 is the button
Seat 1: Franx 149 ($1.86 in chips) 
Seat 2: Andry00701 ($2.40 in chips) 
Seat 3: Lorpugo ($1.83 in chips) 
Seat 4: Sotiris000 ($2.37 in chips) 
Seat 5: rosbel_poker ($3.43 in chips) 
Seat 6: Emag fo Dog ($3.55 in chips) 
Franx 149: posts small blind $0.01
Andry00701: posts big blind $0.02
*** HOLE CARDS ***
Dealt to Lorpugo [6s Qs]
Lorpugo: raises $0.02 to $0.04
Sotiris000: folds 
rosbel_poker: folds 
Emag fo Dog: folds 
Franx 149: folds 
Andry00701: calls $0.02
*** FLOP *** [4h Ts 8s]
Andry00701: checks 
Lorpugo: bets $0.03
Andry00701: calls $0.03
*** TURN *** [4h Ts 8s] [Kc]
Andry00701: checks 
Lorpugo: bets $0.09
Andry00701: calls $0.09
*** RIVER *** [4h Ts 8s Kc] [3h]
Andry00701: checks 
Lorpugo: checks 
*** SHOW DOWN ***
Andry00701: shows [Ks 9c] (a pair of Kings)
Lorpugo: mucks hand 
Andry00701 collected $0.32 from pot
*** SUMMARY ***
Total pot $0.33 | Rake $0.01 
Board [4h Ts 8s Kc 3h]
Seat 1: Franx 149 (small blind) folded before Flop
Seat 2: Andry00701 (big blind) showed [Ks 9c] and won ($0.32) with a pair of Kings
Seat 3: Lorpugo mucked [6s Qs]
Seat 4: Sotiris000 folded before Flop (didn't bet)
Seat 5: rosbel_poker folded before Flop (didn't bet)
Seat 6: Emag fo Dog (button) folded before Flop (didn't bet)



PokerStars Hand #241325045290:  Hold'em No Limit ($0.01/$0.02 USD) - 2023/01/22 14:33:20 ET
Table 'Repsolda' 6-max Seat #1 is the button
Seat 1: Franx 149 ($1.85 in chips) 
Seat 2: Andry00701 ($2.56 in chips) 
Seat 3: Lorpugo ($1.67 in chips) 
Seat 4: Sotiris000 ($2.37 in chips) 
Seat 5: rosbel_poker ($3.43 in chips) 
Seat 6: Emag fo Dog ($3.55 in chips) 
Andry00701: posts small blind $0.01
Lorpugo: posts big blind $0.02
*** HOLE CARDS ***
Dealt to Lorpugo [7s 2s]
Sotiris000: folds 
rosbel_poker: raises $0.03 to $0.05
Emag fo Dog: folds 
Franx 149: folds 
Andry00701: folds 
Lorpugo: folds 
Uncalled bet ($0.03) returned to rosbel_poker
rosbel_poker collected $0.05 from pot
rosbel_poker: doesn't show hand 
*** SUMMARY ***
Total pot $0.05 | Rake $0 
Seat 1: Franx 149 (button) folded before Flop (didn't bet)
Seat 2: Andry00701 (small blind) folded before Flop
Seat 3: Lorpugo (big blind) folded before Flop
Seat 4: Sotiris000 folded before Flop (didn't bet)
Seat 5: rosbel_poker collected ($0.05)
Seat 6: Emag fo Dog folded before Flop (didn't bet)



PokerStars Hand #241325052383:  Hold'em No Limit ($0.01/$0.02 USD) - 2023/01/22 14:33:35 ET
Table 'Repsolda' 6-max Seat #2 is the button
Seat 1: Franx 149 ($1.85 in chips) 
Seat 2: Andry00701 ($2.55 in chips) 
Seat 3: Lorpugo ($1.65 in chips) 
Seat 4: Sotiris000 ($2.37 in chips) 
Seat 5: rosbel_poker ($3.46 in chips) 
Seat 6: Emag fo Dog ($3.55 in chips) 
Lorpugo: posts small blind $0.01
Sotiris000: posts big blind $0.02
*** HOLE CARDS ***
Dealt to Lorpugo [Js 2s]
rosbel_poker: folds 
Emag fo Dog: folds 
Franx 149: raises $0.04 to $0.06
Andry00701: folds 
Lorpugo: folds 
Sotiris000: folds 
Uncalled bet ($0.04) returned to Franx 149
Franx 149 collected $0.05 from pot
Franx 149: doesn't show hand 
*** SUMMARY ***
Total pot $0.05 | Rake $0 
Seat 1: Franx 149 collected ($0.05)
Seat 2: Andry00701 (button) folded before Flop (didn't bet)
Seat 3: Lorpugo (small blind) folded before Flop
Seat 4: Sotiris000 (big blind) folded before Flop
Seat 5: rosbel_poker folded before Flop (didn't bet)
Seat 6: Emag fo Dog folded before Flop (didn't bet)



PokerStars Hand #241325059860:  Hold'em No Limit ($0.01/$0.02 USD) - 2023/01/22 14:33:51 ET
Table 'Repsolda' 6-max Seat #3 is the button
Seat 1: Franx 149 ($1.88 in chips) 
Seat 2: Andry00701 ($2.55 in chips) 
Seat 3: Lorpugo ($1.64 in chips) 
Seat 4: Sotiris000 ($2.35 in chips) 
Seat 5: rosbel_poker ($3.46 in chips) 
Seat 6: Emag fo Dog ($3.55 in chips) 
Sotiris000: posts small blind $0.01
rosbel_poker: posts big blind $0.02
*** HOLE CARDS ***
Dealt to Lorpugo [Ah Ac]
Emag fo Dog: raises $0.04 to $0.06
Franx 149: folds 
Andry00701: folds 
Lorpugo: raises $0.15 to $0.21
Sotiris000: folds 
rosbel_poker: folds 
Emag fo Dog: folds 
Uncalled bet ($0.15) returned to Lorpugo
Lorpugo collected $0.15 from pot
Lorpugo: doesn't show hand 
*** SUMMARY ***
Total pot $0.15 | Rake $0 
Seat 1: Franx 149 folded before Flop (didn't bet)
Seat 2: Andry00701 folded before Flop (didn't bet)
Seat 3: Lorpugo (button) collected ($0.15)
Seat 4: Sotiris000 (small blind) folded before Flop
Seat 5: rosbel_poker (big blind) folded before Flop
Seat 6: Emag fo Dog folded before Flop



PokerStars Hand #241325070112:  Hold'em No Limit ($0.01/$0.02 USD) - 2023/01/22 14:34:12 ET
Table 'Repsolda' 6-max Seat #4 is the button
Seat 2: Andry00701 ($2.55 in chips) 
Seat 3: Lorpugo ($1.73 in chips) 
Seat 4: Sotiris000 ($2.34 in chips) 
Seat 5: rosbel_poker ($3.44 in chips) 
Seat 6: Emag fo Dog ($3.49 in chips) 
rosbel_poker: posts small blind $0.01
Emag fo Dog: posts big blind $0.02
*** HOLE CARDS ***
Dealt to Lorpugo [4h Js]
Andry00701: folds 
Lorpugo: folds 
Sotiris000: folds 
rosbel_poker: folds 
Uncalled bet ($0.01) returned to Emag fo Dog
Emag fo Dog collected $0.02 from pot
Emag fo Dog: doesn't show hand 
*** SUMMARY ***
Total pot $0.02 | Rake $0 
Seat 2: Andry00701 folded before Flop (didn't bet)
Seat 3: Lorpugo folded before Flop (didn't bet)
Seat 4: Sotiris000 (button) folded before Flop (didn't bet)
Seat 5: rosbel_poker (small blind) folded before Flop
Seat 6: Emag fo Dog (big blind) collected ($0.02)



PokerStars Hand #241325075112:  Hold'em No Limit ($0.01/$0.02 USD) - 2023/01/22 14:34:22 ET
Table 'Repsolda' 6-max Seat #5 is the button
Seat 2: Andry00701 ($2.55 in chips) 
Seat 3: Lorpugo ($1.73 in chips) 
Seat 4: Sotiris000 ($2.34 in chips) 
Seat 5: rosbel_poker ($3.43 in chips) 
Seat 6: Emag fo Dog ($3.50 in chips) 
Emag fo Dog: posts small blind $0.01
Andry00701: posts big blind $0.02
*** HOLE CARDS ***
Dealt to Lorpugo [5h 5c]
Lorpugo: raises $0.03 to $0.05
Sotiris000: folds 
rosbel_poker: folds 
Emag fo Dog: calls $0.04
Andry00701: folds 
*** FLOP *** [Qs 3s Jh]
Emag fo Dog: bets $0.02
Lorpugo: calls $0.02
*** TURN *** [Qs 3s Jh] [Tc]
Emag fo Dog: bets $0.08
Lorpugo: folds 
Uncalled bet ($0.08) returned to Emag fo Dog
Emag fo Dog collected $0.15 from pot
Emag fo Dog: doesn't show hand 
*** SUMMARY ***
Total pot $0.16 | Rake $0.01 
Board [Qs 3s Jh Tc]
Seat 2: Andry00701 (big blind) folded before Flop
Seat 3: Lorpugo folded on the Turn
Seat 4: Sotiris000 folded before Flop (didn't bet)
Seat 5: rosbel_poker (button) folded before Flop (didn't bet)
Seat 6: Emag fo Dog (small blind) collected ($0.15)



PokerStars Hand #241325092851:  Hold'em No Limit ($0.01/$0.02 USD) - 2023/01/22 14:34:59 ET
Table 'Repsolda' 6-max Seat #6 is the button
Seat 2: Andry00701 ($2.53 in chips) 
Seat 3: Lorpugo ($1.66 in chips) 
Seat 4: Sotiris000 ($2.34 in chips) 
Seat 5: rosbel_poker ($3.43 in chips) 
Seat 6: Emag fo Dog ($3.58 in chips) 
Andry00701: posts small blind $0.01
Lorpugo: posts big blind $0.02
*** HOLE CARDS ***
Dealt to Lorpugo [7h Qd]
Sotiris000: folds 
rosbel_poker: raises $0.03 to $0.05
Emag fo Dog: calls $0.05
Andry00701: calls $0.04
Lorpugo: folds 
*** FLOP *** [9c 8d 6h]
Andry00701: checks 
rosbel_poker: checks 
Emag fo Dog: bets $0.02
Andry00701: calls $0.02
rosbel_poker: calls $0.02
*** TURN *** [9c 8d 6h] [Td]
Andry00701: checks 
rosbel_poker: checks 
Emag fo Dog: bets $0.13
Andry00701: folds 
rosbel_poker: folds 
Uncalled bet ($0.13) returned to Emag fo Dog
Emag fo Dog collected $0.22 from pot
Emag fo Dog: doesn't show hand 
*** SUMMARY ***
Total pot $0.23 | Rake $0.01 
Board [9c 8d 6h Td]
Seat 2: Andry00701 (small blind) folded on the Turn
Seat 3: Lorpugo (big blind) folded before Flop
Seat 4: Sotiris000 folded before Flop (didn't bet)
Seat 5: rosbel_poker folded on the Turn
Seat 6: Emag fo Dog (button) collected ($0.22)



PokerStars Hand #241325114479:  Hold'em No Limit ($0.01/$0.02 USD) - 2023/01/22 14:35:44 ET
Table 'Repsolda' 6-max Seat #2 is the button
Seat 2: Andry00701 ($2.46 in chips) 
Seat 3: Lorpugo ($1.64 in chips) 
Seat 4: Sotiris000 ($2.34 in chips) 
Seat 5: rosbel_poker ($3.36 in chips) 
Seat 6: Emag fo Dog ($3.73 in chips) 
Lorpugo: posts small blind $0.01
Sotiris000: posts big blind $0.02
*** HOLE CARDS ***
Dealt to Lorpugo [Ks 7h]
rosbel_poker: folds 
Emag fo Dog: folds 
Andry00701: folds 
Lorpugo: raises $0.03 to $0.05
Sotiris000: folds 
Uncalled bet ($0.03) returned to Lorpugo
Lorpugo collected $0.04 from pot
Lorpugo: doesn't show hand 
*** SUMMARY ***
Total pot $0.04 | Rake $0 
Seat 2: Andry00701 (button) folded before Flop (didn't bet)
Seat 3: Lorpugo (small blind) collected ($0.04)
Seat 4: Sotiris000 (big blind) folded before Flop
Seat 5: rosbel_poker folded before Flop (didn't bet)
Seat 6: Emag fo Dog folded before Flop (didn't bet)



PokerStars Hand #241325119970:  Hold'em No Limit ($0.01/$0.02 USD) - 2023/01/22 14:35:55 ET
Table 'Repsolda' 6-max Seat #3 is the button
Seat 2: Andry00701 ($2.46 in chips) 
Seat 3: Lorpugo ($1.66 in chips) 
Seat 4: Sotiris000 ($2.32 in chips) 
Seat 5: rosbel_poker ($3.36 in chips) 
Seat 6: Emag fo Dog ($3.73 in chips) 
Sotiris000: posts small blind $0.01
rosbel_poker: posts big blind $0.02
*** HOLE CARDS ***
Dealt to Lorpugo [7c Kd]
Emag fo Dog: folds 
Andry00701: folds 
Lorpugo: raises $0.03 to $0.05
Sotiris000: folds 
rosbel_poker: calls $0.03
*** FLOP *** [4c 5d 3d]
rosbel_poker: checks 
Lorpugo: bets $0.06
rosbel_poker: folds 
Uncalled bet ($0.06) returned to Lorpugo
Lorpugo collected $0.11 from pot
Lorpugo: doesn't show hand 
*** SUMMARY ***
Total pot $0.11 | Rake $0 
Board [4c 5d 3d]
Seat 2: Andry00701 folded before Flop (didn't bet)
Seat 3: Lorpugo (button) collected ($0.11)
Seat 4: Sotiris000 (small blind) folded before Flop
Seat 5: rosbel_poker (big blind) folded on the Flop
Seat 6: Emag fo Dog folded before Flop (didn't bet)



PokerStars Hand #241325130523:  Hold'em No Limit ($0.01/$0.02 USD) - 2023/01/22 14:36:17 ET
Table 'Repsolda' 6-max Seat #4 is the button
Seat 2: Andry00701 ($2.46 in chips) 
Seat 3: Lorpugo ($1.72 in chips) 
Seat 4: Sotiris000 ($2.31 in chips) 
Seat 5: rosbel_poker ($3.31 in chips) 
Seat 6: Emag fo Dog ($3.73 in chips) 
rosbel_poker: posts small blind $0.01
Emag fo Dog: posts big blind $0.02
*** HOLE CARDS ***
Dealt to Lorpugo [6h 7s]
Andry00701: folds 
Lorpugo: raises $0.02 to $0.04
Sotiris000: folds 
rosbel_poker: folds 
Emag fo Dog: calls $0.02
*** FLOP *** [4s 3d 2s]
Emag fo Dog: bets $0.02
Lorpugo: calls $0.02
*** TURN *** [4s 3d 2s] [5s]
Emag fo Dog: bets $0.08
Lorpugo: raises $0.19 to $0.27
Emag fo Dog: calls $0.19
*** RIVER *** [4s 3d 2s 5s] [6s]
Emag fo Dog: bets $0.02
Lorpugo: calls $0.02
*** SHOW DOWN ***
Emag fo Dog: shows [5h 5d] (a straight, Deuce to Six)
Lorpugo: shows [6h 7s] (a flush, Seven high)
Lorpugo collected $0.69 from pot
*** SUMMARY ***
Total pot $0.71 | Rake $0.02 
Board [4s 3d 2s 5s 6s]
Seat 2: Andry00701 folded before Flop (didn't bet)
Seat 3: Lorpugo showed [6h 7s] and won ($0.69) with a flush, Seven high
Seat 4: Sotiris000 (button) folded before Flop (didn't bet)
Seat 5: rosbel_poker (small blind) folded before Flop
Seat 6: Emag fo Dog (big blind) showed [5h 5d] and lost with a straight, Deuce to Six



PokerStars Hand #241325157258:  Hold'em No Limit ($0.01/$0.02 USD) - 2023/01/22 14:37:12 ET
Table 'Repsolda' 6-max Seat #5 is the button
Seat 2: Andry00701 ($2.46 in chips) 
Seat 3: Lorpugo ($2.06 in chips) 
Seat 4: Sotiris000 ($2.31 in chips) 
Seat 5: rosbel_poker ($3.30 in chips) 
Seat 6: Emag fo Dog ($3.38 in chips) 
Emag fo Dog: posts small blind $0.01
Andry00701: posts big blind $0.02
*** HOLE CARDS ***
Dealt to Lorpugo [Qd 2s]
Lorpugo: folds 
Sotiris000: folds 
rosbel_poker: folds 
Emag fo Dog: folds 
Uncalled bet ($0.01) returned to Andry00701
Andry00701 collected $0.02 from pot
*** SUMMARY ***
Total pot $0.02 | Rake $0 
Seat 2: Andry00701 (big blind) collected ($0.02)
Seat 3: Lorpugo folded before Flop (didn't bet)
Seat 4: Sotiris000 folded before Flop (didn't bet)
Seat 5: rosbel_poker (button) folded before Flop (didn't bet)
Seat 6: Emag fo Dog (small blind) folded before Flop



PokerStars Hand #241325165047:  Hold'em No Limit ($0.01/$0.02 USD) - 2023/01/22 14:37:28 ET
Table 'Repsolda' 6-max Seat #6 is the button
Seat 2: Andry00701 ($2.47 in chips) 
Seat 3: Lorpugo ($2.06 in chips) 
Seat 4: Sotiris000 ($2.31 in chips) 
Seat 5: rosbel_poker ($3.30 in chips) 
Seat 6: Emag fo Dog ($3.37 in chips) 
Andry00701: posts small blind $0.01
Lorpugo: posts big blind $0.02
*** HOLE CARDS ***
Dealt to Lorpugo [6s 3d]
Sotiris000: folds 
rosbel_poker: folds 
Emag fo Dog: folds 
Andry00701: raises $0.02 to $0.04
Lorpugo: folds 
Uncalled bet ($0.02) returned to Andry00701
Andry00701 collected $0.04 from pot
*** SUMMARY ***
Total pot $0.04 | Rake $0 
Seat 2: Andry00701 (small blind) collected ($0.04)
Seat 3: Lorpugo (big blind) folded before Flop
Seat 4: Sotiris000 folded before Flop (didn't bet)
Seat 5: rosbel_poker folded before Flop (didn't bet)
Seat 6: Emag fo Dog (button) folded before Flop (didn't bet)



PokerStars Hand #241325174741:  Hold'em No Limit ($0.01/$0.02 USD) - 2023/01/22 14:37:48 ET
Table 'Repsolda' 6-max Seat #2 is the button
Seat 2: Andry00701 ($2.49 in chips) 
Seat 3: Lorpugo ($2.04 in chips) 
Seat 4: Sotiris000 ($2.31 in chips) 
Seat 5: rosbel_poker ($3.30 in chips) 
Seat 6: Emag fo Dog ($3.37 in chips) 
Lorpugo: posts small blind $0.01
Sotiris000: posts big blind $0.02
*** HOLE CARDS ***
Dealt to Lorpugo [Kh 5c]
rosbel_poker: folds 
Emag fo Dog: folds 
Andry00701: folds 
Lorpugo: raises $0.03 to $0.05
Sotiris000: calls $0.03
*** FLOP *** [5s Ah Jh]
Lorpugo: checks 
Sotiris000: bets $0.05
Lorpugo: calls $0.05
*** TURN *** [5s Ah Jh] [2h]
Lorpugo: checks 
Sotiris000: checks 
*** RIVER *** [5s Ah Jh 2h] [Qs]
Lorpugo: checks 
Sotiris000: checks 
*** SHOW DOWN ***
Lorpugo: shows [Kh 5c] (a pair of Fives)
Sotiris000: shows [Ad 9s] (a pair of Aces)
Sotiris000 collected $0.19 from pot
*** SUMMARY ***
Total pot $0.20 | Rake $0.01 
Board [5s Ah Jh 2h Qs]
Seat 2: Andry00701 (button) folded before Flop (didn't bet)
Seat 3: Lorpugo (small blind) showed [Kh 5c] and lost with a pair of Fives
Seat 4: Sotiris000 (big blind) showed [Ad 9s] and won ($0.19) with a pair of Aces
Seat 5: rosbel_poker folded before Flop (didn't bet)
Seat 6: Emag fo Dog folded before Flop (didn't bet)



PokerStars Hand #241325194235:  Hold'em No Limit ($0.01/$0.02 USD) - 2023/01/22 14:38:29 ET
Table 'Repsolda' 6-max Seat #3 is the button
Seat 2: Andry00701 ($2.49 in chips) 
Seat 3: Lorpugo ($1.94 in chips) 
Seat 4: Sotiris000 ($2.40 in chips) 
Seat 5: rosbel_poker ($3.30 in chips) 
Seat 6: Emag fo Dog ($3.37 in chips) 
Sotiris000: posts small blind $0.01
rosbel_poker: posts big blind $0.02
*** HOLE CARDS ***
Dealt to Lorpugo [Jd Ac]
Emag fo Dog: raises $0.04 to $0.06
Andry00701: folds 
Lorpugo: calls $0.06
Sotiris000: folds 
rosbel_poker: folds 
*** FLOP *** [4h 3c 4d]
Emag fo Dog: bets $0.02
Lorpugo: calls $0.02
*** TURN *** [4h 3c 4d] [6d]
Emag fo Dog: bets $0.02
Lorpugo: calls $0.02
*** RIVER *** [4h 3c 4d 6d] [4s]
Emag fo Dog: bets $0.02
Lorpugo: calls $0.02
*** SHOW DOWN ***
Emag fo Dog: shows [Ts As] (three of a kind, Fours)
Lorpugo: shows [Jd Ac] (three of a kind, Fours - Ace+Jack kicker)
Lorpugo collected $0.26 from pot
*** SUMMARY ***
Total pot $0.27 | Rake $0.01 
Board [4h 3c 4d 6d 4s]
Seat 2: Andry00701 folded before Flop (didn't bet)
Seat 3: Lorpugo (button) showed [Jd Ac] and won ($0.26) with three of a kind, Fours
Seat 4: Sotiris000 (small blind) folded before Flop
Seat 5: rosbel_poker (big blind) folded before Flop
Seat 6: Emag fo Dog showed [Ts As] and lost with three of a kind, Fours



PokerStars Hand #241325210942:  Hold'em No Limit ($0.01/$0.02 USD) - 2023/01/22 14:39:03 ET
Table 'Repsolda' 6-max Seat #4 is the button
Seat 2: Andry00701 ($2.49 in chips) 
Seat 3: Lorpugo ($2.08 in chips) 
Seat 4: Sotiris000 ($2.39 in chips) 
Seat 5: rosbel_poker ($3.28 in chips) 
Seat 6: Emag fo Dog ($3.25 in chips) 
rosbel_poker: posts small blind $0.01
Emag fo Dog: posts big blind $0.02
*** HOLE CARDS ***
Dealt to Lorpugo [4s Kd]
Andry00701: folds 
Lorpugo: raises $0.02 to $0.04
Sotiris000: raises $0.08 to $0.12
rosbel_poker: folds 
Emag fo Dog: folds 
Lorpugo: folds 
Uncalled bet ($0.08) returned to Sotiris000
Sotiris000 collected $0.11 from pot
Sotiris000: doesn't show hand 
*** SUMMARY ***
Total pot $0.11 | Rake $0 
Seat 2: Andry00701 folded before Flop (didn't bet)
Seat 3: Lorpugo folded before Flop
Seat 4: Sotiris000 (button) collected ($0.11)
Seat 5: rosbel_poker (small blind) folded before Flop
Seat 6: Emag fo Dog (big blind) folded before Flop



PokerStars Hand #241325221283:  Hold'em No Limit ($0.01/$0.02 USD) - 2023/01/22 14:39:24 ET
Table 'Repsolda' 6-max Seat #5 is the button
Seat 1: Franx 149 ($1.88 in chips) 
Seat 2: Andry00701 ($2.49 in chips) 
Seat 3: Lorpugo ($2.04 in chips) 
Seat 4: Sotiris000 ($2.46 in chips) 
Seat 5: rosbel_poker ($3.27 in chips) 
Seat 6: Emag fo Dog ($3.23 in chips) 
Emag fo Dog: posts small blind $0.01
Franx 149: posts big blind $0.02
*** HOLE CARDS ***
Dealt to Lorpugo [Kd 3d]
Andry00701: folds 
Lorpugo: raises $0.02 to $0.04
Sotiris000: calls $0.04
rosbel_poker: folds 
Emag fo Dog: folds 
Franx 149: calls $0.02
*** FLOP *** [7h 4s Jh]
Franx 149: checks 
Lorpugo: checks 
Sotiris000: checks 
*** TURN *** [7h 4s Jh] [8s]
Franx 149: checks 
Lorpugo: checks 
Sotiris000: checks 
*** RIVER *** [7h 4s Jh 8s] [9h]
Franx 149: checks 
Lorpugo: checks 
Sotiris000: checks 
*** SHOW DOWN ***
Franx 149: shows [2s Td] (a straight, Seven to Jack)
Lorpugo: mucks hand 
Sotiris000: mucks hand 
Franx 149 collected $0.13 from pot
*** SUMMARY ***
Total pot $0.13 | Rake $0 
Board [7h 4s Jh 8s 9h]
Seat 1: Franx 149 (big blind) showed [2s Td] and won ($0.13) with a straight, Seven to Jack
Seat 2: Andry00701 folded before Flop (didn't bet)
Seat 3: Lorpugo mucked [Kd 3d]
Seat 4: Sotiris000 mucked [6c 6h]
Seat 5: rosbel_poker (button) folded before Flop (didn't bet)
Seat 6: Emag fo Dog (small blind) folded before Flop



PokerStars Hand #241325247361:  Hold'em No Limit ($0.01/$0.02 USD) - 2023/01/22 14:40:18 ET
Table 'Repsolda' 6-max Seat #6 is the button
Seat 1: Franx 149 ($1.97 in chips) 
Seat 2: Andry00701 ($2.49 in chips) 
Seat 3: Lorpugo ($2 in chips) 
Seat 4: Sotiris000 ($2.42 in chips) 
Seat 5: rosbel_poker ($3.27 in chips) 
Seat 6: Emag fo Dog ($3.22 in chips) 
Franx 149: posts small blind $0.01
Andry00701: posts big blind $0.02
*** HOLE CARDS ***
Dealt to Lorpugo [6s 5h]
Lorpugo: folds 
Sotiris000: folds 
rosbel_poker: folds 
Emag fo Dog: folds 
Franx 149: folds 
Uncalled bet ($0.01) returned to Andry00701
Andry00701 collected $0.02 from pot
*** SUMMARY ***
Total pot $0.02 | Rake $0 
Seat 1: Franx 149 (small blind) folded before Flop
Seat 2: Andry00701 (big blind) collected ($0.02)
Seat 3: Lorpugo folded before Flop (didn't bet)
Seat 4: Sotiris000 folded before Flop (didn't bet)
Seat 5: rosbel_poker folded before Flop (didn't bet)
Seat 6: Emag fo Dog (button) folded before Flop (didn't bet)



PokerStars Hand #241325253154:  Hold'em No Limit ($0.01/$0.02 USD) - 2023/01/22 14:40:30 ET
Table 'Repsolda' 6-max Seat #1 is the button
Seat 1: Franx 149 ($1.96 in chips) 
Seat 2: Andry00701 ($2.50 in chips) 
Seat 3: Lorpugo ($2 in chips) 
Seat 4: Sotiris000 ($2.42 in chips) 
Seat 5: rosbel_poker ($3.27 in chips) 
Seat 6: Emag fo Dog ($3.22 in chips) 
Andry00701: posts small blind $0.01
Lorpugo: posts big blind $0.02
*** HOLE CARDS ***
Dealt to Lorpugo [4s 4d]
Sotiris000 has timed out
Sotiris000: folds 
rosbel_poker: folds 
Emag fo Dog: raises $0.03 to $0.05
Franx 149: folds 
Andry00701: folds 
Lorpugo: calls $0.03
*** FLOP *** [Th 8c 6h]
Lorpugo: checks 
Emag fo Dog: bets $0.08
Lorpugo: folds 
Uncalled bet ($0.08) returned to Emag fo Dog
Emag fo Dog collected $0.11 from pot
Emag fo Dog: doesn't show hand 
*** SUMMARY ***
Total pot $0.11 | Rake $0 
Board [Th 8c 6h]
Seat 1: Franx 149 (button) folded before Flop (didn't bet)
Seat 2: Andry00701 (small blind) folded before Flop
Seat 3: Lorpugo (big blind) folded on the Flop
Seat 4: Sotiris000 folded before Flop (didn't bet)
Seat 5: rosbel_poker folded before Flop (didn't bet)
Seat 6: Emag fo Dog collected ($0.11)



PokerStars Hand #241325268997:  Hold'em No Limit ($0.01/$0.02 USD) - 2023/01/22 14:41:02 ET
Table 'Repsolda' 6-max Seat #2 is the button
Seat 1: Franx 149 ($1.96 in chips) 
Seat 2: Andry00701 ($2.49 in chips) 
Seat 3: Lorpugo ($1.95 in chips) 
Seat 4: Sotiris000 ($2.42 in chips) 
Seat 5: rosbel_poker ($3.27 in chips) 
Seat 6: Emag fo Dog ($3.28 in chips) 
Lorpugo: posts small blind $0.01
Sotiris000: posts big blind $0.02
*** HOLE CARDS ***
Dealt to Lorpugo [Tc Th]
rosbel_poker: folds 
Emag fo Dog: folds 
Franx 149: folds 
Andry00701: folds 
Lorpugo: raises $0.02 to $0.04
Sotiris000: folds 
Uncalled bet ($0.02) returned to Lorpugo
Lorpugo collected $0.04 from pot
Lorpugo: doesn't show hand 
*** SUMMARY ***
Total pot $0.04 | Rake $0 
Seat 1: Franx 149 folded before Flop (didn't bet)
Seat 2: Andry00701 (button) folded before Flop (didn't bet)
Seat 3: Lorpugo (small blind) collected ($0.04)
Seat 4: Sotiris000 (big blind) folded before Flop
Seat 5: rosbel_poker folded before Flop (didn't bet)
Seat 6: Emag fo Dog folded before Flop (didn't bet)



PokerStars Hand #241325275088:  Hold'em No Limit ($0.01/$0.02 USD) - 2023/01/22 14:41:15 ET
Table 'Repsolda' 6-max Seat #3 is the button
Seat 1: Franx 149 ($1.96 in chips) 
Seat 2: Andry00701 ($2.49 in chips) 
Seat 3: Lorpugo ($1.97 in chips) 
Seat 4: Sotiris000 ($2.40 in chips) 
Seat 5: rosbel_poker ($3.27 in chips) 
Seat 6: Emag fo Dog ($3.28 in chips) 
Sotiris000: posts small blind $0.01
rosbel_poker: posts big blind $0.02
*** HOLE CARDS ***
Dealt to Lorpugo [7h 8h]
Emag fo Dog: folds 
Franx 149: folds 
Andry00701: folds 
Lorpugo: raises $0.02 to $0.04
Sotiris000: folds 
rosbel_poker: folds 
Uncalled bet ($0.02) returned to Lorpugo
Lorpugo collected $0.05 from pot
Lorpugo: doesn't show hand 
*** SUMMARY ***
Total pot $0.05 | Rake $0 
Seat 1: Franx 149 folded before Flop (didn't bet)
Seat 2: Andry00701 folded before Flop (didn't bet)
Seat 3: Lorpugo (button) collected ($0.05)
Seat 4: Sotiris000 (small blind) folded before Flop
Seat 5: rosbel_poker (big blind) folded before Flop
Seat 6: Emag fo Dog folded before Flop (didn't bet)



PokerStars Hand #241325281553:  Hold'em No Limit ($0.01/$0.02 USD) - 2023/01/22 14:41:28 ET
Table 'Repsolda' 6-max Seat #4 is the button
Seat 1: Franx 149 ($1.96 in chips) 
Seat 2: Andry00701 ($2.49 in chips) 
Seat 3: Lorpugo ($2 in chips) 
Seat 4: Sotiris000 ($2.39 in chips) 
Seat 5: rosbel_poker ($3.25 in chips) 
Seat 6: Emag fo Dog ($3.28 in chips) 
rosbel_poker: posts small blind $0.01
Emag fo Dog: posts big blind $0.02
*** HOLE CARDS ***
Dealt to Lorpugo [Kc 7h]
Franx 149: folds 
Andry00701: folds 
Lorpugo: raises $0.03 to $0.05
Sotiris000: folds 
rosbel_poker: folds 
Emag fo Dog: calls $0.03
*** FLOP *** [5s 2s 8d]
Emag fo Dog: bets $0.02
Lorpugo: folds 
Uncalled bet ($0.02) returned to Emag fo Dog
Emag fo Dog collected $0.11 from pot
Emag fo Dog: doesn't show hand 
*** SUMMARY ***
Total pot $0.11 | Rake $0 
Board [5s 2s 8d]
Seat 1: Franx 149 folded before Flop (didn't bet)
Seat 2: Andry00701 folded before Flop (didn't bet)
Seat 3: Lorpugo folded on the Flop
Seat 4: Sotiris000 (button) folded before Flop (didn't bet)
Seat 5: rosbel_poker (small blind) folded before Flop
Seat 6: Emag fo Dog (big blind) collected ($0.11)



PokerStars Hand #241325295272:  Hold'em No Limit ($0.01/$0.02 USD) - 2023/01/22 14:41:56 ET
Table 'Repsolda' 6-max Seat #5 is the button
Seat 1: Franx 149 ($1.96 in chips) 
Seat 2: Andry00701 ($2.49 in chips) 
Seat 3: Lorpugo ($1.95 in chips) 
Seat 4: Sotiris000 ($2.39 in chips) 
Seat 5: rosbel_poker ($3.24 in chips) 
Seat 6: Emag fo Dog ($3.34 in chips) 
Emag fo Dog: posts small blind $0.01
Franx 149: posts big blind $0.02
*** HOLE CARDS ***
Dealt to Lorpugo [2c 8d]
Andry00701: folds 
Lorpugo: folds 
Sotiris000: folds 
rosbel_poker: folds 
Emag fo Dog: raises $0.03 to $0.05
Franx 149: folds 
Uncalled bet ($0.03) returned to Emag fo Dog
Emag fo Dog collected $0.04 from pot
Emag fo Dog: doesn't show hand 
*** SUMMARY ***
Total pot $0.04 | Rake $0 
Seat 1: Franx 149 (big blind) folded before Flop
Seat 2: Andry00701 folded before Flop (didn't bet)
Seat 3: Lorpugo folded before Flop (didn't bet)
Seat 4: Sotiris000 folded before Flop (didn't bet)
Seat 5: rosbel_poker (button) folded before Flop (didn't bet)
Seat 6: Emag fo Dog (small blind) collected ($0.04)



PokerStars Hand #241325300493:  Hold'em No Limit ($0.01/$0.02 USD) - 2023/01/22 14:42:07 ET
Table 'Repsolda' 6-max Seat #6 is the button
Seat 1: Franx 149 ($1.94 in chips) 
Seat 2: Andry00701 ($2.49 in chips) 
Seat 3: Lorpugo ($1.95 in chips) 
Seat 4: Sotiris000 ($2.39 in chips) 
Seat 5: rosbel_poker ($3.24 in chips) 
Seat 6: Emag fo Dog ($3.36 in chips) 
Franx 149: posts small blind $0.01
Andry00701: posts big blind $0.02
*** HOLE CARDS ***
Dealt to Lorpugo [Js Ks]
Lorpugo: raises $0.03 to $0.05
Sotiris000: folds 
rosbel_poker: folds 
Emag fo Dog: folds 
Franx 149: folds 
Andry00701: calls $0.03
*** FLOP *** [7h 9d Qc]
Franx 149 leaves the table
Andry00701: checks 
Lorpugo: checks 
*** TURN *** [7h 9d Qc] [Th]
Andry00701: checks 
SirWiechu joins the table at seat #1 
Lorpugo: bets $0.14
Andry00701: folds 
Uncalled bet ($0.14) returned to Lorpugo
Lorpugo collected $0.11 from pot
Lorpugo: doesn't show hand 
*** SUMMARY ***
Total pot $0.11 | Rake $0 
Board [7h 9d Qc Th]
Seat 1: Franx 149 (small blind) folded before Flop
Seat 2: Andry00701 (big blind) folded on the Turn
Seat 3: Lorpugo collected ($0.11)
Seat 4: Sotiris000 folded before Flop (didn't bet)
Seat 5: rosbel_poker folded before Flop (didn't bet)
Seat 6: Emag fo Dog (button) folded before Flop (didn't bet)



PokerStars Hand #241325316521:  Hold'em No Limit ($0.01/$0.02 USD) - 2023/01/22 14:42:40 ET
Table 'Repsolda' 6-max Seat #2 is the button
Seat 2: Andry00701 ($2.44 in chips) 
Seat 3: Lorpugo ($2.01 in chips) 
Seat 4: Sotiris000 ($2.39 in chips) 
Seat 5: rosbel_poker ($3.24 in chips) 
Seat 6: Emag fo Dog ($3.36 in chips) 
Lorpugo: posts small blind $0.01
Sotiris000: posts big blind $0.02
*** HOLE CARDS ***
Dealt to Lorpugo [8d 2d]
rosbel_poker: folds 
Emag fo Dog: raises $0.04 to $0.06
Andry00701: folds 
Lorpugo: folds 
Sotiris000: folds 
Uncalled bet ($0.04) returned to Emag fo Dog
Emag fo Dog collected $0.05 from pot
Emag fo Dog: doesn't show hand 
*** SUMMARY ***
Total pot $0.05 | Rake $0 
Seat 2: Andry00701 (button) folded before Flop (didn't bet)
Seat 3: Lorpugo (small blind) folded before Flop
Seat 4: Sotiris000 (big blind) folded before Flop
Seat 5: rosbel_poker folded before Flop (didn't bet)
Seat 6: Emag fo Dog collected ($0.05)



PokerStars Hand #241325327320:  Hold'em No Limit ($0.01/$0.02 USD) - 2023/01/22 14:43:02 ET
Table 'Repsolda' 6-max Seat #3 is the button
Seat 2: Andry00701 ($2.44 in chips) 
Seat 3: Lorpugo ($2 in chips) 
Seat 4: Sotiris000 ($2.37 in chips) 
Seat 5: rosbel_poker ($3.24 in chips) 
Seat 6: Emag fo Dog ($3.39 in chips) 
Sotiris000: posts small blind $0.01
rosbel_poker: posts big blind $0.02
*** HOLE CARDS ***
Dealt to Lorpugo [7h 6c]
Emag fo Dog: folds 
Andry00701: folds 
Lorpugo: raises $0.03 to $0.05
Sotiris000: folds 
rosbel_poker: calls $0.03
*** FLOP *** [Kc 8c 5d]
rosbel_poker: checks 
Lorpugo: bets $0.07
rosbel_poker: folds 
Uncalled bet ($0.07) returned to Lorpugo
Lorpugo collected $0.11 from pot
Lorpugo: doesn't show hand 
*** SUMMARY ***
Total pot $0.11 | Rake $0 
Board [Kc 8c 5d]
Seat 2: Andry00701 folded before Flop (didn't bet)
Seat 3: Lorpugo (button) collected ($0.11)
Seat 4: Sotiris000 (small blind) folded before Flop
Seat 5: rosbel_poker (big blind) folded on the Flop
Seat 6: Emag fo Dog folded before Flop (didn't bet)



PokerStars Hand #241325341263:  Hold'em No Limit ($0.01/$0.02 USD) - 2023/01/22 14:43:30 ET
Table 'Repsolda' 6-max Seat #4 is the button
Seat 2: Andry00701 ($2.44 in chips) 
Seat 3: Lorpugo ($2.06 in chips) 
Seat 4: Sotiris000 ($2.36 in chips) 
Seat 5: rosbel_poker ($3.19 in chips) 
Seat 6: Emag fo Dog ($3.39 in chips) 
rosbel_poker: posts small blind $0.01
Emag fo Dog: posts big blind $0.02
*** HOLE CARDS ***
Dealt to Lorpugo [3c 5s]
Andry00701: folds 
Lorpugo: folds 
Sotiris000: raises $0.02 to $0.04
rosbel_poker: folds 
Emag fo Dog: calls $0.02
*** FLOP *** [4h Kc 9h]
Emag fo Dog: bets $0.02
Sotiris000: raises $0.04 to $0.06
Emag fo Dog: calls $0.04
*** TURN *** [4h Kc 9h] [3h]
Emag fo Dog: bets $0.02
Sotiris000: calls $0.02
*** RIVER *** [4h Kc 9h 3h] [6c]
Emag fo Dog: bets $0.02
Sotiris000: calls $0.02
*** SHOW DOWN ***
Emag fo Dog: shows [8d 9d] (a pair of Nines)
Sotiris000: shows [Qd Kh] (a pair of Kings)
Sotiris000 collected $0.28 from pot
*** SUMMARY ***
Total pot $0.29 | Rake $0.01 
Board [4h Kc 9h 3h 6c]
Seat 2: Andry00701 folded before Flop (didn't bet)
Seat 3: Lorpugo folded before Flop (didn't bet)
Seat 4: Sotiris000 (button) showed [Qd Kh] and won ($0.28) with a pair of Kings
Seat 5: rosbel_poker (small blind) folded before Flop
Seat 6: Emag fo Dog (big blind) showed [8d 9d] and lost with a pair of Nines



PokerStars Hand #241325363182:  Hold'em No Limit ($0.01/$0.02 USD) - 2023/01/22 14:44:15 ET
Table 'Repsolda' 6-max Seat #5 is the button
Seat 1: SirWiechu ($2 in chips) 
Seat 2: Andry00701 ($2.44 in chips) 
Seat 3: Lorpugo ($2.06 in chips) 
Seat 4: Sotiris000 ($2.50 in chips) 
Seat 5: rosbel_poker ($3.18 in chips) 
Seat 6: Emag fo Dog ($3.25 in chips) 
Emag fo Dog: posts small blind $0.01
SirWiechu: posts big blind $0.02
*** HOLE CARDS ***
Dealt to Lorpugo [8c Ad]
Andry00701: folds 
Lorpugo: raises $0.02 to $0.04
Sotiris000: folds 
rosbel_poker: folds 
Emag fo Dog: calls $0.03
SirWiechu: calls $0.02
*** FLOP *** [6h 5c Ts]
Emag fo Dog: bets $0.02
SirWiechu: calls $0.02
Lorpugo: calls $0.02
*** TURN *** [6h 5c Ts] [2s]
Emag fo Dog: bets $0.02
SirWiechu: calls $0.02
Lorpugo: calls $0.02
*** RIVER *** [6h 5c Ts 2s] [9c]
Emag fo Dog: bets $0.09
SirWiechu: folds 
Lorpugo: folds 
Uncalled bet ($0.09) returned to Emag fo Dog
Emag fo Dog collected $0.23 from pot
Emag fo Dog: doesn't show hand 
*** SUMMARY ***
Total pot $0.24 | Rake $0.01 
Board [6h 5c Ts 2s 9c]
Seat 1: SirWiechu (big blind) folded on the River
Seat 2: Andry00701 folded before Flop (didn't bet)
Seat 3: Lorpugo folded on the River
Seat 4: Sotiris000 folded before Flop (didn't bet)
Seat 5: rosbel_poker (button) folded before Flop (didn't bet)
Seat 6: Emag fo Dog (small blind) collected ($0.23)



PokerStars Hand #241325391316:  Hold'em No Limit ($0.01/$0.02 USD) - 2023/01/22 14:45:13 ET
Table 'Repsolda' 6-max Seat #6 is the button
Seat 1: SirWiechu ($1.92 in chips) 
Seat 2: Andry00701 ($2.44 in chips) 
Seat 3: Lorpugo ($1.98 in chips) 
Seat 4: Sotiris000 ($2.50 in chips) 
Seat 5: rosbel_poker ($3.18 in chips) 
Seat 6: Emag fo Dog ($3.40 in chips) 
SirWiechu: posts small blind $0.01
Andry00701: posts big blind $0.02
*** HOLE CARDS ***
Dealt to Lorpugo [Kd 8c]
Lorpugo: folds 
Sotiris000: folds 
rosbel_poker: folds 
Emag fo Dog: raises $0.03 to $0.05
SirWiechu: folds 
Andry00701: folds 
Uncalled bet ($0.03) returned to Emag fo Dog
Emag fo Dog collected $0.05 from pot
Emag fo Dog: doesn't show hand 
*** SUMMARY ***
Total pot $0.05 | Rake $0 
Seat 1: SirWiechu (small blind) folded before Flop
Seat 2: Andry00701 (big blind) folded before Flop
Seat 3: Lorpugo folded before Flop (didn't bet)
Seat 4: Sotiris000 folded before Flop (didn't bet)
Seat 5: rosbel_poker folded before Flop (didn't bet)
Seat 6: Emag fo Dog (button) collected ($0.05)



PokerStars Hand #241325398613:  Hold'em No Limit ($0.01/$0.02 USD) - 2023/01/22 14:45:28 ET
Table 'Repsolda' 6-max Seat #1 is the button
Seat 1: SirWiechu ($1.91 in chips) 
Seat 2: Andry00701 ($2.42 in chips) 
Seat 3: Lorpugo ($1.98 in chips) 
Seat 4: Sotiris000 ($2.50 in chips) 
Seat 5: rosbel_poker ($3.18 in chips) 
Seat 6: Emag fo Dog ($3.43 in chips) 
Andry00701: posts small blind $0.01
Lorpugo: posts big blind $0.02
*** HOLE CARDS ***
Dealt to Lorpugo [2s Js]
Sotiris000: raises $0.04 to $0.06
rosbel_poker: folds 
Emag fo Dog: folds 
SirWiechu: folds 
Andry00701: folds 
Lorpugo: folds 
Uncalled bet ($0.04) returned to Sotiris000
Sotiris000 collected $0.05 from pot
Sotiris000: doesn't show hand 
*** SUMMARY ***
Total pot $0.05 | Rake $0 
Seat 1: SirWiechu (button) folded before Flop (didn't bet)
Seat 2: Andry00701 (small blind) folded before Flop
Seat 3: Lorpugo (big blind) folded before Flop
Seat 4: Sotiris000 collected ($0.05)
Seat 5: rosbel_poker folded before Flop (didn't bet)
Seat 6: Emag fo Dog folded before Flop (didn't bet)



PokerStars Hand #241325405112:  Hold'em No Limit ($0.01/$0.02 USD) - 2023/01/22 14:45:42 ET
Table 'Repsolda' 6-max Seat #2 is the button
Seat 1: SirWiechu ($1.91 in chips) 
Seat 2: Andry00701 ($2.41 in chips) 
Seat 3: Lorpugo ($1.96 in chips) 
Seat 4: Sotiris000 ($2.53 in chips) 
Seat 5: rosbel_poker ($3.18 in chips) 
Seat 6: Emag fo Dog ($3.43 in chips) 
Lorpugo: posts small blind $0.01
Sotiris000: posts big blind $0.02
*** HOLE CARDS ***
Dealt to Lorpugo [8h 4h]
rosbel_poker: folds 
Emag fo Dog: folds 
SirWiechu: folds 
Andry00701: folds 
Lorpugo: raises $0.03 to $0.05
Sotiris000: folds 
Uncalled bet ($0.03) returned to Lorpugo
Lorpugo collected $0.04 from pot
Lorpugo: doesn't show hand 
*** SUMMARY ***
Total pot $0.04 | Rake $0 
Seat 1: SirWiechu folded before Flop (didn't bet)
Seat 2: Andry00701 (button) folded before Flop (didn't bet)
Seat 3: Lorpugo (small blind) collected ($0.04)
Seat 4: Sotiris000 (big blind) folded before Flop
Seat 5: rosbel_poker folded before Flop (didn't bet)
Seat 6: Emag fo Dog folded before Flop (didn't bet)



PokerStars Hand #241325411904:  Hold'em No Limit ($0.01/$0.02 USD) - 2023/01/22 14:45:56 ET
Table 'Repsolda' 6-max Seat #3 is the button
Seat 1: SirWiechu ($1.91 in chips) 
Seat 2: Andry00701 ($2.41 in chips) 
Seat 3: Lorpugo ($1.98 in chips) 
Seat 4: Sotiris000 ($2.51 in chips) 
Seat 5: rosbel_poker ($3.18 in chips) 
Seat 6: Emag fo Dog ($3.43 in chips) 
Sotiris000: posts small blind $0.01
rosbel_poker: posts big blind $0.02
*** HOLE CARDS ***
Dealt to Lorpugo [4s 9d]
Emag fo Dog: folds 
SirWiechu: raises $0.04 to $0.06
Andry00701: folds 
Lorpugo: folds 
Sotiris000: folds 
rosbel_poker: raises $0.12 to $0.18
SirWiechu: folds 
Uncalled bet ($0.12) returned to rosbel_poker
rosbel_poker collected $0.13 from pot
rosbel_poker: doesn't show hand 
*** SUMMARY ***
Total pot $0.13 | Rake $0 
Seat 1: SirWiechu folded before Flop
Seat 2: Andry00701 folded before Flop (didn't bet)
Seat 3: Lorpugo (button) folded before Flop (didn't bet)
Seat 4: Sotiris000 (small blind) folded before Flop
Seat 5: rosbel_poker (big blind) collected ($0.13)
Seat 6: Emag fo Dog folded before Flop (didn't bet)



PokerStars Hand #241325430216:  Hold'em No Limit ($0.01/$0.02 USD) - 2023/01/22 14:46:33 ET
Table 'Repsolda' 6-max Seat #4 is the button
Seat 1: SirWiechu ($1.85 in chips) 
Seat 2: Andry00701 ($2.41 in chips) 
Seat 3: Lorpugo ($1.98 in chips) 
Seat 4: Sotiris000 ($2.50 in chips) 
Seat 5: rosbel_poker ($3.25 in chips) 
Seat 6: Emag fo Dog ($3.43 in chips) 
rosbel_poker: posts small blind $0.01
Emag fo Dog: posts big blind $0.02
*** HOLE CARDS ***
Dealt to Lorpugo [4s 7h]
SirWiechu: folds 
Andry00701: folds 
Lorpugo: folds 
Sotiris000: folds 
rosbel_poker: raises $0.03 to $0.05
Emag fo Dog: folds 
Uncalled bet ($0.03) returned to rosbel_poker
rosbel_poker collected $0.04 from pot
rosbel_poker: doesn't show hand 
*** SUMMARY ***
Total pot $0.04 | Rake $0 
Seat 1: SirWiechu folded before Flop (didn't bet)
Seat 2: Andry00701 folded before Flop (didn't bet)
Seat 3: Lorpugo folded before Flop (didn't bet)
Seat 4: Sotiris000 (button) folded before Flop (didn't bet)
Seat 5: rosbel_poker (small blind) collected ($0.04)
Seat 6: Emag fo Dog (big blind) folded before Flop



PokerStars Hand #241325436434:  Hold'em No Limit ($0.01/$0.02 USD) - 2023/01/22 14:46:46 ET
Table 'Repsolda' 6-max Seat #5 is the button
Seat 1: SirWiechu ($1.85 in chips) 
Seat 2: Andry00701 ($2.41 in chips) 
Seat 3: Lorpugo ($1.98 in chips) 
Seat 4: Sotiris000 ($2.50 in chips) 
Seat 5: rosbel_poker ($3.27 in chips) 
Seat 6: Emag fo Dog ($3.41 in chips) 
Emag fo Dog: posts small blind $0.01
SirWiechu: posts big blind $0.02
*** HOLE CARDS ***
Dealt to Lorpugo [3h Th]
Andry00701: calls $0.02
Lorpugo: folds 
Sotiris000: folds 
rosbel_poker: folds 
Emag fo Dog: calls $0.01
SirWiechu: checks 
*** FLOP *** [Js 8h 2c]
Emag fo Dog: bets $0.02
SirWiechu: calls $0.02
Andry00701: calls $0.02
*** TURN *** [Js 8h 2c] [8s]
Emag fo Dog: bets $0.02
SirWiechu: raises $0.06 to $0.08
Andry00701: folds 
Emag fo Dog: folds 
Uncalled bet ($0.06) returned to SirWiechu
SirWiechu collected $0.15 from pot
SirWiechu: doesn't show hand 
*** SUMMARY ***
Total pot $0.16 | Rake $0.01 
Board [Js 8h 2c 8s]
Seat 1: SirWiechu (big blind) collected ($0.15)
Seat 2: Andry00701 folded on the Turn
Seat 3: Lorpugo folded before Flop (didn't bet)
Seat 4: Sotiris000 folded before Flop (didn't bet)
Seat 5: rosbel_poker (button) folded before Flop (didn't bet)
Seat 6: Emag fo Dog (small blind) folded on the Turn



PokerStars Hand #241325459460:  Hold'em No Limit ($0.01/$0.02 USD) - 2023/01/22 14:47:34 ET
Table 'Repsolda' 6-max Seat #6 is the button
Seat 1: SirWiechu ($1.94 in chips) 
Seat 3: Lorpugo ($1.98 in chips) 
Seat 4: Sotiris000 ($2.50 in chips) 
Seat 5: rosbel_poker ($3.27 in chips) 
Seat 6: Emag fo Dog ($3.35 in chips) 
SirWiechu: posts small blind $0.01
Lorpugo: posts big blind $0.02
*** HOLE CARDS ***
Dealt to Lorpugo [2h 5s]
Sotiris000: folds 
Andry00701 leaves the table
rosbel_poker: raises $0.03 to $0.05
Emag fo Dog: folds 
SirWiechu: folds 
Lorpugo: folds 
Uncalled bet ($0.03) returned to rosbel_poker
rosbel_poker collected $0.05 from pot
*** SUMMARY ***
Total pot $0.05 | Rake $0 
Seat 1: SirWiechu (small blind) folded before Flop
Seat 3: Lorpugo (big blind) folded before Flop
Seat 4: Sotiris000 folded before Flop (didn't bet)
Seat 5: rosbel_poker collected ($0.05)
Seat 6: Emag fo Dog (button) folded before Flop (didn't bet)



PokerStars Hand #241325464551:  Hold'em No Limit ($0.01/$0.02 USD) - 2023/01/22 14:47:44 ET
Table 'Repsolda' 6-max Seat #1 is the button
Seat 1: SirWiechu ($1.93 in chips) 
Seat 3: Lorpugo ($1.96 in chips) 
Seat 4: Sotiris000 ($2.50 in chips) 
Seat 5: rosbel_poker ($3.30 in chips) 
Seat 6: Emag fo Dog ($3.35 in chips) 
Lorpugo: posts small blind $0.01
Sotiris000: posts big blind $0.02
*** HOLE CARDS ***
Dealt to Lorpugo [Jh Qh]
rosbel_poker: folds 
Emag fo Dog: folds 
SirWiechu: folds 
christian11d joins the table at seat #2 
Lorpugo: raises $0.03 to $0.05
Sotiris000: folds 
Uncalled bet ($0.03) returned to Lorpugo
Lorpugo collected $0.04 from pot
Lorpugo: doesn't show hand 
*** SUMMARY ***
Total pot $0.04 | Rake $0 
Seat 1: SirWiechu (button) folded before Flop (didn't bet)
Seat 3: Lorpugo (small blind) collected ($0.04)
Seat 4: Sotiris000 (big blind) folded before Flop
Seat 5: rosbel_poker folded before Flop (didn't bet)
Seat 6: Emag fo Dog folded before Flop (didn't bet)



PokerStars Hand #241325469919:  Hold'em No Limit ($0.01/$0.02 USD) - 2023/01/22 14:47:55 ET
Table 'Repsolda' 6-max Seat #3 is the button
Seat 1: SirWiechu ($1.93 in chips) 
Seat 3: Lorpugo ($1.98 in chips) 
Seat 4: Sotiris000 ($2.48 in chips) 
Seat 5: rosbel_poker ($3.30 in chips) 
Seat 6: Emag fo Dog ($3.35 in chips) 
Sotiris000: posts small blind $0.01
rosbel_poker: posts big blind $0.02
*** HOLE CARDS ***
Dealt to Lorpugo [8h Kd]
Emag fo Dog: raises $0.04 to $0.06
SirWiechu: folds 
Lorpugo: folds 
Sotiris000: folds 
rosbel_poker: folds 
Uncalled bet ($0.04) returned to Emag fo Dog
Emag fo Dog collected $0.05 from pot
Emag fo Dog: doesn't show hand 
*** SUMMARY ***
Total pot $0.05 | Rake $0 
Seat 1: SirWiechu folded before Flop (didn't bet)
Seat 3: Lorpugo (button) folded before Flop (didn't bet)
Seat 4: Sotiris000 (small blind) folded before Flop
Seat 5: rosbel_poker (big blind) folded before Flop
Seat 6: Emag fo Dog collected ($0.05)



PokerStars Hand #241325479024:  Hold'em No Limit ($0.01/$0.02 USD) - 2023/01/22 14:48:14 ET
Table 'Repsolda' 6-max Seat #4 is the button
Seat 1: SirWiechu ($1.93 in chips) 
Seat 3: Lorpugo ($1.98 in chips) 
Seat 4: Sotiris000 ($2.47 in chips) 
Seat 5: rosbel_poker ($3.28 in chips) 
Seat 6: Emag fo Dog ($3.38 in chips) 
rosbel_poker: posts small blind $0.01
Emag fo Dog: posts big blind $0.02
*** HOLE CARDS ***
Dealt to Lorpugo [Qh Jc]
SirWiechu: raises $0.04 to $0.06
Lorpugo: folds 
Sotiris000: folds 
rosbel_poker: folds 
Emag fo Dog: folds 
Uncalled bet ($0.04) returned to SirWiechu
SirWiechu collected $0.05 from pot
SirWiechu: doesn't show hand 
*** SUMMARY ***
Total pot $0.05 | Rake $0 
Seat 1: SirWiechu collected ($0.05)
Seat 3: Lorpugo folded before Flop (didn't bet)
Seat 4: Sotiris000 (button) folded before Flop (didn't bet)
Seat 5: rosbel_poker (small blind) folded before Flop
Seat 6: Emag fo Dog (big blind) folded before Flop



PokerStars Hand #241325487595:  Hold'em No Limit ($0.01/$0.02 USD) - 2023/01/22 14:48:32 ET
Table 'Repsolda' 6-max Seat #5 is the button
Seat 1: SirWiechu ($1.96 in chips) 
Seat 3: Lorpugo ($1.98 in chips) 
Seat 4: Sotiris000 ($2.47 in chips) 
Seat 5: rosbel_poker ($3.27 in chips) 
Seat 6: Emag fo Dog ($3.36 in chips) 
Emag fo Dog: posts small blind $0.01
SirWiechu: posts big blind $0.02
*** HOLE CARDS ***
Dealt to Lorpugo [3c 3d]
Lorpugo: raises $0.03 to $0.05
Sotiris000: folds 
rosbel_poker: folds 
Emag fo Dog: raises $0.18 to $0.23
SirWiechu: folds 
Lorpugo: folds 
Uncalled bet ($0.18) returned to Emag fo Dog
Emag fo Dog collected $0.12 from pot
Emag fo Dog: doesn't show hand 
*** SUMMARY ***
Total pot $0.12 | Rake $0 
Seat 1: SirWiechu (big blind) folded before Flop
Seat 3: Lorpugo folded before Flop
Seat 4: Sotiris000 folded before Flop (didn't bet)
Seat 5: rosbel_poker (button) folded before Flop (didn't bet)
Seat 6: Emag fo Dog (small blind) collected ($0.12)



PokerStars Hand #241325495024:  Hold'em No Limit ($0.01/$0.02 USD) - 2023/01/22 14:48:47 ET
Table 'Repsolda' 6-max Seat #6 is the button
Seat 1: SirWiechu ($1.94 in chips) 
Seat 2: christian11d ($2 in chips) 
Seat 3: Lorpugo ($1.93 in chips) 
Seat 4: Sotiris000 ($2.47 in chips) 
Seat 5: rosbel_poker ($3.27 in chips) 
Seat 6: Emag fo Dog ($3.43 in chips) 
SirWiechu: posts small blind $0.01
christian11d: posts big blind $0.02
*** HOLE CARDS ***
Dealt to Lorpugo [Qs Qd]
Lorpugo: raises $0.03 to $0.05
Sotiris000: folds 
rosbel_poker: folds 
Emag fo Dog: folds 
SirWiechu: folds 
christian11d: folds 
Uncalled bet ($0.03) returned to Lorpugo
Lorpugo collected $0.05 from pot
Lorpugo: doesn't show hand 
*** SUMMARY ***
Total pot $0.05 | Rake $0 
Seat 1: SirWiechu (small blind) folded before Flop
Seat 2: christian11d (big blind) folded before Flop
Seat 3: Lorpugo collected ($0.05)
Seat 4: Sotiris000 folded before Flop (didn't bet)
Seat 5: rosbel_poker folded before Flop (didn't bet)
Seat 6: Emag fo Dog (button) folded before Flop (didn't bet)



PokerStars Hand #241325507947:  Hold'em No Limit ($0.01/$0.02 USD) - 2023/01/22 14:49:14 ET
Table 'Repsolda' 6-max Seat #1 is the button
Seat 1: SirWiechu ($1.93 in chips) 
Seat 2: christian11d ($1.98 in chips) 
Seat 3: Lorpugo ($1.96 in chips) 
Seat 4: Sotiris000 ($2.47 in chips) 
Seat 5: rosbel_poker ($3.27 in chips) 
Seat 6: Emag fo Dog ($3.43 in chips) 
christian11d: posts small blind $0.01
Lorpugo: posts big blind $0.02
*** HOLE CARDS ***
Dealt to Lorpugo [Th Ks]
Sotiris000: folds 
rosbel_poker: folds 
Emag fo Dog: folds 
SirWiechu: folds 
christian11d: folds 
Uncalled bet ($0.01) returned to Lorpugo
Lorpugo collected $0.02 from pot
Lorpugo: doesn't show hand 
*** SUMMARY ***
Total pot $0.02 | Rake $0 
Seat 1: SirWiechu (button) folded before Flop (didn't bet)
Seat 2: christian11d (small blind) folded before Flop
Seat 3: Lorpugo (big blind) collected ($0.02)
Seat 4: Sotiris000 folded before Flop (didn't bet)
Seat 5: rosbel_poker folded before Flop (didn't bet)
Seat 6: Emag fo Dog folded before Flop (didn't bet)



PokerStars Hand #241325516778:  Hold'em No Limit ($0.01/$0.02 USD) - 2023/01/22 14:49:32 ET
Table 'Repsolda' 6-max Seat #2 is the button
Seat 1: SirWiechu ($1.93 in chips) 
Seat 2: christian11d ($1.97 in chips) 
Seat 3: Lorpugo ($1.97 in chips) 
Seat 4: Sotiris000 ($2.47 in chips) 
Seat 5: rosbel_poker ($3.27 in chips) 
Seat 6: Emag fo Dog ($3.43 in chips) 
Lorpugo: posts small blind $0.01
Sotiris000: posts big blind $0.02
*** HOLE CARDS ***
Dealt to Lorpugo [Tc Kc]
rosbel_poker: folds 
Emag fo Dog: folds 
SirWiechu: raises $0.04 to $0.06
christian11d: folds 
Lorpugo: calls $0.05
Sotiris000: folds 
*** FLOP *** [Jc Qc 3s]
Lorpugo: checks 
SirWiechu: bets $0.08
Lorpugo: raises $0.15 to $0.23
SirWiechu: folds 
Uncalled bet ($0.15) returned to Lorpugo
Lorpugo collected $0.29 from pot
Lorpugo: doesn't show hand 
*** SUMMARY ***
Total pot $0.30 | Rake $0.01 
Board [Jc Qc 3s]
Seat 1: SirWiechu folded on the Flop
Seat 2: christian11d (button) folded before Flop (didn't bet)
Seat 3: Lorpugo (small blind) collected ($0.29)
Seat 4: Sotiris000 (big blind) folded before Flop
Seat 5: rosbel_poker folded before Flop (didn't bet)
Seat 6: Emag fo Dog folded before Flop (didn't bet)



PokerStars Hand #241325538052:  Hold'em No Limit ($0.01/$0.02 USD) - 2023/01/22 14:50:16 ET
Table 'Repsolda' 6-max Seat #3 is the button
Seat 1: SirWiechu ($1.79 in chips) 
Seat 2: christian11d ($1.97 in chips) 
Seat 3: Lorpugo ($2.12 in chips) 
Seat 4: Sotiris000 ($2.45 in chips) 
Seat 5: rosbel_poker ($3.27 in chips) 
Seat 6: Emag fo Dog ($3.43 in chips) 
Sotiris000: posts small blind $0.01
rosbel_poker: posts big blind $0.02
*** HOLE CARDS ***
Dealt to Lorpugo [Qh 6h]
Emag fo Dog: raises $0.04 to $0.06
SirWiechu: folds 
christian11d: folds 
Lorpugo: folds 
Sotiris000: folds 
rosbel_poker: folds 
Uncalled bet ($0.04) returned to Emag fo Dog
Emag fo Dog collected $0.05 from pot
Emag fo Dog: doesn't show hand 
*** SUMMARY ***
Total pot $0.05 | Rake $0 
Seat 1: SirWiechu folded before Flop (didn't bet)
Seat 2: christian11d folded before Flop (didn't bet)
Seat 3: Lorpugo (button) folded before Flop (didn't bet)
Seat 4: Sotiris000 (small blind) folded before Flop
Seat 5: rosbel_poker (big blind) folded before Flop
Seat 6: Emag fo Dog collected ($0.05)



PokerStars Hand #241325548192:  Hold'em No Limit ($0.01/$0.02 USD) - 2023/01/22 14:50:37 ET
Table 'Repsolda' 6-max Seat #4 is the button
Seat 1: SirWiechu ($1.79 in chips) 
Seat 2: christian11d ($1.97 in chips) 
Seat 3: Lorpugo ($2.12 in chips) 
Seat 4: Sotiris000 ($2.44 in chips) 
Seat 5: rosbel_poker ($3.25 in chips) 
Seat 6: Emag fo Dog ($3.46 in chips) 
rosbel_poker: posts small blind $0.01
Emag fo Dog: posts big blind $0.02
*** HOLE CARDS ***
Dealt to Lorpugo [6d Th]
SirWiechu: folds 
christian11d: folds 
Lorpugo: folds 
Sotiris000: raises $0.02 to $0.04
rosbel_poker: folds 
Emag fo Dog: calls $0.02
*** FLOP *** [Ah 5d 7s]
Emag fo Dog: bets $0.02
Sotiris000: calls $0.02
*** TURN *** [Ah 5d 7s] [4h]
Emag fo Dog: bets $0.02
Sotiris000: folds 
Uncalled bet ($0.02) returned to Emag fo Dog
Emag fo Dog collected $0.13 from pot
Emag fo Dog: doesn't show hand 
*** SUMMARY ***
Total pot $0.13 | Rake $0 
Board [Ah 5d 7s 4h]
Seat 1: SirWiechu folded before Flop (didn't bet)
Seat 2: christian11d folded before Flop (didn't bet)
Seat 3: Lorpugo folded before Flop (didn't bet)
Seat 4: Sotiris000 (button) folded on the Turn
Seat 5: rosbel_poker (small blind) folded before Flop
Seat 6: Emag fo Dog (big blind) collected ($0.13)



PokerStars Hand #241325569011:  Hold'em No Limit ($0.01/$0.02 USD) - 2023/01/22 14:51:20 ET
Table 'Repsolda' 6-max Seat #5 is the button
Seat 1: SirWiechu ($1.79 in chips) 
Seat 2: christian11d ($1.97 in chips) 
Seat 3: Lorpugo ($2.12 in chips) 
Seat 4: Sotiris000 ($2.38 in chips) 
Seat 5: rosbel_poker ($3.24 in chips) 
Seat 6: Emag fo Dog ($3.53 in chips) 
Emag fo Dog: posts small blind $0.01
SirWiechu: posts big blind $0.02
*** HOLE CARDS ***
Dealt to Lorpugo [8d 7d]
christian11d: folds 
Lorpugo: raises $0.03 to $0.05
Sotiris000: folds 
rosbel_poker: folds 
Emag fo Dog: raises $0.18 to $0.23
SirWiechu: folds 
Lorpugo: folds 
Uncalled bet ($0.18) returned to Emag fo Dog
Emag fo Dog collected $0.12 from pot
Emag fo Dog: doesn't show hand 
*** SUMMARY ***
Total pot $0.12 | Rake $0 
Seat 1: SirWiechu (big blind) folded before Flop
Seat 2: christian11d folded before Flop (didn't bet)
Seat 3: Lorpugo folded before Flop
Seat 4: Sotiris000 folded before Flop (didn't bet)
Seat 5: rosbel_poker (button) folded before Flop (didn't bet)
Seat 6: Emag fo Dog (small blind) collected ($0.12)



PokerStars Hand #241325585687:  Hold'em No Limit ($0.01/$0.02 USD) - 2023/01/22 14:51:55 ET
Table 'Repsolda' 6-max Seat #6 is the button
Seat 1: SirWiechu ($1.77 in chips) 
Seat 2: christian11d ($1.97 in chips) 
Seat 3: Lorpugo ($2.07 in chips) 
Seat 4: Sotiris000 ($2.38 in chips) 
Seat 5: rosbel_poker ($3.24 in chips) 
Seat 6: Emag fo Dog ($3.60 in chips) 
SirWiechu: posts small blind $0.01
christian11d: posts big blind $0.02
*** HOLE CARDS ***
Dealt to Lorpugo [4c 2s]
Lorpugo: folds 
Sotiris000: raises $0.02 to $0.04
rosbel_poker: raises $0.08 to $0.12
Emag fo Dog: folds 
SirWiechu: folds 
christian11d: folds 
Sotiris000: folds 
Uncalled bet ($0.08) returned to rosbel_poker
rosbel_poker collected $0.11 from pot
rosbel_poker: doesn't show hand 
*** SUMMARY ***
Total pot $0.11 | Rake $0 
Seat 1: SirWiechu (small blind) folded before Flop
Seat 2: christian11d (big blind) folded before Flop
Seat 3: Lorpugo folded before Flop (didn't bet)
Seat 4: Sotiris000 folded before Flop
Seat 5: rosbel_poker collected ($0.11)
Seat 6: Emag fo Dog (button) folded before Flop (didn't bet)



PokerStars Hand #241325598429:  Hold'em No Limit ($0.01/$0.02 USD) - 2023/01/22 14:52:21 ET
Table 'Repsolda' 6-max Seat #1 is the button
Seat 1: SirWiechu ($1.76 in chips) 
Seat 2: christian11d ($1.95 in chips) 
Seat 3: Lorpugo ($2.07 in chips) 
Seat 4: Sotiris000 ($2.34 in chips) 
Seat 5: rosbel_poker ($3.31 in chips) 
Seat 6: Emag fo Dog ($3.60 in chips) 
christian11d: posts small blind $0.01
Lorpugo: posts big blind $0.02
*** HOLE CARDS ***
Dealt to Lorpugo [2c Ah]
Sotiris000: folds 
rosbel_poker: folds 
Emag fo Dog: folds 
SirWiechu: raises $0.04 to $0.06
christian11d: calls $0.05
Lorpugo: calls $0.04
*** FLOP *** [Qs Ts Jd]
christian11d: checks 
Lorpugo: checks 
SirWiechu: bets $0.10
christian11d: folds 
Lorpugo: folds 
Uncalled bet ($0.10) returned to SirWiechu
SirWiechu collected $0.17 from pot
SirWiechu: doesn't show hand 
*** SUMMARY ***
Total pot $0.18 | Rake $0.01 
Board [Qs Ts Jd]
Seat 1: SirWiechu (button) collected ($0.17)
Seat 2: christian11d (small blind) folded on the Flop
Seat 3: Lorpugo (big blind) folded on the Flop
Seat 4: Sotiris000 folded before Flop (didn't bet)
Seat 5: rosbel_poker folded before Flop (didn't bet)
Seat 6: Emag fo Dog folded before Flop (didn't bet)



PokerStars Hand #241325615912:  Hold'em No Limit ($0.01/$0.02 USD) - 2023/01/22 14:52:57 ET
Table 'Repsolda' 6-max Seat #2 is the button
Seat 1: SirWiechu ($1.87 in chips) 
Seat 2: christian11d ($1.89 in chips) 
Seat 3: Lorpugo ($2.01 in chips) 
Seat 4: Sotiris000 ($2.34 in chips) 
Seat 5: rosbel_poker ($3.31 in chips) 
Seat 6: Emag fo Dog ($3.60 in chips) 
Lorpugo: posts small blind $0.01
Sotiris000: posts big blind $0.02
*** HOLE CARDS ***
Dealt to Lorpugo [2s 4h]
rosbel_poker: folds 
Emag fo Dog: folds 
SirWiechu: folds 
christian11d: raises $0.04 to $0.06
Lorpugo: folds 
Sotiris000: folds 
Uncalled bet ($0.04) returned to christian11d
christian11d collected $0.05 from pot
christian11d: doesn't show hand 
*** SUMMARY ***
Total pot $0.05 | Rake $0 
Seat 1: SirWiechu folded before Flop (didn't bet)
Seat 2: christian11d (button) collected ($0.05)
Seat 3: Lorpugo (small blind) folded before Flop
Seat 4: Sotiris000 (big blind) folded before Flop
Seat 5: rosbel_poker folded before Flop (didn't bet)
Seat 6: Emag fo Dog folded before Flop (didn't bet)



PokerStars Hand #241325624927:  Hold'em No Limit ($0.01/$0.02 USD) - 2023/01/22 14:53:15 ET
Table 'Repsolda' 6-max Seat #3 is the button
Seat 1: SirWiechu ($1.87 in chips) 
Seat 2: christian11d ($1.92 in chips) 
Seat 3: Lorpugo ($2 in chips) 
Seat 4: Sotiris000 ($2.32 in chips) 
Seat 5: rosbel_poker ($3.31 in chips) 
Seat 6: Emag fo Dog ($3.60 in chips) 
Sotiris000: posts small blind $0.01
rosbel_poker: posts big blind $0.02
*** HOLE CARDS ***
Dealt to Lorpugo [Ad Qs]
Emag fo Dog: folds 
SirWiechu: folds 
christian11d: folds 
Lorpugo: raises $0.03 to $0.05
Sotiris000: folds 
rosbel_poker: folds 
Uncalled bet ($0.03) returned to Lorpugo
Lorpugo collected $0.05 from pot
Lorpugo: doesn't show hand 
*** SUMMARY ***
Total pot $0.05 | Rake $0 
Seat 1: SirWiechu folded before Flop (didn't bet)
Seat 2: christian11d folded before Flop (didn't bet)
Seat 3: Lorpugo (button) collected ($0.05)
Seat 4: Sotiris000 (small blind) folded before Flop
Seat 5: rosbel_poker (big blind) folded before Flop
Seat 6: Emag fo Dog folded before Flop (didn't bet)



PokerStars Hand #241325631395:  Hold'em No Limit ($0.01/$0.02 USD) - 2023/01/22 14:53:29 ET
Table 'Repsolda' 6-max Seat #4 is the button
Seat 1: SirWiechu ($1.87 in chips) 
Seat 2: christian11d ($1.92 in chips) 
Seat 3: Lorpugo ($2.03 in chips) 
Seat 4: Sotiris000 ($2.31 in chips) 
Seat 5: rosbel_poker ($3.29 in chips) 
Seat 6: Emag fo Dog ($3.60 in chips) 
rosbel_poker: posts small blind $0.01
Emag fo Dog: posts big blind $0.02
*** HOLE CARDS ***
Dealt to Lorpugo [Jd Jh]
SirWiechu: raises $0.04 to $0.06
christian11d: folds 
Lorpugo: raises $0.15 to $0.21
Sotiris000: folds 
rosbel_poker: folds 
Emag fo Dog: folds 
SirWiechu: calls $0.15
*** FLOP *** [9c 6s 4d]
SirWiechu: checks 
Lorpugo: bets $1.82 and is all-in
SirWiechu: folds 
Uncalled bet ($1.82) returned to Lorpugo
Lorpugo collected $0.43 from pot
Lorpugo: doesn't show hand 
*** SUMMARY ***
Total pot $0.45 | Rake $0.02 
Board [9c 6s 4d]
Seat 1: SirWiechu folded on the Flop
Seat 2: christian11d folded before Flop (didn't bet)
Seat 3: Lorpugo collected ($0.43)
Seat 4: Sotiris000 (button) folded before Flop (didn't bet)
Seat 5: rosbel_poker (small blind) folded before Flop
Seat 6: Emag fo Dog (big blind) folded before Flop



PokerStars Hand #241325659433:  Hold'em No Limit ($0.01/$0.02 USD) - 2023/01/22 14:54:27 ET
Table 'Repsolda' 6-max Seat #5 is the button
Seat 1: SirWiechu ($1.66 in chips) 
Seat 2: christian11d ($1.92 in chips) 
Seat 3: Lorpugo ($2.25 in chips) 
Seat 4: Sotiris000 ($2.31 in chips) 
Seat 5: rosbel_poker ($3.28 in chips) 
Seat 6: Emag fo Dog ($3.58 in chips) 
Emag fo Dog: posts small blind $0.01
SirWiechu: posts big blind $0.02
*** HOLE CARDS ***
Dealt to Lorpugo [Qd 2s]
christian11d: folds 
Lorpugo: folds 
Sotiris000: folds 
rosbel_poker: folds 
Emag fo Dog: folds 
Uncalled bet ($0.01) returned to SirWiechu
SirWiechu collected $0.02 from pot
SirWiechu: doesn't show hand 
*** SUMMARY ***
Total pot $0.02 | Rake $0 
Seat 1: SirWiechu (big blind) collected ($0.02)
Seat 2: christian11d folded before Flop (didn't bet)
Seat 3: Lorpugo folded before Flop (didn't bet)
Seat 4: Sotiris000 folded before Flop (didn't bet)
Seat 5: rosbel_poker (button) folded before Flop (didn't bet)
Seat 6: Emag fo Dog (small blind) folded before Flop



PokerStars Hand #241325666673:  Hold'em No Limit ($0.01/$0.02 USD) - 2023/01/22 14:54:42 ET
Table 'Repsolda' 6-max Seat #6 is the button
Seat 1: SirWiechu ($1.67 in chips) 
Seat 2: christian11d ($1.92 in chips) 
Seat 3: Lorpugo ($2.25 in chips) 
Seat 4: Sotiris000 ($2.31 in chips) 
Seat 5: rosbel_poker ($3.28 in chips) 
Seat 6: Emag fo Dog ($3.57 in chips) 
SirWiechu: posts small blind $0.01
christian11d: posts big blind $0.02
*** HOLE CARDS ***
Dealt to Lorpugo [5h 8h]
Lorpugo: raises $0.02 to $0.04
Sotiris000: folds 
rosbel_poker: folds 
Emag fo Dog: folds 
SirWiechu: folds 
christian11d: folds 
Uncalled bet ($0.02) returned to Lorpugo
Lorpugo collected $0.05 from pot
Lorpugo: doesn't show hand 
*** SUMMARY ***
Total pot $0.05 | Rake $0 
Seat 1: SirWiechu (small blind) folded before Flop
Seat 2: christian11d (big blind) folded before Flop
Seat 3: Lorpugo collected ($0.05)
Seat 4: Sotiris000 folded before Flop (didn't bet)
Seat 5: rosbel_poker folded before Flop (didn't bet)
Seat 6: Emag fo Dog (button) folded before Flop (didn't bet)



