PokerStars Hand #241367535956: Tournament #3537153983, $0.23+$0.02 USD Hold'em No Limit - Level I (10/20) - 2023/01/24 13:58:59 ET
Table '3537153983 1' 3-max Seat #1 is the button
Seat 1: Lorpugo (500 in chips) 
Seat 2: slatter2508 (500 in chips) 
Seat 3: joco0005 (500 in chips) 
slatter2508: posts small blind 10
joco0005: posts big blind 20
*** HOLE CARDS ***
Dealt to Lorpugo [2c Th]
Lorpugo: folds 
slatter2508: folds 
Uncalled bet (10) returned to joco0005
joco0005 collected 20 from pot
*** SUMMARY ***
Total pot 20 | Rake 0 
Seat 1: Lorpugo (button) folded before Flop (didn't bet)
Seat 2: slatter2508 (small blind) folded before Flop
Seat 3: joco0005 (big blind) collected (20)



PokerStars Hand #241367538630: Tournament #3537153983, $0.23+$0.02 USD Hold'em No Limit - Level I (10/20) - 2023/01/24 13:59:09 ET
Table '3537153983 1' 3-max Seat #2 is the button
Seat 1: Lorpugo (500 in chips) 
Seat 2: slatter2508 (490 in chips) 
Seat 3: joco0005 (510 in chips) 
joco0005: posts small blind 10
Lorpugo: posts big blind 20
*** HOLE CARDS ***
Dealt to Lorpugo [Ks 3d]
slatter2508: calls 20
joco0005: calls 10
Lorpugo: checks 
*** FLOP *** [4d 5c As]
joco0005: bets 20
Lorpugo: folds 
slatter2508: calls 20
*** TURN *** [4d 5c As] [Kc]
joco0005: bets 20
slatter2508: calls 20
*** RIVER *** [4d 5c As Kc] [2h]
joco0005: bets 20
slatter2508: calls 20
*** SHOW DOWN ***
joco0005: shows [3s Ac] (a straight, Ace to Five)
slatter2508: mucks hand 
joco0005 collected 180 from pot
*** SUMMARY ***
Total pot 180 | Rake 0 
Board [4d 5c As Kc 2h]
Seat 1: Lorpugo (big blind) folded on the Flop
Seat 2: slatter2508 (button) mucked [4s 5s]
Seat 3: joco0005 (small blind) showed [3s Ac] and won (180) with a straight, Ace to Five



PokerStars Hand #241367547908: Tournament #3537153983, $0.23+$0.02 USD Hold'em No Limit - Level I (10/20) - 2023/01/24 13:59:40 ET
Table '3537153983 1' 3-max Seat #3 is the button
Seat 1: Lorpugo (480 in chips) 
Seat 2: slatter2508 (410 in chips) 
Seat 3: joco0005 (610 in chips) 
Lorpugo: posts small blind 10
slatter2508: posts big blind 20
*** HOLE CARDS ***
Dealt to Lorpugo [Ac 7d]
joco0005: raises 20 to 40
Lorpugo: calls 30
slatter2508: folds 
*** FLOP *** [Kc 9s Qc]
Lorpugo: checks 
joco0005: bets 20
Lorpugo: calls 20
*** TURN *** [Kc 9s Qc] [Ks]
Lorpugo: checks 
joco0005: bets 20
Lorpugo: calls 20
*** RIVER *** [Kc 9s Qc Ks] [9h]
Lorpugo: checks 
joco0005: checks 
*** SHOW DOWN ***
Lorpugo: shows [Ac 7d] (two pair, Kings and Nines)
joco0005: shows [Jd Js] (two pair, Kings and Jacks)
joco0005 collected 180 from pot
*** SUMMARY ***
Total pot 180 | Rake 0 
Board [Kc 9s Qc Ks 9h]
Seat 1: Lorpugo (small blind) showed [Ac 7d] and lost with two pair, Kings and Nines
Seat 2: slatter2508 (big blind) folded before Flop
Seat 3: joco0005 (button) showed [Jd Js] and won (180) with two pair, Kings and Jacks



PokerStars Hand #241367555863: Tournament #3537153983, $0.23+$0.02 USD Hold'em No Limit - Level I (10/20) - 2023/01/24 14:00:07 ET
Table '3537153983 1' 3-max Seat #1 is the button
Seat 1: Lorpugo (400 in chips) 
Seat 2: slatter2508 (390 in chips) 
Seat 3: joco0005 (710 in chips) 
slatter2508: posts small blind 10
joco0005: posts big blind 20
*** HOLE CARDS ***
Dealt to Lorpugo [Qc 3h]
Lorpugo: folds 
slatter2508: calls 10
joco0005: checks 
*** FLOP *** [6s Kh 7h]
slatter2508: checks 
joco0005: checks 
*** TURN *** [6s Kh 7h] [9d]
slatter2508: bets 20
joco0005: folds 
Uncalled bet (20) returned to slatter2508
slatter2508 collected 40 from pot
*** SUMMARY ***
Total pot 40 | Rake 0 
Board [6s Kh 7h 9d]
Seat 1: Lorpugo (button) folded before Flop (didn't bet)
Seat 2: slatter2508 (small blind) collected (40)
Seat 3: joco0005 (big blind) folded on the Turn



PokerStars Hand #241367561735: Tournament #3537153983, $0.23+$0.02 USD Hold'em No Limit - Level I (10/20) - 2023/01/24 14:00:25 ET
Table '3537153983 1' 3-max Seat #2 is the button
Seat 1: Lorpugo (400 in chips) 
Seat 2: slatter2508 (410 in chips) 
Seat 3: joco0005 (690 in chips) 
joco0005: posts small blind 10
Lorpugo: posts big blind 20
*** HOLE CARDS ***
Dealt to Lorpugo [2c Tc]
slatter2508: calls 20
joco0005: folds 
Lorpugo: checks 
*** FLOP *** [4s 5s 5h]
Lorpugo: checks 
slatter2508: checks 
*** TURN *** [4s 5s 5h] [6d]
Lorpugo: bets 25
slatter2508: folds 
Uncalled bet (25) returned to Lorpugo
Lorpugo collected 50 from pot
Lorpugo: doesn't show hand 
*** SUMMARY ***
Total pot 50 | Rake 0 
Board [4s 5s 5h 6d]
Seat 1: Lorpugo (big blind) collected (50)
Seat 2: slatter2508 (button) folded on the Turn
Seat 3: joco0005 (small blind) folded before Flop



PokerStars Hand #241367568602: Tournament #3537153983, $0.23+$0.02 USD Hold'em No Limit - Level I (10/20) - 2023/01/24 14:00:47 ET
Table '3537153983 1' 3-max Seat #3 is the button
Seat 1: Lorpugo (430 in chips) 
Seat 2: slatter2508 (390 in chips) 
Seat 3: joco0005 (680 in chips) 
Lorpugo: posts small blind 10
slatter2508: posts big blind 20
*** HOLE CARDS ***
Dealt to Lorpugo [Qc 2d]
joco0005: raises 20 to 40
Lorpugo: folds 
slatter2508: calls 20
*** FLOP *** [Kh 3h Th]
slatter2508: bets 20
joco0005: calls 20
*** TURN *** [Kh 3h Th] [Tc]
slatter2508: bets 20
joco0005: calls 20
*** RIVER *** [Kh 3h Th Tc] [6h]
slatter2508: bets 20
joco0005: calls 20
*** SHOW DOWN ***
slatter2508: shows [3d 5d] (two pair, Tens and Threes)
joco0005: mucks hand 
slatter2508 collected 210 from pot
*** SUMMARY ***
Total pot 210 | Rake 0 
Board [Kh 3h Th Tc 6h]
Seat 1: Lorpugo (small blind) folded before Flop
Seat 2: slatter2508 (big blind) showed [3d 5d] and won (210) with two pair, Tens and Threes
Seat 3: joco0005 (button) mucked [Ac Js]



PokerStars Hand #241367575723: Tournament #3537153983, $0.23+$0.02 USD Hold'em No Limit - Level II (15/30) - 2023/01/24 14:01:07 ET
Table '3537153983 1' 3-max Seat #1 is the button
Seat 1: Lorpugo (420 in chips) 
Seat 2: slatter2508 (500 in chips) 
Seat 3: joco0005 (580 in chips) 
slatter2508: posts small blind 15
joco0005: posts big blind 30
*** HOLE CARDS ***
Dealt to Lorpugo [2c Js]
Lorpugo: folds 
slatter2508: folds 
Uncalled bet (15) returned to joco0005
joco0005 collected 30 from pot
*** SUMMARY ***
Total pot 30 | Rake 0 
Seat 1: Lorpugo (button) folded before Flop (didn't bet)
Seat 2: slatter2508 (small blind) folded before Flop
Seat 3: joco0005 (big blind) collected (30)



PokerStars Hand #241367577341: Tournament #3537153983, $0.23+$0.02 USD Hold'em No Limit - Level II (15/30) - 2023/01/24 14:01:12 ET
Table '3537153983 1' 3-max Seat #2 is the button
Seat 1: Lorpugo (420 in chips) 
Seat 2: slatter2508 (485 in chips) 
Seat 3: joco0005 (595 in chips) 
joco0005: posts small blind 15
Lorpugo: posts big blind 30
*** HOLE CARDS ***
Dealt to Lorpugo [4h 8h]
slatter2508: calls 30
joco0005: raises 30 to 60
Lorpugo: folds 
slatter2508: calls 30
*** FLOP *** [Kh 7d Tc]
joco0005: bets 30
slatter2508: folds 
Uncalled bet (30) returned to joco0005
joco0005 collected 150 from pot
*** SUMMARY ***
Total pot 150 | Rake 0 
Board [Kh 7d Tc]
Seat 1: Lorpugo (big blind) folded before Flop
Seat 2: slatter2508 (button) folded on the Flop
Seat 3: joco0005 (small blind) collected (150)



PokerStars Hand #241367582262: Tournament #3537153983, $0.23+$0.02 USD Hold'em No Limit - Level II (15/30) - 2023/01/24 14:01:27 ET
Table '3537153983 1' 3-max Seat #3 is the button
Seat 1: Lorpugo (390 in chips) 
Seat 2: slatter2508 (425 in chips) 
Seat 3: joco0005 (685 in chips) 
Lorpugo: posts small blind 15
slatter2508: posts big blind 30
*** HOLE CARDS ***
Dealt to Lorpugo [4s 6s]
joco0005: folds 
Lorpugo: raises 30 to 60
slatter2508: calls 30
*** FLOP *** [3d 8s 5s]
Lorpugo: bets 60
slatter2508: calls 60
*** TURN *** [3d 8s 5s] [7h]
Lorpugo: bets 120
slatter2508: calls 120
*** RIVER *** [3d 8s 5s 7h] [7d]
Lorpugo: bets 150 and is all-in
slatter2508: folds 
Uncalled bet (150) returned to Lorpugo
Lorpugo collected 480 from pot
Lorpugo: doesn't show hand 
*** SUMMARY ***
Total pot 480 | Rake 0 
Board [3d 8s 5s 7h 7d]
Seat 1: Lorpugo (small blind) collected (480)
Seat 2: slatter2508 (big blind) folded on the River
Seat 3: joco0005 (button) folded before Flop (didn't bet)



PokerStars Hand #241367593384: Tournament #3537153983, $0.23+$0.02 USD Hold'em No Limit - Level II (15/30) - 2023/01/24 14:01:56 ET
Table '3537153983 1' 3-max Seat #1 is the button
Seat 1: Lorpugo (630 in chips) 
Seat 2: slatter2508 (185 in chips) 
Seat 3: joco0005 (685 in chips) 
slatter2508: posts small blind 15
joco0005: posts big blind 30
*** HOLE CARDS ***
Dealt to Lorpugo [4d 6d]
Lorpugo: folds 
slatter2508: calls 15
joco0005: checks 
*** FLOP *** [8d Qc Ks]
slatter2508: checks 
joco0005: bets 30
slatter2508: calls 30
*** TURN *** [8d Qc Ks] [Ah]
slatter2508: checks 
joco0005: checks 
*** RIVER *** [8d Qc Ks Ah] [2s]
slatter2508: checks 
joco0005: checks 
*** SHOW DOWN ***
slatter2508: shows [Jc Kh] (a pair of Kings)
joco0005: mucks hand 
slatter2508 collected 120 from pot
*** SUMMARY ***
Total pot 120 | Rake 0 
Board [8d Qc Ks Ah 2s]
Seat 1: Lorpugo (button) folded before Flop (didn't bet)
Seat 2: slatter2508 (small blind) showed [Jc Kh] and won (120) with a pair of Kings
Seat 3: joco0005 (big blind) mucked [6c 8h]



PokerStars Hand #241367613703: Tournament #3537153983, $0.23+$0.02 USD Hold'em No Limit - Level II (15/30) - 2023/01/24 14:02:49 ET
Table '3537153983 1' 3-max Seat #2 is the button
Seat 1: Lorpugo (630 in chips) 
Seat 2: slatter2508 (245 in chips) 
Seat 3: joco0005 (625 in chips) 
joco0005: posts small blind 15
Lorpugo: posts big blind 30
*** HOLE CARDS ***
Dealt to Lorpugo [Ah 2c]
slatter2508: folds 
joco0005: calls 15
Lorpugo: raises 90 to 120
joco0005: calls 90
*** FLOP *** [7d 5c 5h]
joco0005: checks 
Lorpugo: bets 158
joco0005: folds 
Uncalled bet (158) returned to Lorpugo
Lorpugo collected 240 from pot
Lorpugo: doesn't show hand 
*** SUMMARY ***
Total pot 240 | Rake 0 
Board [7d 5c 5h]
Seat 1: Lorpugo (big blind) collected (240)
Seat 2: slatter2508 (button) folded before Flop (didn't bet)
Seat 3: joco0005 (small blind) folded on the Flop



PokerStars Hand #241367628016: Tournament #3537153983, $0.23+$0.02 USD Hold'em No Limit - Level III (20/40) - 2023/01/24 14:03:26 ET
Table '3537153983 1' 3-max Seat #3 is the button
Seat 1: Lorpugo (750 in chips) 
Seat 2: slatter2508 (245 in chips) 
Seat 3: joco0005 (505 in chips) 
Lorpugo: posts small blind 20
slatter2508: posts big blind 40
*** HOLE CARDS ***
Dealt to Lorpugo [Kd 2h]
joco0005: folds 
Lorpugo: raises 40 to 80
slatter2508: folds 
Uncalled bet (40) returned to Lorpugo
Lorpugo collected 80 from pot
Lorpugo: doesn't show hand 
*** SUMMARY ***
Total pot 80 | Rake 0 
Seat 1: Lorpugo (small blind) collected (80)
Seat 2: slatter2508 (big blind) folded before Flop
Seat 3: joco0005 (button) folded before Flop (didn't bet)



PokerStars Hand #241367631795: Tournament #3537153983, $0.23+$0.02 USD Hold'em No Limit - Level III (20/40) - 2023/01/24 14:03:36 ET
Table '3537153983 1' 3-max Seat #1 is the button
Seat 1: Lorpugo (790 in chips) 
Seat 2: slatter2508 (205 in chips) 
Seat 3: joco0005 (505 in chips) 
slatter2508: posts small blind 20
joco0005: posts big blind 40
*** HOLE CARDS ***
Dealt to Lorpugo [Ac Ad]
Lorpugo: raises 40 to 80
slatter2508: folds 
joco0005: calls 40
*** FLOP *** [7d 7h 6c]
joco0005: checks 
Lorpugo: bets 90
joco0005: folds 
Uncalled bet (90) returned to Lorpugo
Lorpugo collected 180 from pot
Lorpugo: doesn't show hand 
*** SUMMARY ***
Total pot 180 | Rake 0 
Board [7d 7h 6c]
Seat 1: Lorpugo (button) collected (180)
Seat 2: slatter2508 (small blind) folded before Flop
Seat 3: joco0005 (big blind) folded on the Flop



PokerStars Hand #241367638296: Tournament #3537153983, $0.23+$0.02 USD Hold'em No Limit - Level III (20/40) - 2023/01/24 14:03:53 ET
Table '3537153983 1' 3-max Seat #2 is the button
Seat 1: Lorpugo (890 in chips) 
Seat 2: slatter2508 (185 in chips) 
Seat 3: joco0005 (425 in chips) 
joco0005: posts small blind 20
Lorpugo: posts big blind 40
*** HOLE CARDS ***
Dealt to Lorpugo [2c 9d]
slatter2508: folds 
joco0005: folds 
Uncalled bet (20) returned to Lorpugo
Lorpugo collected 40 from pot
Lorpugo: doesn't show hand 
*** SUMMARY ***
Total pot 40 | Rake 0 
Seat 1: Lorpugo (big blind) collected (40)
Seat 2: slatter2508 (button) folded before Flop (didn't bet)
Seat 3: joco0005 (small blind) folded before Flop



PokerStars Hand #241367640362: Tournament #3537153983, $0.23+$0.02 USD Hold'em No Limit - Level III (20/40) - 2023/01/24 14:03:58 ET
Table '3537153983 1' 3-max Seat #3 is the button
Seat 1: Lorpugo (910 in chips) 
Seat 2: slatter2508 (185 in chips) 
Seat 3: joco0005 (405 in chips) 
Lorpugo: posts small blind 20
slatter2508: posts big blind 40
*** HOLE CARDS ***
Dealt to Lorpugo [4c 5d]
joco0005: raises 40 to 80
Lorpugo: folds 
slatter2508: calls 40
*** FLOP *** [3c Td 8h]
slatter2508: checks 
joco0005: checks 
*** TURN *** [3c Td 8h] [9s]
slatter2508: checks 
joco0005: bets 80
slatter2508: folds 
Uncalled bet (80) returned to joco0005
joco0005 collected 180 from pot
*** SUMMARY ***
Total pot 180 | Rake 0 
Board [3c Td 8h 9s]
Seat 1: Lorpugo (small blind) folded before Flop
Seat 2: slatter2508 (big blind) folded on the Turn
Seat 3: joco0005 (button) collected (180)



PokerStars Hand #241367647138: Tournament #3537153983, $0.23+$0.02 USD Hold'em No Limit - Level III (20/40) - 2023/01/24 14:04:16 ET
Table '3537153983 1' 3-max Seat #1 is the button
Seat 1: Lorpugo (890 in chips) 
Seat 2: slatter2508 (105 in chips) 
Seat 3: joco0005 (505 in chips) 
slatter2508: posts small blind 20
joco0005: posts big blind 40
*** HOLE CARDS ***
Dealt to Lorpugo [9h Qd]
Lorpugo: raises 40 to 80
slatter2508: calls 60
joco0005: folds 
*** FLOP *** [7d 8h 9d]
slatter2508: bets 25 and is all-in
Lorpugo: calls 25
*** TURN *** [7d 8h 9d] [6s]
*** RIVER *** [7d 8h 9d 6s] [Qc]
*** SHOW DOWN ***
slatter2508: shows [Qh 7h] (two pair, Queens and Sevens)
Lorpugo: shows [9h Qd] (two pair, Queens and Nines)
Lorpugo collected 250 from pot
slatter2508 finished the tournament in 3rd place
*** SUMMARY ***
Total pot 250 | Rake 0 
Board [7d 8h 9d 6s Qc]
Seat 1: Lorpugo (button) showed [9h Qd] and won (250) with two pair, Queens and Nines
Seat 2: slatter2508 (small blind) showed [Qh 7h] and lost with two pair, Queens and Sevens
Seat 3: joco0005 (big blind) folded before Flop



PokerStars Hand #241367655695: Tournament #3537153983, $0.23+$0.02 USD Hold'em No Limit - Level III (20/40) - 2023/01/24 14:04:38 ET
Table '3537153983 1' 3-max Seat #3 is the button
Seat 1: Lorpugo (1035 in chips) 
Seat 3: joco0005 (465 in chips) 
joco0005: posts small blind 20
Lorpugo: posts big blind 40
*** HOLE CARDS ***
Dealt to Lorpugo [Ts Tc]
joco0005: folds 
Uncalled bet (20) returned to Lorpugo
Lorpugo collected 40 from pot
Lorpugo: doesn't show hand 
*** SUMMARY ***
Total pot 40 | Rake 0 
Seat 1: Lorpugo (big blind) collected (40)
Seat 3: joco0005 (button) (small blind) folded before Flop



PokerStars Hand #241367657521: Tournament #3537153983, $0.23+$0.02 USD Hold'em No Limit - Level III (20/40) - 2023/01/24 14:04:43 ET
Table '3537153983 1' 3-max Seat #1 is the button
Seat 1: Lorpugo (1055 in chips) 
Seat 3: joco0005 (445 in chips) 
Lorpugo: posts small blind 20
joco0005: posts big blind 40
*** HOLE CARDS ***
Dealt to Lorpugo [2h Td]
Lorpugo: folds 
Uncalled bet (20) returned to joco0005
joco0005 collected 40 from pot
*** SUMMARY ***
Total pot 40 | Rake 0 
Seat 1: Lorpugo (button) (small blind) folded before Flop
Seat 3: joco0005 (big blind) collected (40)



PokerStars Hand #241367659590: Tournament #3537153983, $0.23+$0.02 USD Hold'em No Limit - Level III (20/40) - 2023/01/24 14:04:48 ET
Table '3537153983 1' 3-max Seat #3 is the button
Seat 1: Lorpugo (1035 in chips) 
Seat 3: joco0005 (465 in chips) 
joco0005: posts small blind 20
Lorpugo: posts big blind 40
*** HOLE CARDS ***
Dealt to Lorpugo [6d Td]
joco0005: calls 20
Lorpugo: checks 
*** FLOP *** [Ah 8s 9c]
Lorpugo: checks 
joco0005: bets 40
Lorpugo: calls 40
*** TURN *** [Ah 8s 9c] [9h]
Lorpugo: checks 
joco0005: bets 80
Lorpugo: folds 
Uncalled bet (80) returned to joco0005
joco0005 collected 160 from pot
*** SUMMARY ***
Total pot 160 | Rake 0 
Board [Ah 8s 9c 9h]
Seat 1: Lorpugo (big blind) folded on the Turn
Seat 3: joco0005 (button) (small blind) collected (160)



PokerStars Hand #241367668621: Tournament #3537153983, $0.23+$0.02 USD Hold'em No Limit - Level IV (30/60) - 2023/01/24 14:05:11 ET
Table '3537153983 1' 3-max Seat #1 is the button
Seat 1: Lorpugo (955 in chips) 
Seat 3: joco0005 (545 in chips) 
Lorpugo: posts small blind 30
joco0005: posts big blind 60
*** HOLE CARDS ***
Dealt to Lorpugo [6h 6c]
Lorpugo: raises 60 to 120
joco0005: calls 60
*** FLOP *** [8d 5c Ah]
joco0005: checks 
Lorpugo: bets 79
joco0005: calls 79
*** TURN *** [8d 5c Ah] [5d]
joco0005: checks 
Lorpugo: checks 
*** RIVER *** [8d 5c Ah 5d] [4d]
joco0005: bets 120
Lorpugo: calls 120
*** SHOW DOWN ***
joco0005: shows [Jh Kh] (a pair of Fives)
Lorpugo: shows [6h 6c] (two pair, Sixes and Fives)
Lorpugo collected 638 from pot
*** SUMMARY ***
Total pot 638 | Rake 0 
Board [8d 5c Ah 5d 4d]
Seat 1: Lorpugo (button) (small blind) showed [6h 6c] and won (638) with two pair, Sixes and Fives
Seat 3: joco0005 (big blind) showed [Jh Kh] and lost with a pair of Fives



PokerStars Hand #241367676694: Tournament #3537153983, $0.23+$0.02 USD Hold'em No Limit - Level IV (30/60) - 2023/01/24 14:05:31 ET
Table '3537153983 1' 3-max Seat #3 is the button
Seat 1: Lorpugo (1274 in chips) 
Seat 3: joco0005 (226 in chips) 
joco0005: posts small blind 30
Lorpugo: posts big blind 60
*** HOLE CARDS ***
Dealt to Lorpugo [Ts 7c]
joco0005: calls 30
Lorpugo: checks 
*** FLOP *** [6h 9d 5d]
Lorpugo: checks 
joco0005: checks 
*** TURN *** [6h 9d 5d] [3c]
Lorpugo: checks 
joco0005: checks 
*** RIVER *** [6h 9d 5d 3c] [2h]
Lorpugo: bets 120
joco0005: folds 
Uncalled bet (120) returned to Lorpugo
Lorpugo collected 120 from pot
Lorpugo: doesn't show hand 
*** SUMMARY ***
Total pot 120 | Rake 0 
Board [6h 9d 5d 3c 2h]
Seat 1: Lorpugo (big blind) collected (120)
Seat 3: joco0005 (button) (small blind) folded on the River



PokerStars Hand #241367684881: Tournament #3537153983, $0.23+$0.02 USD Hold'em No Limit - Level IV (30/60) - 2023/01/24 14:05:52 ET
Table '3537153983 1' 3-max Seat #1 is the button
Seat 1: Lorpugo (1334 in chips) 
Seat 3: joco0005 (166 in chips) 
Lorpugo: posts small blind 30
joco0005: posts big blind 60
*** HOLE CARDS ***
Dealt to Lorpugo [2d 3h]
Lorpugo: folds 
Uncalled bet (30) returned to joco0005
joco0005 collected 60 from pot
*** SUMMARY ***
Total pot 60 | Rake 0 
Seat 1: Lorpugo (button) (small blind) folded before Flop
Seat 3: joco0005 (big blind) collected (60)



PokerStars Hand #241367687300: Tournament #3537153983, $0.23+$0.02 USD Hold'em No Limit - Level IV (30/60) - 2023/01/24 14:05:59 ET
Table '3537153983 1' 3-max Seat #3 is the button
Seat 1: Lorpugo (1304 in chips) 
Seat 3: joco0005 (196 in chips) 
joco0005: posts small blind 30
Lorpugo: posts big blind 60
*** HOLE CARDS ***
Dealt to Lorpugo [Tc 7d]
joco0005: folds 
Uncalled bet (30) returned to Lorpugo
Lorpugo collected 60 from pot
Lorpugo: doesn't show hand 
*** SUMMARY ***
Total pot 60 | Rake 0 
Seat 1: Lorpugo (big blind) collected (60)
Seat 3: joco0005 (button) (small blind) folded before Flop



PokerStars Hand #241367688990: Tournament #3537153983, $0.23+$0.02 USD Hold'em No Limit - Level IV (30/60) - 2023/01/24 14:06:03 ET
Table '3537153983 1' 3-max Seat #1 is the button
Seat 1: Lorpugo (1334 in chips) 
Seat 3: joco0005 (166 in chips) 
Lorpugo: posts small blind 30
joco0005: posts big blind 60
*** HOLE CARDS ***
Dealt to Lorpugo [6s Ah]
Lorpugo: raises 1274 to 1334 and is all-in
joco0005: calls 106 and is all-in
Uncalled bet (1168) returned to Lorpugo
*** FLOP *** [7d 8h Ad]
*** TURN *** [7d 8h Ad] [9s]
*** RIVER *** [7d 8h Ad 9s] [Jh]
*** SHOW DOWN ***
joco0005: shows [5s Js] (a pair of Jacks)
Lorpugo: shows [6s Ah] (a pair of Aces)
Lorpugo collected 332 from pot
joco0005 finished the tournament in 2nd place
Lorpugo wins the tournament and receives $0.50 - congratulations!
*** SUMMARY ***
Total pot 332 | Rake 0 
Board [7d 8h Ad 9s Jh]
Seat 1: Lorpugo (button) (small blind) showed [6s Ah] and won (332) with a pair of Aces
Seat 3: joco0005 (big blind) showed [5s Js] and lost with a pair of Jacks



