PokerStars Hand #241353466721: Tournament #3536811434, $1.38+$0.12 USD Hold'em No Limit - Level I (10/20) - 2023/01/23 19:06:19 ET
Table '3536811434 1' 3-max Seat #1 is the button
Seat 1: giovannaortiz (500 in chips) 
Seat 2: LBite (500 in chips) 
Seat 3: Lorpugo (500 in chips) 
LBite: posts small blind 10
Lorpugo: posts big blind 20
*** HOLE CARDS ***
Dealt to Lorpugo [9s 7d]
giovannaortiz: calls 20
LBite: raises 480 to 500 and is all-in
Lorpugo: folds 
giovannaortiz: folds 
Uncalled bet (480) returned to LBite
LBite collected 60 from pot
LBite: doesn't show hand 
*** SUMMARY ***
Total pot 60 | Rake 0 
Seat 1: giovannaortiz (button) folded before Flop
Seat 2: LBite (small blind) collected (60)
Seat 3: Lorpugo (big blind) folded before Flop



PokerStars Hand #241353470629: Tournament #3536811434, $1.38+$0.12 USD Hold'em No Limit - Level I (10/20) - 2023/01/23 19:06:33 ET
Table '3536811434 1' 3-max Seat #2 is the button
Seat 1: giovannaortiz (480 in chips) 
Seat 2: LBite (540 in chips) 
Seat 3: Lorpugo (480 in chips) 
Lorpugo: posts small blind 10
giovannaortiz: posts big blind 20
*** HOLE CARDS ***
Dealt to Lorpugo [9c 3d]
LBite: raises 520 to 540 and is all-in
Lorpugo: folds 
giovannaortiz: calls 460 and is all-in
Uncalled bet (60) returned to LBite
*** FLOP *** [2d 9d 4d]
*** TURN *** [2d 9d 4d] [7c]
*** RIVER *** [2d 9d 4d 7c] [2s]
*** SHOW DOWN ***
giovannaortiz: shows [Ad 8h] (a pair of Deuces)
LBite: shows [As Qs] (a pair of Deuces - Ace+Queen kicker)
LBite collected 970 from pot
giovannaortiz finished the tournament in 3rd place
*** SUMMARY ***
Total pot 970 | Rake 0 
Board [2d 9d 4d 7c 2s]
Seat 1: giovannaortiz (big blind) showed [Ad 8h] and lost with a pair of Deuces
Seat 2: LBite (button) showed [As Qs] and won (970) with a pair of Deuces
Seat 3: Lorpugo (small blind) folded before Flop



PokerStars Hand #241353476932: Tournament #3536811434, $1.38+$0.12 USD Hold'em No Limit - Level I (10/20) - 2023/01/23 19:06:54 ET
Table '3536811434 1' 3-max Seat #3 is the button
Seat 2: LBite (1030 in chips) 
Seat 3: Lorpugo (470 in chips) 
Lorpugo: posts small blind 10
LBite: posts big blind 20
*** HOLE CARDS ***
Dealt to Lorpugo [5d 9h]
Lorpugo: folds 
Uncalled bet (10) returned to LBite
LBite collected 20 from pot
LBite: doesn't show hand 
*** SUMMARY ***
Total pot 20 | Rake 0 
Seat 2: LBite (big blind) collected (20)
Seat 3: Lorpugo (button) (small blind) folded before Flop



PokerStars Hand #241353478235: Tournament #3536811434, $1.38+$0.12 USD Hold'em No Limit - Level I (10/20) - 2023/01/23 19:06:59 ET
Table '3536811434 1' 3-max Seat #2 is the button
Seat 2: LBite (1040 in chips) 
Seat 3: Lorpugo (460 in chips) 
LBite: posts small blind 10
Lorpugo: posts big blind 20
*** HOLE CARDS ***
Dealt to Lorpugo [5d Jd]
LBite: folds 
Uncalled bet (10) returned to Lorpugo
Lorpugo collected 20 from pot
Lorpugo: doesn't show hand 
*** SUMMARY ***
Total pot 20 | Rake 0 
Seat 2: LBite (button) (small blind) folded before Flop
Seat 3: Lorpugo (big blind) collected (20)



PokerStars Hand #241353479508: Tournament #3536811434, $1.38+$0.12 USD Hold'em No Limit - Level I (10/20) - 2023/01/23 19:07:03 ET
Table '3536811434 1' 3-max Seat #3 is the button
Seat 2: LBite (1030 in chips) 
Seat 3: Lorpugo (470 in chips) 
Lorpugo: posts small blind 10
LBite: posts big blind 20
*** HOLE CARDS ***
Dealt to Lorpugo [Ah Ks]
Lorpugo: calls 10
LBite: raises 1010 to 1030 and is all-in
Lorpugo: calls 450 and is all-in
Uncalled bet (560) returned to LBite
*** FLOP *** [Jc 7d 2c]
*** TURN *** [Jc 7d 2c] [Qc]
*** RIVER *** [Jc 7d 2c Qc] [Ad]
*** SHOW DOWN ***
LBite: shows [6s 6d] (a pair of Sixes)
Lorpugo: shows [Ah Ks] (a pair of Aces)
Lorpugo collected 940 from pot
*** SUMMARY ***
Total pot 940 | Rake 0 
Board [Jc 7d 2c Qc Ad]
Seat 2: LBite (big blind) showed [6s 6d] and lost with a pair of Sixes
Seat 3: Lorpugo (button) (small blind) showed [Ah Ks] and won (940) with a pair of Aces



PokerStars Hand #241353483958: Tournament #3536811434, $1.38+$0.12 USD Hold'em No Limit - Level I (10/20) - 2023/01/23 19:07:19 ET
Table '3536811434 1' 3-max Seat #2 is the button
Seat 2: LBite (560 in chips) 
Seat 3: Lorpugo (940 in chips) 
LBite: posts small blind 10
Lorpugo: posts big blind 20
*** HOLE CARDS ***
Dealt to Lorpugo [9s Qd]
LBite: raises 540 to 560 and is all-in
Lorpugo: folds 
Uncalled bet (540) returned to LBite
LBite collected 40 from pot
LBite: doesn't show hand 
*** SUMMARY ***
Total pot 40 | Rake 0 
Seat 2: LBite (button) (small blind) collected (40)
Seat 3: Lorpugo (big blind) folded before Flop



PokerStars Hand #241353485901: Tournament #3536811434, $1.38+$0.12 USD Hold'em No Limit - Level I (10/20) - 2023/01/23 19:07:26 ET
Table '3536811434 1' 3-max Seat #3 is the button
Seat 2: LBite (580 in chips) 
Seat 3: Lorpugo (920 in chips) 
Lorpugo: posts small blind 10
LBite: posts big blind 20
*** HOLE CARDS ***
Dealt to Lorpugo [Ac Js]
Lorpugo: calls 10
LBite: raises 560 to 580 and is all-in
Lorpugo: calls 560
*** FLOP *** [2d 2s 3h]
*** TURN *** [2d 2s 3h] [8c]
*** RIVER *** [2d 2s 3h 8c] [Ks]
*** SHOW DOWN ***
LBite: shows [Qs Ts] (a pair of Deuces)
Lorpugo: shows [Ac Js] (a pair of Deuces - Ace kicker)
Lorpugo collected 1160 from pot
LBite finished the tournament in 2nd place
Lorpugo wins the tournament - congratulations!
Lorpugo wins a '$5.50 Sunday Million Satellite Ticket' ticket
*** SUMMARY ***
Total pot 1160 | Rake 0 
Board [2d 2s 3h 8c Ks]
Seat 2: LBite (big blind) showed [Qs Ts] and lost with a pair of Deuces
Seat 3: Lorpugo (button) (small blind) showed [Ac Js] and won (1160) with a pair of Deuces



