PokerStars Hand #241323295963:  Hold'em No Limit ($0.01/$0.02 USD) - 2023/01/22 13:28:48 ET
Table 'Summa II' 6-max Seat #1 is the button
Seat 1: oo1111oo ($1.81 in chips) 
Seat 2: movie a ($5.41 in chips) 
Seat 3: Lorpugo ($1.60 in chips) 
Seat 4: Flandroy ($3.57 in chips) 
Seat 5: Myatnyj_Zayats ($2.01 in chips) 
Seat 6: dragster.144 ($5.17 in chips) 
movie a: posts small blind $0.01
Lorpugo: posts big blind $0.02
*** HOLE CARDS ***
Dealt to Lorpugo [Th 6h]
Flandroy: raises $0.02 to $0.04
Myatnyj_Zayats: folds 
dragster.144: folds 
oo1111oo: folds 
movie a: folds 
Lorpugo: calls $0.02
*** FLOP *** [8c 2s As]
Lorpugo: checks 
Flandroy: checks 
*** TURN *** [8c 2s As] [Qc]
Lorpugo: checks 
Flandroy: bets $0.09
Lorpugo: folds 
Uncalled bet ($0.09) returned to Flandroy
Flandroy collected $0.09 from pot
*** SUMMARY ***
Total pot $0.09 | Rake $0 
Board [8c 2s As Qc]
Seat 1: oo1111oo (button) folded before Flop (didn't bet)
Seat 2: movie a (small blind) folded before Flop
Seat 3: Lorpugo (big blind) folded on the Turn
Seat 4: Flandroy collected ($0.09)
Seat 5: Myatnyj_Zayats folded before Flop (didn't bet)
Seat 6: dragster.144 folded before Flop (didn't bet)



PokerStars Hand #241323318022:  Hold'em No Limit ($0.01/$0.02 USD) - 2023/01/22 13:29:38 ET
Table 'Summa II' 6-max Seat #2 is the button
Seat 1: oo1111oo ($1.81 in chips) 
Seat 2: movie a ($5.40 in chips) 
Seat 3: Lorpugo ($1.56 in chips) 
Seat 4: Flandroy ($3.62 in chips) 
Seat 5: Myatnyj_Zayats ($2.01 in chips) 
Seat 6: dragster.144 ($5.17 in chips) 
Lorpugo: posts small blind $0.01
Flandroy: posts big blind $0.02
*** HOLE CARDS ***
Dealt to Lorpugo [Js Qc]
Myatnyj_Zayats: folds 
dragster.144: folds 
oo1111oo: folds 
movie a: folds 
Lorpugo: raises $0.03 to $0.05
Flandroy: folds 
Uncalled bet ($0.03) returned to Lorpugo
Lorpugo collected $0.04 from pot
Lorpugo: doesn't show hand 
*** SUMMARY ***
Total pot $0.04 | Rake $0 
Seat 1: oo1111oo folded before Flop (didn't bet)
Seat 2: movie a (button) folded before Flop (didn't bet)
Seat 3: Lorpugo (small blind) collected ($0.04)
Seat 4: Flandroy (big blind) folded before Flop
Seat 5: Myatnyj_Zayats folded before Flop (didn't bet)
Seat 6: dragster.144 folded before Flop (didn't bet)



PokerStars Hand #241323327450:  Hold'em No Limit ($0.01/$0.02 USD) - 2023/01/22 13:30:00 ET
Table 'Summa II' 6-max Seat #3 is the button
Seat 1: oo1111oo ($1.81 in chips) 
Seat 2: movie a ($5.40 in chips) 
Seat 3: Lorpugo ($1.58 in chips) 
Seat 4: Flandroy ($3.60 in chips) 
Seat 5: Myatnyj_Zayats ($2.01 in chips) 
Seat 6: dragster.144 ($5.17 in chips) 
Flandroy: posts small blind $0.01
Myatnyj_Zayats: posts big blind $0.02
*** HOLE CARDS ***
Dealt to Lorpugo [2h As]
dragster.144: folds 
oo1111oo: raises $0.02 to $0.04
movie a: folds 
Lorpugo: folds 
Flandroy: calls $0.03
Myatnyj_Zayats: folds 
*** FLOP *** [3d 5c 7d]
Flandroy: checks 
oo1111oo: bets $0.10
Flandroy: calls $0.10
*** TURN *** [3d 5c 7d] [Kh]
Flandroy: bets $0.29
oo1111oo: raises $1.38 to $1.67 and is all-in
Flandroy: calls $1.38
*** RIVER *** [3d 5c 7d Kh] [4s]
*** SHOW DOWN ***
Flandroy: shows [Kc 8c] (a pair of Kings)
oo1111oo: shows [7s 7h] (three of a kind, Sevens)
oo1111oo collected $3.51 from pot
*** SUMMARY ***
Total pot $3.64 | Rake $0.13 
Board [3d 5c 7d Kh 4s]
Seat 1: oo1111oo showed [7s 7h] and won ($3.51) with three of a kind, Sevens
Seat 2: movie a folded before Flop (didn't bet)
Seat 3: Lorpugo (button) folded before Flop (didn't bet)
Seat 4: Flandroy (small blind) showed [Kc 8c] and lost with a pair of Kings
Seat 5: Myatnyj_Zayats (big blind) folded before Flop
Seat 6: dragster.144 folded before Flop (didn't bet)



PokerStars Hand #241323352648:  Hold'em No Limit ($0.01/$0.02 USD) - 2023/01/22 13:30:55 ET
Table 'Summa II' 6-max Seat #4 is the button
Seat 1: oo1111oo ($3.51 in chips) 
Seat 2: movie a ($5.40 in chips) 
Seat 3: Lorpugo ($1.58 in chips) 
Seat 4: Flandroy ($1.79 in chips) 
Seat 5: Myatnyj_Zayats ($2 in chips) 
Seat 6: dragster.144 ($5.17 in chips) 
Myatnyj_Zayats: posts small blind $0.01
dragster.144: posts big blind $0.02
*** HOLE CARDS ***
Dealt to Lorpugo [6h Ah]
oo1111oo: folds 
movie a: folds 
Lorpugo: raises $0.03 to $0.05
Flandroy: raises $0.13 to $0.18
Myatnyj_Zayats: folds 
dragster.144: folds 
Lorpugo: folds 
Uncalled bet ($0.13) returned to Flandroy
Flandroy collected $0.13 from pot
*** SUMMARY ***
Total pot $0.13 | Rake $0 
Seat 1: oo1111oo folded before Flop (didn't bet)
Seat 2: movie a folded before Flop (didn't bet)
Seat 3: Lorpugo folded before Flop
Seat 4: Flandroy (button) collected ($0.13)
Seat 5: Myatnyj_Zayats (small blind) folded before Flop
Seat 6: dragster.144 (big blind) folded before Flop



PokerStars Hand #241323369302:  Hold'em No Limit ($0.01/$0.02 USD) - 2023/01/22 13:31:32 ET
Table 'Summa II' 6-max Seat #5 is the button
Seat 1: oo1111oo ($3.51 in chips) 
Seat 2: movie a ($5.40 in chips) 
Seat 3: Lorpugo ($1.53 in chips) 
Seat 4: Flandroy ($1.87 in chips) 
Seat 5: Myatnyj_Zayats ($2 in chips) 
Seat 6: dragster.144 ($5.15 in chips) 
dragster.144: posts small blind $0.01
oo1111oo: posts big blind $0.02
*** HOLE CARDS ***
Dealt to Lorpugo [Ah 5d]
movie a: folds 
Lorpugo: raises $0.02 to $0.04
Flandroy: folds 
Myatnyj_Zayats: folds 
dragster.144: raises $0.02 to $0.06
oo1111oo: folds 
Lorpugo: calls $0.02
*** FLOP *** [Kd 4c 4d]
dragster.144: bets $0.07
Lorpugo: folds 
Uncalled bet ($0.07) returned to dragster.144
dragster.144 collected $0.14 from pot
dragster.144: doesn't show hand 
*** SUMMARY ***
Total pot $0.14 | Rake $0 
Board [Kd 4c 4d]
Seat 1: oo1111oo (big blind) folded before Flop
Seat 2: movie a folded before Flop (didn't bet)
Seat 3: Lorpugo folded on the Flop
Seat 4: Flandroy folded before Flop (didn't bet)
Seat 5: Myatnyj_Zayats (button) folded before Flop (didn't bet)
Seat 6: dragster.144 (small blind) collected ($0.14)



PokerStars Hand #241323397713:  Hold'em No Limit ($0.01/$0.02 USD) - 2023/01/22 13:32:35 ET
Table 'Summa II' 6-max Seat #6 is the button
Seat 1: oo1111oo ($3.49 in chips) 
Seat 2: movie a ($5.40 in chips) 
Seat 3: Lorpugo ($1.47 in chips) 
Seat 4: Flandroy ($1.87 in chips) 
Seat 5: Myatnyj_Zayats ($2 in chips) 
Seat 6: dragster.144 ($5.23 in chips) 
oo1111oo: posts small blind $0.01
movie a: posts big blind $0.02
*** HOLE CARDS ***
Dealt to Lorpugo [Td 8c]
Lorpugo: folds 
Flandroy: raises $0.05 to $0.07
Myatnyj_Zayats: folds 
dragster.144: folds 
oo1111oo: folds 
movie a: folds 
Uncalled bet ($0.05) returned to Flandroy
Flandroy collected $0.05 from pot
*** SUMMARY ***
Total pot $0.05 | Rake $0 
Seat 1: oo1111oo (small blind) folded before Flop
Seat 2: movie a (big blind) folded before Flop
Seat 3: Lorpugo folded before Flop (didn't bet)
Seat 4: Flandroy collected ($0.05)
Seat 5: Myatnyj_Zayats folded before Flop (didn't bet)
Seat 6: dragster.144 (button) folded before Flop (didn't bet)



PokerStars Hand #241323407752:  Hold'em No Limit ($0.01/$0.02 USD) - 2023/01/22 13:32:57 ET
Table 'Summa II' 6-max Seat #1 is the button
Seat 1: oo1111oo ($3.48 in chips) 
Seat 2: movie a ($5.38 in chips) 
Seat 3: Lorpugo ($1.47 in chips) 
Seat 4: Flandroy ($1.90 in chips) 
Seat 5: Myatnyj_Zayats ($2 in chips) 
Seat 6: dragster.144 ($5.23 in chips) 
movie a: posts small blind $0.01
Lorpugo: posts big blind $0.02
*** HOLE CARDS ***
Dealt to Lorpugo [5c Qd]
Flandroy: folds 
Myatnyj_Zayats: folds 
dragster.144: folds 
oo1111oo: folds 
Flandroy leaves the table
movie a: raises $0.04 to $0.06
Lorpugo: folds 
Uncalled bet ($0.04) returned to movie a
movie a collected $0.04 from pot
movie a: doesn't show hand 
*** SUMMARY ***
Total pot $0.04 | Rake $0 
Seat 1: oo1111oo (button) folded before Flop (didn't bet)
Seat 2: movie a (small blind) collected ($0.04)
Seat 3: Lorpugo (big blind) folded before Flop
Seat 4: Flandroy folded before Flop (didn't bet)
Seat 5: Myatnyj_Zayats folded before Flop (didn't bet)
Seat 6: dragster.144 folded before Flop (didn't bet)



PokerStars Hand #241323418633:  Hold'em No Limit ($0.01/$0.02 USD) - 2023/01/22 13:33:21 ET
Table 'Summa II' 6-max Seat #2 is the button
Seat 1: oo1111oo ($3.48 in chips) 
Seat 2: movie a ($5.40 in chips) 
Seat 3: Lorpugo ($1.45 in chips) 
Seat 6: dragster.144 ($5.23 in chips) 
Lorpugo: posts small blind $0.01
dragster.144: posts big blind $0.02
*** HOLE CARDS ***
Dealt to Lorpugo [Th 2d]
Myatnyj_Zayats leaves the table
oo1111oo: folds 
movie a: folds 
Lorpugo: folds 
Uncalled bet ($0.01) returned to dragster.144
dragster.144 collected $0.02 from pot
dragster.144: doesn't show hand 
*** SUMMARY ***
Total pot $0.02 | Rake $0 
Seat 1: oo1111oo folded before Flop (didn't bet)
Seat 2: movie a (button) folded before Flop (didn't bet)
Seat 3: Lorpugo (small blind) folded before Flop
Seat 6: dragster.144 (big blind) collected ($0.02)



PokerStars Hand #241323423954:  Hold'em No Limit ($0.01/$0.02 USD) - 2023/01/22 13:33:33 ET
Table 'Summa II' 6-max Seat #3 is the button
Seat 1: oo1111oo ($3.48 in chips) 
Seat 2: movie a ($5.40 in chips) 
Seat 3: Lorpugo ($1.44 in chips) 
Seat 6: dragster.144 ($5.24 in chips) 
dragster.144: posts small blind $0.01
oo1111oo: posts big blind $0.02
*** HOLE CARDS ***
Dealt to Lorpugo [9c 7s]
movie a: folds 
Lorpugo: raises $0.03 to $0.05
dragster.144: folds 
oo1111oo: folds 
Uncalled bet ($0.03) returned to Lorpugo
Lorpugo collected $0.05 from pot
Lorpugo: doesn't show hand 
*** SUMMARY ***
Total pot $0.05 | Rake $0 
Seat 1: oo1111oo (big blind) folded before Flop
Seat 2: movie a folded before Flop (didn't bet)
Seat 3: Lorpugo (button) collected ($0.05)
Seat 6: dragster.144 (small blind) folded before Flop



PokerStars Hand #241323430529:  Hold'em No Limit ($0.01/$0.02 USD) - 2023/01/22 13:33:47 ET
Table 'Summa II' 6-max Seat #6 is the button
Seat 1: oo1111oo ($3.46 in chips) 
Seat 2: movie a ($5.40 in chips) 
Seat 3: Lorpugo ($1.47 in chips) 
Seat 6: dragster.144 ($5.23 in chips) 
oo1111oo: posts small blind $0.01
movie a: posts big blind $0.02
*** HOLE CARDS ***
Dealt to Lorpugo [3c 3h]
Lorpugo: raises $0.03 to $0.05
dragster.144: folds 
oo1111oo: folds 
movie a: folds 
Uncalled bet ($0.03) returned to Lorpugo
Lorpugo collected $0.05 from pot
Lorpugo: doesn't show hand 
*** SUMMARY ***
Total pot $0.05 | Rake $0 
Seat 1: oo1111oo (small blind) folded before Flop
Seat 2: movie a (big blind) folded before Flop
Seat 3: Lorpugo collected ($0.05)
Seat 6: dragster.144 (button) folded before Flop (didn't bet)



PokerStars Hand #241323434301:  Hold'em No Limit ($0.01/$0.02 USD) - 2023/01/22 13:33:56 ET
Table 'Summa II' 6-max Seat #1 is the button
Seat 1: oo1111oo ($3.45 in chips) 
Seat 2: movie a ($5.38 in chips) 
Seat 3: Lorpugo ($1.50 in chips) 
Seat 6: dragster.144 ($5.23 in chips) 
movie a: posts small blind $0.01
Lorpugo: posts big blind $0.02
*** HOLE CARDS ***
Dealt to Lorpugo [Td 9h]
dragster.144: raises $0.04 to $0.06
oo1111oo: folds 
bichito72 joins the table at seat #5 
movie a: folds 
Lorpugo: calls $0.04
*** FLOP *** [Ks 6c 8s]
Lorpugo: checks 
dragster.144: bets $0.07
Lorpugo: raises $0.09 to $0.16
dragster.144: calls $0.09
*** TURN *** [Ks 6c 8s] [4d]
Lorpugo: checks 
dragster.144: checks 
*** RIVER *** [Ks 6c 8s 4d] [Jd]
sapo755 joins the table at seat #4 
Lorpugo: checks 
dragster.144: bets $0.43
Lorpugo: raises $0.85 to $1.28 and is all-in
dragster.144: calls $0.85
*** SHOW DOWN ***
Lorpugo: shows [Td 9h] (high card King)
dragster.144: shows [Jc Kh] (two pair, Kings and Jacks)
dragster.144 collected $2.90 from pot
*** SUMMARY ***
Total pot $3.01 | Rake $0.11 
Board [Ks 6c 8s 4d Jd]
Seat 1: oo1111oo (button) folded before Flop (didn't bet)
Seat 2: movie a (small blind) folded before Flop
Seat 3: Lorpugo (big blind) showed [Td 9h] and lost with high card King
Seat 6: dragster.144 showed [Jc Kh] and won ($2.90) with two pair, Kings and Jacks



PokerStars Hand #241323493430:  Hold'em No Limit ($0.01/$0.02 USD) - 2023/01/22 13:36:05 ET
Table 'Summa II' 6-max Seat #6 is the button
Seat 2: movie a ($5.37 in chips) 
Seat 3: Lorpugo ($1.60 in chips) 
Seat 4: sapo755 ($0.80 in chips) 
Seat 6: dragster.144 ($6.65 in chips) 
movie a: posts small blind $0.01
Lorpugo: posts big blind $0.02
sapo755: posts big blind $0.02
*** HOLE CARDS ***
Dealt to Lorpugo [Ac 8s]
sapo755: raises $0.02 to $0.04
dragster.144: calls $0.04
movie a: folds 
Lorpugo: calls $0.02
*** FLOP *** [Ah Kd Tc]
Lorpugo: bets $0.09
sapo755: raises $0.67 to $0.76 and is all-in
dragster.144: folds 
Lorpugo has timed out
Lorpugo: folds 
Uncalled bet ($0.67) returned to sapo755
sapo755 collected $0.30 from pot
*** SUMMARY ***
Total pot $0.31 | Rake $0.01 
Board [Ah Kd Tc]
Seat 2: movie a (small blind) folded before Flop
Seat 3: Lorpugo (big blind) folded on the Flop
Seat 4: sapo755 collected ($0.30)
Seat 6: dragster.144 (button) folded on the Flop



PokerStars Hand #241323520856:  Hold'em No Limit ($0.01/$0.02 USD) - 2023/01/22 13:37:05 ET
Table 'Summa II' 6-max Seat #2 is the button
Seat 2: movie a ($5.36 in chips) 
Seat 3: Lorpugo ($1.47 in chips) 
Seat 4: sapo755 ($0.97 in chips) 
Seat 6: dragster.144 ($6.61 in chips) 
Lorpugo: posts small blind $0.01
sapo755: posts big blind $0.02
*** HOLE CARDS ***
Dealt to Lorpugo [Ks 9s]
dragster.144: folds 
movie a: folds 
Lorpugo: raises $0.03 to $0.05
sapo755: calls $0.03
*** FLOP *** [Qc Th Ac]
Lorpugo: checks 
sapo755: bets $0.02
Lorpugo: calls $0.02
*** TURN *** [Qc Th Ac] [3d]
Lorpugo: checks 
sapo755: bets $0.02
Lorpugo: calls $0.02
*** RIVER *** [Qc Th Ac 3d] [5h]
Lorpugo: checks 
sapo755: bets $0.17
Lorpugo: folds 
Uncalled bet ($0.17) returned to sapo755
sapo755 collected $0.17 from pot
*** SUMMARY ***
Total pot $0.18 | Rake $0.01 
Board [Qc Th Ac 3d 5h]
Seat 2: movie a (button) folded before Flop (didn't bet)
Seat 3: Lorpugo (small blind) folded on the River
Seat 4: sapo755 (big blind) collected ($0.17)
Seat 6: dragster.144 folded before Flop (didn't bet)



PokerStars Hand #241323537375:  Hold'em No Limit ($0.01/$0.02 USD) - 2023/01/22 13:37:41 ET
Table 'Summa II' 6-max Seat #3 is the button
Seat 2: movie a ($5.36 in chips) 
Seat 3: Lorpugo ($1.38 in chips) 
Seat 4: sapo755 ($1.05 in chips) 
Seat 5: bichito72 ($2 in chips) 
Seat 6: dragster.144 ($6.61 in chips) 
sapo755: posts small blind $0.01
bichito72: posts big blind $0.02
*** HOLE CARDS ***
Dealt to Lorpugo [2h 4d]
dragster.144: folds 
movie a: folds 
Lorpugo: folds 
sapo755: calls $0.01
bichito72: raises $0.06 to $0.08
sapo755: calls $0.06
*** FLOP *** [Ad Qc Ac]
sapo755: checks 
bichito72: bets $0.04
sapo755: calls $0.04
*** TURN *** [Ad Qc Ac] [6s]
sapo755: bets $0.23
bichito72: folds 
Uncalled bet ($0.23) returned to sapo755
sapo755 collected $0.23 from pot
*** SUMMARY ***
Total pot $0.24 | Rake $0.01 
Board [Ad Qc Ac 6s]
Seat 2: movie a folded before Flop (didn't bet)
Seat 3: Lorpugo (button) folded before Flop (didn't bet)
Seat 4: sapo755 (small blind) collected ($0.23)
Seat 5: bichito72 (big blind) folded on the Turn
Seat 6: dragster.144 folded before Flop (didn't bet)



PokerStars Hand #241323560750:  Hold'em No Limit ($0.01/$0.02 USD) - 2023/01/22 13:38:32 ET
Table 'Summa II' 6-max Seat #4 is the button
Seat 2: movie a ($5.36 in chips) 
Seat 3: Lorpugo ($1.38 in chips) 
Seat 4: sapo755 ($1.16 in chips) 
Seat 5: bichito72 ($1.88 in chips) 
Seat 6: dragster.144 ($6.61 in chips) 
bichito72: posts small blind $0.01
dragster.144: posts big blind $0.02
*** HOLE CARDS ***
Dealt to Lorpugo [Jd 5d]
movie a: folds 
Lorpugo: folds 
sapo755: folds 
bichito72: raises $0.03 to $0.05
dragster.144: calls $0.03
*** FLOP *** [3c 2s 6c]
bichito72: checks 
Lorpugo is disconnected 
dragster.144: checks 
*** TURN *** [3c 2s 6c] [5s]
bichito72: checks 
dragster.144: bets $0.10
bichito72: folds 
Uncalled bet ($0.10) returned to dragster.144
dragster.144 collected $0.10 from pot
dragster.144: doesn't show hand 
*** SUMMARY ***
Total pot $0.10 | Rake $0 
Board [3c 2s 6c 5s]
Seat 2: movie a folded before Flop (didn't bet)
Seat 3: Lorpugo folded before Flop (didn't bet)
Seat 4: sapo755 (button) folded before Flop (didn't bet)
Seat 5: bichito72 (small blind) folded on the Turn
Seat 6: dragster.144 (big blind) collected ($0.10)



PokerStars Hand #241323587686:  Hold'em No Limit ($0.01/$0.02 USD) - 2023/01/22 13:39:31 ET
Table 'Summa II' 6-max Seat #5 is the button
Seat 1: oo1111oo ($3.43 in chips) 
Seat 2: movie a ($5.36 in chips) 
Seat 3: Lorpugo ($1.38 in chips) 
Seat 4: sapo755 ($1.16 in chips) 
Seat 5: bichito72 ($1.83 in chips) 
Seat 6: dragster.144 ($6.66 in chips) 
dragster.144: posts small blind $0.01
oo1111oo: posts big blind $0.02
*** HOLE CARDS ***
Dealt to Lorpugo [Js Ts]
movie a: folds 
Lorpugo: raises $0.03 to $0.05
sapo755: raises $0.03 to $0.08
bichito72: folds 
dragster.144: folds 
oo1111oo: calls $0.06
Lorpugo: calls $0.03
*** FLOP *** [7d 4d Qs]
oo1111oo: checks 
Lorpugo: bets $0.12
sapo755: raises $0.48 to $0.60
oo1111oo: folds 
Lorpugo: folds 
Uncalled bet ($0.48) returned to sapo755
sapo755 collected $0.47 from pot
*** SUMMARY ***
Total pot $0.49 | Rake $0.02 
Board [7d 4d Qs]
Seat 1: oo1111oo (big blind) folded on the Flop
Seat 2: movie a folded before Flop (didn't bet)
Seat 3: Lorpugo folded on the Flop
Seat 4: sapo755 collected ($0.47)
Seat 5: bichito72 (button) folded before Flop (didn't bet)
Seat 6: dragster.144 (small blind) folded before Flop



PokerStars Hand #241323606783:  Hold'em No Limit ($0.01/$0.02 USD) - 2023/01/22 13:40:13 ET
Table 'Summa II' 6-max Seat #6 is the button
Seat 1: oo1111oo ($3.35 in chips) 
Seat 2: movie a ($5.36 in chips) 
Seat 3: Lorpugo ($1.18 in chips) 
Seat 4: sapo755 ($1.43 in chips) 
Seat 5: bichito72 ($1.83 in chips) 
Seat 6: dragster.144 ($6.65 in chips) 
oo1111oo: posts small blind $0.01
movie a: posts big blind $0.02
*** HOLE CARDS ***
Dealt to Lorpugo [Js Qc]
Lorpugo: raises $0.03 to $0.05
sapo755: calls $0.05
bichito72: folds 
dragster.144: calls $0.05
oo1111oo: folds 
movie a: folds 
*** FLOP *** [5c 8h Th]
Lorpugo: bets $0.11
sapo755: folds 
dragster.144: folds 
Uncalled bet ($0.11) returned to Lorpugo
Lorpugo collected $0.17 from pot
Lorpugo: doesn't show hand 
*** SUMMARY ***
Total pot $0.18 | Rake $0.01 
Board [5c 8h Th]
Seat 1: oo1111oo (small blind) folded before Flop
Seat 2: movie a (big blind) folded before Flop
Seat 3: Lorpugo collected ($0.17)
Seat 4: sapo755 folded on the Flop
Seat 5: bichito72 folded before Flop (didn't bet)
Seat 6: dragster.144 (button) folded on the Flop



PokerStars Hand #241323619891:  Hold'em No Limit ($0.01/$0.02 USD) - 2023/01/22 13:40:41 ET
Table 'Summa II' 6-max Seat #1 is the button
Seat 1: oo1111oo ($3.34 in chips) 
Seat 2: movie a ($5.34 in chips) 
Seat 3: Lorpugo ($1.30 in chips) 
Seat 4: sapo755 ($1.38 in chips) 
Seat 5: bichito72 ($1.83 in chips) 
Seat 6: dragster.144 ($6.60 in chips) 
movie a: posts small blind $0.01
Lorpugo: posts big blind $0.02
*** HOLE CARDS ***
Dealt to Lorpugo [4h 2h]
sapo755: folds 
bichito72: folds 
dragster.144: raises $0.04 to $0.06
oo1111oo: folds 
movie a: folds 
Lorpugo: calls $0.04
*** FLOP *** [Ks 3s Jh]
Lorpugo: checks 
dragster.144: bets $0.07
Lorpugo: folds 
Uncalled bet ($0.07) returned to dragster.144
dragster.144 collected $0.13 from pot
dragster.144: doesn't show hand 
*** SUMMARY ***
Total pot $0.13 | Rake $0 
Board [Ks 3s Jh]
Seat 1: oo1111oo (button) folded before Flop (didn't bet)
Seat 2: movie a (small blind) folded before Flop
Seat 3: Lorpugo (big blind) folded on the Flop
Seat 4: sapo755 folded before Flop (didn't bet)
Seat 5: bichito72 folded before Flop (didn't bet)
Seat 6: dragster.144 collected ($0.13)



PokerStars Hand #241323638005:  Hold'em No Limit ($0.01/$0.02 USD) - 2023/01/22 13:41:20 ET
Table 'Summa II' 6-max Seat #2 is the button
Seat 1: oo1111oo ($3.34 in chips) 
Seat 2: movie a ($5.33 in chips) 
Seat 3: Lorpugo ($1.24 in chips) 
Seat 4: sapo755 ($1.38 in chips) 
Seat 5: bichito72 ($1.83 in chips) 
Seat 6: dragster.144 ($6.67 in chips) 
Lorpugo: posts small blind $0.01
sapo755: posts big blind $0.02
*** HOLE CARDS ***
Dealt to Lorpugo [4s 2c]
bichito72: folds 
dragster.144: folds 
oo1111oo: raises $0.04 to $0.06
movie a: folds 
Lorpugo: folds 
sapo755: calls $0.04
*** FLOP *** [8h Kh 4d]
sapo755: bets $0.02
oo1111oo: calls $0.02
*** TURN *** [8h Kh 4d] [4c]
sapo755: bets $0.02
oo1111oo: calls $0.02
*** RIVER *** [8h Kh 4d 4c] [7d]
sapo755: bets $1.28 and is all-in
oo1111oo: folds 
Uncalled bet ($1.28) returned to sapo755
sapo755 collected $0.20 from pot
*** SUMMARY ***
Total pot $0.21 | Rake $0.01 
Board [8h Kh 4d 4c 7d]
Seat 1: oo1111oo folded on the River
Seat 2: movie a (button) folded before Flop (didn't bet)
Seat 3: Lorpugo (small blind) folded before Flop
Seat 4: sapo755 (big blind) collected ($0.20)
Seat 5: bichito72 folded before Flop (didn't bet)
Seat 6: dragster.144 folded before Flop (didn't bet)



PokerStars Hand #241323654673:  Hold'em No Limit ($0.01/$0.02 USD) - 2023/01/22 13:41:56 ET
Table 'Summa II' 6-max Seat #3 is the button
Seat 1: oo1111oo ($3.24 in chips) 
Seat 2: movie a ($5.33 in chips) 
Seat 3: Lorpugo ($1.23 in chips) 
Seat 4: sapo755 ($1.48 in chips) 
Seat 5: bichito72 ($1.83 in chips) 
Seat 6: dragster.144 ($6.67 in chips) 
sapo755: posts small blind $0.01
bichito72: posts big blind $0.02
*** HOLE CARDS ***
Dealt to Lorpugo [6d 9s]
dragster.144: folds 
oo1111oo: raises $0.02 to $0.04
movie a: folds 
Lorpugo: folds 
sapo755: calls $0.03
bichito72: folds 
*** FLOP *** [8d Ad 4c]
sapo755: checks 
oo1111oo: checks 
*** TURN *** [8d Ad 4c] [2s]
sapo755: bets $0.10
oo1111oo: folds 
Uncalled bet ($0.10) returned to sapo755
sapo755 collected $0.10 from pot
*** SUMMARY ***
Total pot $0.10 | Rake $0 
Board [8d Ad 4c 2s]
Seat 1: oo1111oo folded on the Turn
Seat 2: movie a folded before Flop (didn't bet)
Seat 3: Lorpugo (button) folded before Flop (didn't bet)
Seat 4: sapo755 (small blind) collected ($0.10)
Seat 5: bichito72 (big blind) folded before Flop
Seat 6: dragster.144 folded before Flop (didn't bet)



PokerStars Hand #241323677651:  Hold'em No Limit ($0.01/$0.02 USD) - 2023/01/22 13:42:46 ET
Table 'Summa II' 6-max Seat #4 is the button
Seat 1: oo1111oo ($3.20 in chips) 
Seat 2: movie a ($5.33 in chips) 
Seat 3: Lorpugo ($1.23 in chips) 
Seat 4: sapo755 ($1.54 in chips) 
Seat 5: bichito72 ($1.81 in chips) 
Seat 6: dragster.144 ($6.67 in chips) 
bichito72: posts small blind $0.01
dragster.144: posts big blind $0.02
*** HOLE CARDS ***
Dealt to Lorpugo [Jc Kc]
oo1111oo: folds 
movie a: folds 
Lorpugo: raises $0.03 to $0.05
sapo755: calls $0.05
bichito72: folds 
dragster.144: calls $0.03
*** FLOP *** [3d Qs 8c]
dragster.144: checks 
Lorpugo: checks 
sapo755: checks 
*** TURN *** [3d Qs 8c] [5c]
dragster.144: bets $0.08
Lorpugo: calls $0.08
sapo755: calls $0.08
*** RIVER *** [3d Qs 8c 5c] [Qh]
dragster.144: checks 
Lorpugo: bets $0.48
sapo755: folds 
dragster.144: folds 
Uncalled bet ($0.48) returned to Lorpugo
Lorpugo collected $0.39 from pot
Lorpugo: doesn't show hand 
*** SUMMARY ***
Total pot $0.40 | Rake $0.01 
Board [3d Qs 8c 5c Qh]
Seat 1: oo1111oo folded before Flop (didn't bet)
Seat 2: movie a folded before Flop (didn't bet)
Seat 3: Lorpugo collected ($0.39)
Seat 4: sapo755 (button) folded on the River
Seat 5: bichito72 (small blind) folded before Flop
Seat 6: dragster.144 (big blind) folded on the River



PokerStars Hand #241323717690:  Hold'em No Limit ($0.01/$0.02 USD) - 2023/01/22 13:44:13 ET
Table 'Summa II' 6-max Seat #5 is the button
Seat 1: oo1111oo ($3.20 in chips) 
Seat 2: movie a ($5.33 in chips) 
Seat 3: Lorpugo ($1.49 in chips) 
Seat 4: sapo755 ($1.41 in chips) 
Seat 5: bichito72 ($1.80 in chips) 
Seat 6: dragster.144 ($6.54 in chips) 
dragster.144: posts small blind $0.01
oo1111oo: posts big blind $0.02
*** HOLE CARDS ***
Dealt to Lorpugo [Ts 9h]
movie a: folds 
Lorpugo: raises $0.03 to $0.05
sapo755: calls $0.05
bichito72: folds 
dragster.144: folds 
oo1111oo: folds 
*** FLOP *** [5c Qd 9s]
Lorpugo: bets $0.04
sapo755: raises $0.04 to $0.08
Lorpugo: calls $0.04
*** TURN *** [5c Qd 9s] [4h]
Lorpugo: bets $0.02
sapo755: raises $0.32 to $0.34
Lorpugo: folds 
Uncalled bet ($0.32) returned to sapo755
sapo755 collected $0.32 from pot
*** SUMMARY ***
Total pot $0.33 | Rake $0.01 
Board [5c Qd 9s 4h]
Seat 1: oo1111oo (big blind) folded before Flop
Seat 2: movie a folded before Flop (didn't bet)
Seat 3: Lorpugo folded on the Turn
Seat 4: sapo755 collected ($0.32)
Seat 5: bichito72 (button) folded before Flop (didn't bet)
Seat 6: dragster.144 (small blind) folded before Flop



PokerStars Hand #241323732718:  Hold'em No Limit ($0.01/$0.02 USD) - 2023/01/22 13:44:45 ET
Table 'Summa II' 6-max Seat #6 is the button
Seat 1: oo1111oo ($3.18 in chips) 
Seat 2: movie a ($5.33 in chips) 
Seat 3: Lorpugo ($1.34 in chips) 
Seat 4: sapo755 ($1.58 in chips) 
Seat 5: bichito72 ($1.80 in chips) 
Seat 6: dragster.144 ($6.53 in chips) 
oo1111oo: posts small blind $0.01
movie a: posts big blind $0.02
*** HOLE CARDS ***
Dealt to Lorpugo [Ts 4c]
Lorpugo: folds 
sapo755: calls $0.02
bichito72: folds 
dragster.144: folds 
oo1111oo: calls $0.01
movie a: checks 
*** FLOP *** [Js 8s Kc]
oo1111oo: checks 
movie a: checks 
sapo755: bets $0.06
oo1111oo: folds 
movie a: folds 
Uncalled bet ($0.06) returned to sapo755
sapo755 collected $0.06 from pot
*** SUMMARY ***
Total pot $0.06 | Rake $0 
Board [Js 8s Kc]
Seat 1: oo1111oo (small blind) folded on the Flop
Seat 2: movie a (big blind) folded on the Flop
Seat 3: Lorpugo folded before Flop (didn't bet)
Seat 4: sapo755 collected ($0.06)
Seat 5: bichito72 folded before Flop (didn't bet)
Seat 6: dragster.144 (button) folded before Flop (didn't bet)



PokerStars Hand #241323748626:  Hold'em No Limit ($0.01/$0.02 USD) - 2023/01/22 13:45:20 ET
Table 'Summa II' 6-max Seat #1 is the button
Seat 1: oo1111oo ($3.16 in chips) 
Seat 2: movie a ($5.31 in chips) 
Seat 3: Lorpugo ($1.34 in chips) 
Seat 4: sapo755 ($1.62 in chips) 
Seat 5: bichito72 ($1.80 in chips) 
Seat 6: dragster.144 ($6.53 in chips) 
movie a: posts small blind $0.01
Lorpugo: posts big blind $0.02
*** HOLE CARDS ***
Dealt to Lorpugo [3d Qh]
sapo755: folds 
bichito72: folds 
dragster.144: folds 
oo1111oo: folds 
movie a: folds 
Uncalled bet ($0.01) returned to Lorpugo
Lorpugo collected $0.02 from pot
Lorpugo: doesn't show hand 
*** SUMMARY ***
Total pot $0.02 | Rake $0 
Seat 1: oo1111oo (button) folded before Flop (didn't bet)
Seat 2: movie a (small blind) folded before Flop
Seat 3: Lorpugo (big blind) collected ($0.02)
Seat 4: sapo755 folded before Flop (didn't bet)
Seat 5: bichito72 folded before Flop (didn't bet)
Seat 6: dragster.144 folded before Flop (didn't bet)



PokerStars Hand #241323755374:  Hold'em No Limit ($0.01/$0.02 USD) - 2023/01/22 13:45:34 ET
Table 'Summa II' 6-max Seat #2 is the button
Seat 1: oo1111oo ($3.16 in chips) 
Seat 2: movie a ($5.30 in chips) 
Seat 3: Lorpugo ($1.35 in chips) 
Seat 4: sapo755 ($1.62 in chips) 
Seat 5: bichito72 ($1.80 in chips) 
Seat 6: dragster.144 ($6.53 in chips) 
Lorpugo: posts small blind $0.01
sapo755: posts big blind $0.02
*** HOLE CARDS ***
Dealt to Lorpugo [4c Jd]
bichito72: folds 
dragster.144: folds 
oo1111oo: folds 
movie a: folds 
Lorpugo: folds 
Uncalled bet ($0.01) returned to sapo755
sapo755 collected $0.02 from pot
sapo755: doesn't show hand 
*** SUMMARY ***
Total pot $0.02 | Rake $0 
Seat 1: oo1111oo folded before Flop (didn't bet)
Seat 2: movie a (button) folded before Flop (didn't bet)
Seat 3: Lorpugo (small blind) folded before Flop
Seat 4: sapo755 (big blind) collected ($0.02)
Seat 5: bichito72 folded before Flop (didn't bet)
Seat 6: dragster.144 folded before Flop (didn't bet)



PokerStars Hand #241323766709:  Hold'em No Limit ($0.01/$0.02 USD) - 2023/01/22 13:45:59 ET
Table 'Summa II' 6-max Seat #3 is the button
Seat 1: oo1111oo ($3.16 in chips) 
Seat 2: movie a ($5.30 in chips) 
Seat 3: Lorpugo ($1.34 in chips) 
Seat 5: bichito72 ($1.80 in chips) 
Seat 6: dragster.144 ($6.53 in chips) 
bichito72: posts small blind $0.01
dragster.144: posts big blind $0.02
*** HOLE CARDS ***
Dealt to Lorpugo [Qc Qs]
oo1111oo: folds 
movie a: folds 
Lorpugo: raises $0.03 to $0.05
Blayzedays joins the table at seat #4 
bichito72: folds 
dragster.144: calls $0.03
*** FLOP *** [Tc Ts 9s]
dragster.144: checks 
Lorpugo: bets $0.07
dragster.144: calls $0.07
*** TURN *** [Tc Ts 9s] [2d]
dragster.144: checks 
Lorpugo: bets $0.32
dragster.144: calls $0.32
*** RIVER *** [Tc Ts 9s 2d] [4d]
dragster.144: checks 
Lorpugo: checks 
*** SHOW DOWN ***
dragster.144: shows [Ks 7s] (a pair of Tens)
Lorpugo: shows [Qc Qs] (two pair, Queens and Tens)
Lorpugo collected $0.86 from pot
*** SUMMARY ***
Total pot $0.89 | Rake $0.03 
Board [Tc Ts 9s 2d 4d]
Seat 1: oo1111oo folded before Flop (didn't bet)
Seat 2: movie a folded before Flop (didn't bet)
Seat 3: Lorpugo (button) showed [Qc Qs] and won ($0.86) with two pair, Queens and Tens
Seat 5: bichito72 (small blind) folded before Flop
Seat 6: dragster.144 (big blind) showed [Ks 7s] and lost with a pair of Tens



PokerStars Hand #241323796419:  Hold'em No Limit ($0.01/$0.02 USD) - 2023/01/22 13:47:03 ET
Table 'Summa II' 6-max Seat #5 is the button
Seat 1: oo1111oo ($3.16 in chips) 
Seat 2: movie a ($5.30 in chips) 
Seat 3: Lorpugo ($1.76 in chips) 
Seat 5: bichito72 ($1.79 in chips) 
Seat 6: dragster.144 ($6.09 in chips) 
dragster.144: posts small blind $0.01
oo1111oo: posts big blind $0.02
*** HOLE CARDS ***
Dealt to Lorpugo [2c 9h]
movie a: folds 
Lorpugo: folds 
bichito72: raises $0.04 to $0.06
dragster.144: folds 
oo1111oo: folds 
Uncalled bet ($0.04) returned to bichito72
bichito72 collected $0.05 from pot
bichito72: doesn't show hand 
*** SUMMARY ***
Total pot $0.05 | Rake $0 
Seat 1: oo1111oo (big blind) folded before Flop
Seat 2: movie a folded before Flop (didn't bet)
Seat 3: Lorpugo folded before Flop (didn't bet)
Seat 5: bichito72 (button) collected ($0.05)
Seat 6: dragster.144 (small blind) folded before Flop



PokerStars Hand #241323803880:  Hold'em No Limit ($0.01/$0.02 USD) - 2023/01/22 13:47:19 ET
Table 'Summa II' 6-max Seat #6 is the button
Seat 1: oo1111oo ($3.14 in chips) 
Seat 2: movie a ($5.30 in chips) 
Seat 3: Lorpugo ($1.76 in chips) 
Seat 5: bichito72 ($1.82 in chips) 
Seat 6: dragster.144 ($6.08 in chips) 
oo1111oo: posts small blind $0.01
movie a: posts big blind $0.02
*** HOLE CARDS ***
Dealt to Lorpugo [4h Tc]
Lorpugo: folds 
bichito72: folds 
dragster.144: raises $0.04 to $0.06
oo1111oo: folds 
movie a: folds 
Uncalled bet ($0.04) returned to dragster.144
dragster.144 collected $0.05 from pot
dragster.144: doesn't show hand 
*** SUMMARY ***
Total pot $0.05 | Rake $0 
Seat 1: oo1111oo (small blind) folded before Flop
Seat 2: movie a (big blind) folded before Flop
Seat 3: Lorpugo folded before Flop (didn't bet)
Seat 5: bichito72 folded before Flop (didn't bet)
Seat 6: dragster.144 (button) collected ($0.05)



PokerStars Hand #241323814269:  Hold'em No Limit ($0.01/$0.02 USD) - 2023/01/22 13:47:42 ET
Table 'Summa II' 6-max Seat #1 is the button
Seat 1: oo1111oo ($3.13 in chips) 
Seat 2: movie a ($5.28 in chips) 
Seat 3: Lorpugo ($1.76 in chips) 
Seat 5: bichito72 ($1.82 in chips) 
Seat 6: dragster.144 ($6.11 in chips) 
movie a: posts small blind $0.01
Lorpugo: posts big blind $0.02
*** HOLE CARDS ***
Dealt to Lorpugo [Td Qc]
bichito72: folds 
dragster.144: folds 
oo1111oo: raises $0.02 to $0.04
movie a: folds 
Lorpugo: calls $0.02
*** FLOP *** [8s 3d 9s]
Lorpugo: checks 
oo1111oo: checks 
*** TURN *** [8s 3d 9s] [Qh]
Lorpugo: bets $0.12
oo1111oo: folds 
Uncalled bet ($0.12) returned to Lorpugo
Lorpugo collected $0.09 from pot
Lorpugo: doesn't show hand 
*** SUMMARY ***
Total pot $0.09 | Rake $0 
Board [8s 3d 9s Qh]
Seat 1: oo1111oo (button) folded on the Turn
Seat 2: movie a (small blind) folded before Flop
Seat 3: Lorpugo (big blind) collected ($0.09)
Seat 5: bichito72 folded before Flop (didn't bet)
Seat 6: dragster.144 folded before Flop (didn't bet)



PokerStars Hand #241323826262:  Hold'em No Limit ($0.01/$0.02 USD) - 2023/01/22 13:48:08 ET
Table 'Summa II' 6-max Seat #2 is the button
Seat 1: oo1111oo ($3.09 in chips) 
Seat 2: movie a ($5.27 in chips) 
Seat 3: Lorpugo ($1.81 in chips) 
Seat 4: Blayzedays ($2 in chips) 
Seat 5: bichito72 ($1.82 in chips) 
Seat 6: dragster.144 ($6.11 in chips) 
Lorpugo: posts small blind $0.01
Blayzedays: posts big blind $0.02
*** HOLE CARDS ***
Dealt to Lorpugo [4s 6d]
bichito72: folds 
dragster.144: folds 
oo1111oo: folds 
movie a: folds 
Lorpugo: raises $0.03 to $0.05
Blayzedays: calls $0.03
*** FLOP *** [5h Qh Th]
Lorpugo: checks 
Blayzedays: checks 
*** TURN *** [5h Qh Th] [3h]
Lorpugo: bets $0.02
Blayzedays: folds 
Uncalled bet ($0.02) returned to Lorpugo
Lorpugo collected $0.10 from pot
Lorpugo: doesn't show hand 
*** SUMMARY ***
Total pot $0.10 | Rake $0 
Board [5h Qh Th 3h]
Seat 1: oo1111oo folded before Flop (didn't bet)
Seat 2: movie a (button) folded before Flop (didn't bet)
Seat 3: Lorpugo (small blind) collected ($0.10)
Seat 4: Blayzedays (big blind) folded on the Turn
Seat 5: bichito72 folded before Flop (didn't bet)
Seat 6: dragster.144 folded before Flop (didn't bet)



PokerStars Hand #241323840092:  Hold'em No Limit ($0.01/$0.02 USD) - 2023/01/22 13:48:38 ET
Table 'Summa II' 6-max Seat #3 is the button
Seat 1: oo1111oo ($3.09 in chips) 
Seat 2: movie a ($5.27 in chips) 
Seat 3: Lorpugo ($1.86 in chips) 
Seat 4: Blayzedays ($1.95 in chips) 
Seat 5: bichito72 ($1.82 in chips) 
Seat 6: dragster.144 ($6.11 in chips) 
Blayzedays: posts small blind $0.01
bichito72: posts big blind $0.02
*** HOLE CARDS ***
Dealt to Lorpugo [7d 6h]
dragster.144: folds 
oo1111oo: folds 
movie a: raises $0.04 to $0.06
Lorpugo: calls $0.06
Blayzedays: folds 
bichito72: folds 
*** FLOP *** [4h 2c Ks]
movie a: bets $0.08
Lorpugo: raises $0.15 to $0.23
movie a: folds 
Uncalled bet ($0.15) returned to Lorpugo
Lorpugo collected $0.30 from pot
Lorpugo: doesn't show hand 
*** SUMMARY ***
Total pot $0.31 | Rake $0.01 
Board [4h 2c Ks]
Seat 1: oo1111oo folded before Flop (didn't bet)
Seat 2: movie a folded on the Flop
Seat 3: Lorpugo (button) collected ($0.30)
Seat 4: Blayzedays (small blind) folded before Flop
Seat 5: bichito72 (big blind) folded before Flop
Seat 6: dragster.144 folded before Flop (didn't bet)



PokerStars Hand #241323859673:  Hold'em No Limit ($0.01/$0.02 USD) - 2023/01/22 13:49:20 ET
Table 'Summa II' 6-max Seat #4 is the button
Seat 1: oo1111oo ($3.09 in chips) 
Seat 2: movie a ($5.13 in chips) 
Seat 3: Lorpugo ($2.02 in chips) 
Seat 4: Blayzedays ($1.94 in chips) 
Seat 5: bichito72 ($1.80 in chips) 
Seat 6: dragster.144 ($6.11 in chips) 
bichito72: posts small blind $0.01
dragster.144: posts big blind $0.02
*** HOLE CARDS ***
Dealt to Lorpugo [5c Ks]
oo1111oo: folds 
movie a: folds 
Lorpugo: raises $0.03 to $0.05
Blayzedays: folds 
bichito72: raises $0.14 to $0.19
dragster.144: folds 
Lorpugo: folds 
Uncalled bet ($0.14) returned to bichito72
bichito72 collected $0.12 from pot
bichito72: doesn't show hand 
*** SUMMARY ***
Total pot $0.12 | Rake $0 
Seat 1: oo1111oo folded before Flop (didn't bet)
Seat 2: movie a folded before Flop (didn't bet)
Seat 3: Lorpugo folded before Flop
Seat 4: Blayzedays (button) folded before Flop (didn't bet)
Seat 5: bichito72 (small blind) collected ($0.12)
Seat 6: dragster.144 (big blind) folded before Flop



PokerStars Hand #241323876672:  Hold'em No Limit ($0.01/$0.02 USD) - 2023/01/22 13:49:57 ET
Table 'Summa II' 6-max Seat #5 is the button
Seat 1: oo1111oo ($3.09 in chips) 
Seat 2: movie a ($5.13 in chips) 
Seat 3: Lorpugo ($1.97 in chips) 
Seat 4: Blayzedays ($1.94 in chips) 
Seat 5: bichito72 ($1.87 in chips) 
Seat 6: dragster.144 ($6.09 in chips) 
dragster.144: posts small blind $0.01
oo1111oo: posts big blind $0.02
*** HOLE CARDS ***
Dealt to Lorpugo [3h Ks]
movie a: folds 
Lorpugo: folds 
Blayzedays: folds 
bichito72: raises $0.03 to $0.05
dragster.144: folds 
oo1111oo: folds 
Uncalled bet ($0.03) returned to bichito72
bichito72 collected $0.05 from pot
bichito72: doesn't show hand 
*** SUMMARY ***
Total pot $0.05 | Rake $0 
Seat 1: oo1111oo (big blind) folded before Flop
Seat 2: movie a folded before Flop (didn't bet)
Seat 3: Lorpugo folded before Flop (didn't bet)
Seat 4: Blayzedays folded before Flop (didn't bet)
Seat 5: bichito72 (button) collected ($0.05)
Seat 6: dragster.144 (small blind) folded before Flop



PokerStars Hand #241323882663:  Hold'em No Limit ($0.01/$0.02 USD) - 2023/01/22 13:50:10 ET
Table 'Summa II' 6-max Seat #6 is the button
Seat 1: oo1111oo ($3.07 in chips) 
Seat 2: movie a ($5.13 in chips) 
Seat 3: Lorpugo ($1.97 in chips) 
Seat 4: Blayzedays ($1.94 in chips) 
Seat 5: bichito72 ($1.90 in chips) 
Seat 6: dragster.144 ($6.08 in chips) 
oo1111oo: posts small blind $0.01
movie a: posts big blind $0.02
*** HOLE CARDS ***
Dealt to Lorpugo [Td Js]
Lorpugo: folds 
Blayzedays: folds 
bichito72: folds 
dragster.144: folds 
oo1111oo: folds 
Uncalled bet ($0.01) returned to movie a
movie a collected $0.02 from pot
movie a: doesn't show hand 
*** SUMMARY ***
Total pot $0.02 | Rake $0 
Seat 1: oo1111oo (small blind) folded before Flop
Seat 2: movie a (big blind) collected ($0.02)
Seat 3: Lorpugo folded before Flop (didn't bet)
Seat 4: Blayzedays folded before Flop (didn't bet)
Seat 5: bichito72 folded before Flop (didn't bet)
Seat 6: dragster.144 (button) folded before Flop (didn't bet)



PokerStars Hand #241323889426:  Hold'em No Limit ($0.01/$0.02 USD) - 2023/01/22 13:50:25 ET
Table 'Summa II' 6-max Seat #1 is the button
Seat 1: oo1111oo ($3.06 in chips) 
Seat 2: movie a ($5.14 in chips) 
Seat 3: Lorpugo ($1.97 in chips) 
Seat 4: Blayzedays ($1.94 in chips) 
Seat 5: bichito72 ($1.90 in chips) 
Seat 6: dragster.144 ($6.08 in chips) 
movie a: posts small blind $0.01
Lorpugo: posts big blind $0.02
*** HOLE CARDS ***
Dealt to Lorpugo [Qd Jh]
Blayzedays: folds 
bichito72: folds 
dragster.144: folds 
oo1111oo: folds 
movie a: folds 
Uncalled bet ($0.01) returned to Lorpugo
Lorpugo collected $0.02 from pot
Lorpugo: doesn't show hand 
*** SUMMARY ***
Total pot $0.02 | Rake $0 
Seat 1: oo1111oo (button) folded before Flop (didn't bet)
Seat 2: movie a (small blind) folded before Flop
Seat 3: Lorpugo (big blind) collected ($0.02)
Seat 4: Blayzedays folded before Flop (didn't bet)
Seat 5: bichito72 folded before Flop (didn't bet)
Seat 6: dragster.144 folded before Flop (didn't bet)



PokerStars Hand #241323896041:  Hold'em No Limit ($0.01/$0.02 USD) - 2023/01/22 13:50:39 ET
Table 'Summa II' 6-max Seat #2 is the button
Seat 1: oo1111oo ($3.06 in chips) 
Seat 2: movie a ($5.13 in chips) 
Seat 3: Lorpugo ($1.98 in chips) 
Seat 4: Blayzedays ($1.94 in chips) 
Seat 5: bichito72 ($1.90 in chips) 
Seat 6: dragster.144 ($6.08 in chips) 
Lorpugo: posts small blind $0.01
Blayzedays: posts big blind $0.02
*** HOLE CARDS ***
Dealt to Lorpugo [5h 2s]
bichito72: folds 
dragster.144: folds 
oo1111oo: folds 
movie a: folds 
Lorpugo: folds 
Uncalled bet ($0.01) returned to Blayzedays
Blayzedays collected $0.02 from pot
*** SUMMARY ***
Total pot $0.02 | Rake $0 
Seat 1: oo1111oo folded before Flop (didn't bet)
Seat 2: movie a (button) folded before Flop (didn't bet)
Seat 3: Lorpugo (small blind) folded before Flop
Seat 4: Blayzedays (big blind) collected ($0.02)
Seat 5: bichito72 folded before Flop (didn't bet)
Seat 6: dragster.144 folded before Flop (didn't bet)



PokerStars Hand #241323907275:  Hold'em No Limit ($0.01/$0.02 USD) - 2023/01/22 13:51:03 ET
Table 'Summa II' 6-max Seat #3 is the button
Seat 1: oo1111oo ($3.06 in chips) 
Seat 2: movie a ($5.13 in chips) 
Seat 3: Lorpugo ($1.97 in chips) 
Seat 4: Blayzedays ($1.95 in chips) 
Seat 5: bichito72 ($1.90 in chips) 
Seat 6: dragster.144 ($6.08 in chips) 
Blayzedays: posts small blind $0.01
bichito72: posts big blind $0.02
*** HOLE CARDS ***
Dealt to Lorpugo [As 5d]
dragster.144: folds 
oo1111oo: folds 
movie a: folds 
Lorpugo: raises $0.03 to $0.05
Blayzedays: calls $0.04
bichito72: raises $0.14 to $0.19
Lorpugo: folds 
Blayzedays: calls $0.14
*** FLOP *** [3h Ts 4c]
Blayzedays: bets $0.25
bichito72: folds 
Uncalled bet ($0.25) returned to Blayzedays
Blayzedays collected $0.41 from pot
*** SUMMARY ***
Total pot $0.43 | Rake $0.02 
Board [3h Ts 4c]
Seat 1: oo1111oo folded before Flop (didn't bet)
Seat 2: movie a folded before Flop (didn't bet)
Seat 3: Lorpugo (button) folded before Flop
Seat 4: Blayzedays (small blind) collected ($0.41)
Seat 5: bichito72 (big blind) folded on the Flop
Seat 6: dragster.144 folded before Flop (didn't bet)



PokerStars Hand #241323930721:  Hold'em No Limit ($0.01/$0.02 USD) - 2023/01/22 13:51:53 ET
Table 'Summa II' 6-max Seat #4 is the button
Seat 1: oo1111oo ($3.06 in chips) 
Seat 2: movie a ($5.13 in chips) 
Seat 3: Lorpugo ($1.92 in chips) 
Seat 4: Blayzedays ($2.17 in chips) 
Seat 5: bichito72 ($1.71 in chips) 
Seat 6: dragster.144 ($6.08 in chips) 
bichito72: posts small blind $0.01
dragster.144: posts big blind $0.02
*** HOLE CARDS ***
Dealt to Lorpugo [3s 6d]
oo1111oo: folds 
movie a: raises $0.04 to $0.06
Lorpugo: folds 
Blayzedays: folds 
bichito72: folds 
dragster.144: folds 
Uncalled bet ($0.04) returned to movie a
movie a collected $0.05 from pot
movie a: doesn't show hand 
*** SUMMARY ***
Total pot $0.05 | Rake $0 
Seat 1: oo1111oo folded before Flop (didn't bet)
Seat 2: movie a collected ($0.05)
Seat 3: Lorpugo folded before Flop (didn't bet)
Seat 4: Blayzedays (button) folded before Flop (didn't bet)
Seat 5: bichito72 (small blind) folded before Flop
Seat 6: dragster.144 (big blind) folded before Flop



PokerStars Hand #241323936673:  Hold'em No Limit ($0.01/$0.02 USD) - 2023/01/22 13:52:06 ET
Table 'Summa II' 6-max Seat #5 is the button
Seat 1: oo1111oo ($3.06 in chips) 
Seat 2: movie a ($5.16 in chips) 
Seat 3: Lorpugo ($1.92 in chips) 
Seat 4: Blayzedays ($2.17 in chips) 
Seat 5: bichito72 ($1.70 in chips) 
Seat 6: dragster.144 ($6.06 in chips) 
dragster.144: posts small blind $0.01
oo1111oo: posts big blind $0.02
*** HOLE CARDS ***
Dealt to Lorpugo [3c 5d]
movie a has timed out
movie a: folds 
Lorpugo: folds 
Blayzedays: folds 
bichito72: folds 
dragster.144: raises $0.02 to $0.04
oo1111oo: folds 
Uncalled bet ($0.02) returned to dragster.144
dragster.144 collected $0.04 from pot
dragster.144: doesn't show hand 
*** SUMMARY ***
Total pot $0.04 | Rake $0 
Seat 1: oo1111oo (big blind) folded before Flop
Seat 2: movie a folded before Flop (didn't bet)
Seat 3: Lorpugo folded before Flop (didn't bet)
Seat 4: Blayzedays folded before Flop (didn't bet)
Seat 5: bichito72 (button) folded before Flop (didn't bet)
Seat 6: dragster.144 (small blind) collected ($0.04)



PokerStars Hand #241323949461:  Hold'em No Limit ($0.01/$0.02 USD) - 2023/01/22 13:52:34 ET
Table 'Summa II' 6-max Seat #6 is the button
Seat 1: oo1111oo ($3.04 in chips) 
Seat 2: movie a ($5.16 in chips) 
Seat 3: Lorpugo ($1.92 in chips) 
Seat 4: Blayzedays ($2.17 in chips) 
Seat 5: bichito72 ($1.70 in chips) 
Seat 6: dragster.144 ($6.08 in chips) 
oo1111oo: posts small blind $0.01
movie a: posts big blind $0.02
*** HOLE CARDS ***
Dealt to Lorpugo [6d As]
Lorpugo: raises $0.02 to $0.04
Blayzedays: calls $0.04
bichito72: raises $0.14 to $0.18
dragster.144: folds 
oo1111oo: folds 
movie a: folds 
Lorpugo: folds 
Blayzedays: calls $0.14
*** FLOP *** [3c 2h Kc]
Blayzedays: checks 
bichito72: bets $0.22
Blayzedays: calls $0.22
*** TURN *** [3c 2h Kc] [6s]
Blayzedays: checks 
bichito72: checks 
*** RIVER *** [3c 2h Kc 6s] [Qh]
Blayzedays: bets $0.40
bichito72: folds 
Uncalled bet ($0.40) returned to Blayzedays
Blayzedays collected $0.84 from pot
*** SUMMARY ***
Total pot $0.87 | Rake $0.03 
Board [3c 2h Kc 6s Qh]
Seat 1: oo1111oo (small blind) folded before Flop
Seat 2: movie a (big blind) folded before Flop
Seat 3: Lorpugo folded before Flop
Seat 4: Blayzedays collected ($0.84)
Seat 5: bichito72 folded on the River
Seat 6: dragster.144 (button) folded before Flop (didn't bet)



PokerStars Hand #241323985670:  Hold'em No Limit ($0.01/$0.02 USD) - 2023/01/22 13:53:52 ET
Table 'Summa II' 6-max Seat #1 is the button
Seat 1: oo1111oo ($3.03 in chips) 
Seat 2: movie a ($5.14 in chips) 
Seat 3: Lorpugo ($1.88 in chips) 
Seat 4: Blayzedays ($2.61 in chips) 
Seat 5: bichito72 ($1.30 in chips) 
Seat 6: dragster.144 ($6.08 in chips) 
movie a: posts small blind $0.01
Lorpugo: posts big blind $0.02
*** HOLE CARDS ***
Dealt to Lorpugo [Th 3s]
Blayzedays: folds 
bichito72: folds 
dragster.144: raises $0.04 to $0.06
oo1111oo: folds 
movie a: folds 
Lorpugo: folds 
Uncalled bet ($0.04) returned to dragster.144
dragster.144 collected $0.05 from pot
dragster.144: doesn't show hand 
*** SUMMARY ***
Total pot $0.05 | Rake $0 
Seat 1: oo1111oo (button) folded before Flop (didn't bet)
Seat 2: movie a (small blind) folded before Flop
Seat 3: Lorpugo (big blind) folded before Flop
Seat 4: Blayzedays folded before Flop (didn't bet)
Seat 5: bichito72 folded before Flop (didn't bet)
Seat 6: dragster.144 collected ($0.05)



PokerStars Hand #241323991719:  Hold'em No Limit ($0.01/$0.02 USD) - 2023/01/22 13:54:05 ET
Table 'Summa II' 6-max Seat #2 is the button
Seat 1: oo1111oo ($3.03 in chips) 
Seat 2: movie a ($5.13 in chips) 
Seat 3: Lorpugo ($1.86 in chips) 
Seat 4: Blayzedays ($2.61 in chips) 
Seat 5: bichito72 ($1.30 in chips) 
Seat 6: dragster.144 ($6.11 in chips) 
Lorpugo: posts small blind $0.01
Blayzedays: posts big blind $0.02
*** HOLE CARDS ***
Dealt to Lorpugo [5h Kd]
bichito72: folds 
dragster.144: raises $0.04 to $0.06
oo1111oo: calls $0.06
movie a: folds 
Lorpugo: folds 
Blayzedays: folds 
*** FLOP *** [As 8c 2s]
dragster.144: bets $0.07
oo1111oo: calls $0.07
*** TURN *** [As 8c 2s] [4s]
dragster.144: checks 
oo1111oo: bets $0.14
dragster.144: calls $0.14
*** RIVER *** [As 8c 2s 4s] [Js]
dragster.144: checks 
oo1111oo: checks 
*** SHOW DOWN ***
dragster.144: shows [8h 9h] (a pair of Eights)
oo1111oo: shows [Ad 7d] (a pair of Aces)
oo1111oo collected $0.55 from pot
*** SUMMARY ***
Total pot $0.57 | Rake $0.02 
Board [As 8c 2s 4s Js]
Seat 1: oo1111oo showed [Ad 7d] and won ($0.55) with a pair of Aces
Seat 2: movie a (button) folded before Flop (didn't bet)
Seat 3: Lorpugo (small blind) folded before Flop
Seat 4: Blayzedays (big blind) folded before Flop
Seat 5: bichito72 folded before Flop (didn't bet)
Seat 6: dragster.144 showed [8h 9h] and lost with a pair of Eights



PokerStars Hand #241324019257:  Hold'em No Limit ($0.01/$0.02 USD) - 2023/01/22 13:55:05 ET
Table 'Summa II' 6-max Seat #3 is the button
Seat 1: oo1111oo ($3.31 in chips) 
Seat 2: movie a ($5.13 in chips) 
Seat 3: Lorpugo ($1.85 in chips) 
Seat 4: Blayzedays ($2.59 in chips) 
Seat 5: bichito72 ($1.30 in chips) 
Seat 6: dragster.144 ($5.84 in chips) 
Blayzedays: posts small blind $0.01
bichito72: posts big blind $0.02
*** HOLE CARDS ***
Dealt to Lorpugo [Ad Jd]
dragster.144: folds 
oo1111oo: raises $0.02 to $0.04
movie a: folds 
Lorpugo: raises $0.06 to $0.10
Blayzedays: folds 
bichito72: folds 
oo1111oo: calls $0.06
*** FLOP *** [3h Td Js]
oo1111oo: checks 
Lorpugo: bets $0.15
oo1111oo: folds 
Uncalled bet ($0.15) returned to Lorpugo
Lorpugo collected $0.22 from pot
Lorpugo: doesn't show hand 
*** SUMMARY ***
Total pot $0.23 | Rake $0.01 
Board [3h Td Js]
Seat 1: oo1111oo folded on the Flop
Seat 2: movie a folded before Flop (didn't bet)
Seat 3: Lorpugo (button) collected ($0.22)
Seat 4: Blayzedays (small blind) folded before Flop
Seat 5: bichito72 (big blind) folded before Flop
Seat 6: dragster.144 folded before Flop (didn't bet)



PokerStars Hand #241324030542:  Hold'em No Limit ($0.01/$0.02 USD) - 2023/01/22 13:55:39 ET
Table 'Summa II' 6-max Seat #4 is the button
Seat 1: oo1111oo ($3.21 in chips) 
Seat 2: movie a ($5.13 in chips) 
Seat 3: Lorpugo ($1.97 in chips) 
Seat 4: Blayzedays ($2.58 in chips) 
Seat 5: bichito72 ($1.28 in chips) 
Seat 6: dragster.144 ($5.84 in chips) 
bichito72: posts small blind $0.01
dragster.144: posts big blind $0.02
*** HOLE CARDS ***
Dealt to Lorpugo [2c Ah]
oo1111oo: raises $0.04 to $0.06
movie a: folds 
Lorpugo: folds 
Blayzedays: folds 
bichito72: calls $0.05
dragster.144: folds 
*** FLOP *** [5h 5s 4s]
bichito72: checks 
oo1111oo: bets $0.07
bichito72: folds 
Uncalled bet ($0.07) returned to oo1111oo
oo1111oo collected $0.14 from pot
*** SUMMARY ***
Total pot $0.14 | Rake $0 
Board [5h 5s 4s]
Seat 1: oo1111oo collected ($0.14)
Seat 2: movie a folded before Flop (didn't bet)
Seat 3: Lorpugo folded before Flop (didn't bet)
Seat 4: Blayzedays (button) folded before Flop (didn't bet)
Seat 5: bichito72 (small blind) folded on the Flop
Seat 6: dragster.144 (big blind) folded before Flop



PokerStars Hand #241324045664:  Hold'em No Limit ($0.01/$0.02 USD) - 2023/01/22 13:56:30 ET
Table 'Summa II' 6-max Seat #5 is the button
Seat 1: oo1111oo ($3.29 in chips) 
Seat 2: movie a ($5.13 in chips) 
Seat 3: Lorpugo ($1.97 in chips) 
Seat 4: Blayzedays ($2.58 in chips) 
Seat 5: bichito72 ($1.22 in chips) 
Seat 6: dragster.144 ($5.82 in chips) 
dragster.144: posts small blind $0.01
oo1111oo: posts big blind $0.02
*** HOLE CARDS ***
Dealt to Lorpugo [9c Ad]
movie a: raises $0.04 to $0.06
Lorpugo: folds 
Blayzedays: folds 
bichito72: calls $0.06
dragster.144: folds 
oo1111oo: folds 
*** FLOP *** [4h 6d Qd]
movie a: checks 
bichito72: checks 
*** TURN *** [4h 6d Qd] [9h]
movie a: checks 
bichito72: checks 
*** RIVER *** [4h 6d Qd 9h] [3d]
movie a: checks 
bichito72: checks 
*** SHOW DOWN ***
movie a: shows [8s 8d] (a pair of Eights)
bichito72: mucks hand 
movie a collected $0.14 from pot
*** SUMMARY ***
Total pot $0.15 | Rake $0.01 
Board [4h 6d Qd 9h 3d]
Seat 1: oo1111oo (big blind) folded before Flop
Seat 2: movie a showed [8s 8d] and won ($0.14) with a pair of Eights
Seat 3: Lorpugo folded before Flop (didn't bet)
Seat 4: Blayzedays folded before Flop (didn't bet)
Seat 5: bichito72 (button) mucked [Kc As]
Seat 6: dragster.144 (small blind) folded before Flop



PokerStars Hand #241324058122:  Hold'em No Limit ($0.01/$0.02 USD) - 2023/01/22 13:57:12 ET
Table 'Summa II' 6-max Seat #6 is the button
Seat 1: oo1111oo ($3.27 in chips) 
Seat 2: movie a ($5.21 in chips) 
Seat 3: Lorpugo ($1.97 in chips) 
Seat 4: Blayzedays ($2.58 in chips) 
Seat 5: bichito72 ($1.16 in chips) 
Seat 6: dragster.144 ($5.81 in chips) 
oo1111oo: posts small blind $0.01
movie a: posts big blind $0.02
*** HOLE CARDS ***
Dealt to Lorpugo [3c Td]
Lorpugo: folds 
Blayzedays: folds 
bichito72: folds 
dragster.144: folds 
oo1111oo: raises $0.04 to $0.06
movie a: calls $0.04
*** FLOP *** [Jc Kc 9d]
oo1111oo: checks 
movie a: checks 
*** TURN *** [Jc Kc 9d] [As]
oo1111oo: checks 
movie a: checks 
*** RIVER *** [Jc Kc 9d As] [7s]
oo1111oo: bets $0.06
movie a: calls $0.06
*** SHOW DOWN ***
oo1111oo: shows [Qc Ad] (a pair of Aces)
movie a: mucks hand 
oo1111oo collected $0.23 from pot
*** SUMMARY ***
Total pot $0.24 | Rake $0.01 
Board [Jc Kc 9d As 7s]
Seat 1: oo1111oo (small blind) showed [Qc Ad] and won ($0.23) with a pair of Aces
Seat 2: movie a (big blind) mucked [6d Kd]
Seat 3: Lorpugo folded before Flop (didn't bet)
Seat 4: Blayzedays folded before Flop (didn't bet)
Seat 5: bichito72 folded before Flop (didn't bet)
Seat 6: dragster.144 (button) folded before Flop (didn't bet)



PokerStars Hand #241324081538:  Hold'em No Limit ($0.01/$0.02 USD) - 2023/01/22 13:58:32 ET
Table 'Summa II' 6-max Seat #1 is the button
Seat 1: oo1111oo ($3.38 in chips) 
Seat 2: movie a ($5.09 in chips) 
Seat 3: Lorpugo ($1.97 in chips) 
Seat 4: Blayzedays ($2.58 in chips) 
Seat 5: bichito72 ($1.16 in chips) 
Seat 6: dragster.144 ($5.81 in chips) 
movie a: posts small blind $0.01
Lorpugo: posts big blind $0.02
*** HOLE CARDS ***
Dealt to Lorpugo [6h Ah]
Blayzedays: folds 
bichito72: folds 
dragster.144: folds 
oo1111oo: raises $0.04 to $0.06
movie a: folds 
Lorpugo: calls $0.04
*** FLOP *** [Kd Qd 9d]
Lorpugo: checks 
oo1111oo: bets $0.07
Lorpugo: folds 
Uncalled bet ($0.07) returned to oo1111oo
oo1111oo collected $0.13 from pot
*** SUMMARY ***
Total pot $0.13 | Rake $0 
Board [Kd Qd 9d]
Seat 1: oo1111oo (button) collected ($0.13)
Seat 2: movie a (small blind) folded before Flop
Seat 3: Lorpugo (big blind) folded on the Flop
Seat 4: Blayzedays folded before Flop (didn't bet)
Seat 5: bichito72 folded before Flop (didn't bet)
Seat 6: dragster.144 folded before Flop (didn't bet)



PokerStars Hand #241324087457:  Hold'em No Limit ($0.01/$0.02 USD) - 2023/01/22 13:58:52 ET
Table 'Summa II' 6-max Seat #2 is the button
Seat 1: oo1111oo ($3.45 in chips) 
Seat 2: movie a ($5.08 in chips) 
Seat 3: Lorpugo ($1.91 in chips) 
Seat 4: Blayzedays ($2.58 in chips) 
Seat 5: bichito72 ($1.16 in chips) 
Seat 6: dragster.144 ($5.81 in chips) 
Lorpugo: posts small blind $0.01
Blayzedays: posts big blind $0.02
*** HOLE CARDS ***
Dealt to Lorpugo [Qs Ac]
bichito72: calls $0.02
dragster.144: folds 
oo1111oo: folds 
movie a: folds 
Lorpugo: raises $0.08 to $0.10
Blayzedays: folds 
bichito72: raises $1.06 to $1.16 and is all-in
Lorpugo: calls $1.06
*** FLOP *** [Jc 6c 4s]
*** TURN *** [Jc 6c 4s] [2d]
*** RIVER *** [Jc 6c 4s 2d] [5s]
*** SHOW DOWN ***
Lorpugo: shows [Qs Ac] (high card Ace)
bichito72: shows [Jh Jd] (three of a kind, Jacks)
bichito72 cashed out the hand for $1.28 | Cash Out Fee $0.01
*** SUMMARY ***
Total pot $2.34 | Rake $0.08 
Board [Jc 6c 4s 2d 5s]
Seat 1: oo1111oo folded before Flop (didn't bet)
Seat 2: movie a (button) folded before Flop (didn't bet)
Seat 3: Lorpugo (small blind) showed [Qs Ac] and lost with high card Ace
Seat 4: Blayzedays (big blind) folded before Flop
Seat 5: bichito72 showed [Jh Jd] and won ($2.26) with three of a kind, Jacks (pot not awarded as player cashed out)
Seat 6: dragster.144 folded before Flop (didn't bet)



PokerStars Hand #241324097982:  Hold'em No Limit ($0.01/$0.02 USD) - 2023/01/22 13:59:27 ET
Table 'Summa II' 6-max Seat #3 is the button
Seat 1: oo1111oo ($3.45 in chips) 
Seat 2: movie a ($5.08 in chips) 
Seat 3: Lorpugo ($0.75 in chips) 
Seat 4: Blayzedays ($2.56 in chips) 
Seat 6: dragster.144 ($5.81 in chips) 
Blayzedays: posts small blind $0.01
dragster.144: posts big blind $0.02
*** HOLE CARDS ***
Dealt to Lorpugo [5d Tc]
oo1111oo: folds 
bichito72 leaves the table
movie a has timed out
movie a: folds 
Lorpugo: folds 
C.DOTE joins the table at seat #5 
Blayzedays: folds 
Uncalled bet ($0.01) returned to dragster.144
dragster.144 collected $0.02 from pot
dragster.144: doesn't show hand 
*** SUMMARY ***
Total pot $0.02 | Rake $0 
Seat 1: oo1111oo folded before Flop (didn't bet)
Seat 2: movie a folded before Flop (didn't bet)
Seat 3: Lorpugo (button) folded before Flop (didn't bet)
Seat 4: Blayzedays (small blind) folded before Flop
Seat 6: dragster.144 (big blind) collected ($0.02)



PokerStars Hand #241324103830:  Hold'em No Limit ($0.01/$0.02 USD) - 2023/01/22 13:59:46 ET
Table 'Summa II' 6-max Seat #4 is the button
Seat 1: oo1111oo ($3.45 in chips) 
Seat 2: movie a ($5.08 in chips) 
Seat 3: Lorpugo ($1.55 in chips) 
Seat 4: Blayzedays ($2.55 in chips) 
Seat 6: dragster.144 ($5.82 in chips) 
dragster.144: posts small blind $0.01
oo1111oo: posts big blind $0.02
*** HOLE CARDS ***
Dealt to Lorpugo [4c 5h]
movie a: folds 
Lorpugo: folds 
Blayzedays: raises $0.04 to $0.06
dragster.144: folds 
oo1111oo: folds 
Uncalled bet ($0.04) returned to Blayzedays
Blayzedays collected $0.05 from pot
*** SUMMARY ***
Total pot $0.05 | Rake $0 
Seat 1: oo1111oo (big blind) folded before Flop
Seat 2: movie a folded before Flop (didn't bet)
Seat 3: Lorpugo folded before Flop (didn't bet)
Seat 4: Blayzedays (button) collected ($0.05)
Seat 6: dragster.144 (small blind) folded before Flop



PokerStars Hand #241324106655:  Hold'em No Limit ($0.01/$0.02 USD) - 2023/01/22 13:59:56 ET
Table 'Summa II' 6-max Seat #6 is the button
Seat 1: oo1111oo ($3.43 in chips) 
Seat 2: movie a ($5.08 in chips) 
Seat 3: Lorpugo ($1.55 in chips) 
Seat 4: Blayzedays ($2.58 in chips) 
Seat 6: dragster.144 ($5.81 in chips) 
oo1111oo: posts small blind $0.01
movie a: posts big blind $0.02
*** HOLE CARDS ***
Dealt to Lorpugo [Kc 2c]
Lorpugo: folds 
Blayzedays: raises $0.04 to $0.06
dragster.144: folds 
oo1111oo: folds 
movie a: folds 
Uncalled bet ($0.04) returned to Blayzedays
Blayzedays collected $0.05 from pot
*** SUMMARY ***
Total pot $0.05 | Rake $0 
Seat 1: oo1111oo (small blind) folded before Flop
Seat 2: movie a (big blind) folded before Flop
Seat 3: Lorpugo folded before Flop (didn't bet)
Seat 4: Blayzedays collected ($0.05)
Seat 6: dragster.144 (button) folded before Flop (didn't bet)



PokerStars Hand #241324110912:  Hold'em No Limit ($0.01/$0.02 USD) - 2023/01/22 14:00:10 ET
Table 'Summa II' 6-max Seat #1 is the button
Seat 1: oo1111oo ($3.42 in chips) 
Seat 2: movie a ($5.06 in chips) 
Seat 3: Lorpugo ($1.55 in chips) 
Seat 4: Blayzedays ($2.61 in chips) 
Seat 6: dragster.144 ($5.81 in chips) 
movie a: posts small blind $0.01
Lorpugo: posts big blind $0.02
*** HOLE CARDS ***
Dealt to Lorpugo [Qc 2d]
Blayzedays: folds 
dragster.144: raises $0.04 to $0.06
oo1111oo: folds 
movie a: raises $0.14 to $0.20
Lorpugo: folds 
dragster.144: calls $0.14
*** FLOP *** [5d 9s 4h]
movie a: checks 
dragster.144: checks 
*** TURN *** [5d 9s 4h] [6h]
movie a: bets $0.41
dragster.144: folds 
Uncalled bet ($0.41) returned to movie a
movie a collected $0.41 from pot
movie a: doesn't show hand 
*** SUMMARY ***
Total pot $0.42 | Rake $0.01 
Board [5d 9s 4h 6h]
Seat 1: oo1111oo (button) folded before Flop (didn't bet)
Seat 2: movie a (small blind) collected ($0.41)
Seat 3: Lorpugo (big blind) folded before Flop
Seat 4: Blayzedays folded before Flop (didn't bet)
Seat 6: dragster.144 folded on the Turn



PokerStars Hand #241324124379:  Hold'em No Limit ($0.01/$0.02 USD) - 2023/01/22 14:00:52 ET
Table 'Summa II' 6-max Seat #2 is the button
Seat 1: oo1111oo ($3.42 in chips) 
Seat 2: movie a ($5.27 in chips) 
Seat 3: Lorpugo ($1.53 in chips) 
Seat 4: Blayzedays ($2.61 in chips) 
Seat 5: C.DOTE ($2 in chips) 
Seat 6: dragster.144 ($5.61 in chips) 
Lorpugo: posts small blind $0.01
Blayzedays: posts big blind $0.02
C.DOTE: posts big blind $0.02
*** HOLE CARDS ***
Dealt to Lorpugo [Ts 7h]
C.DOTE: checks 
dragster.144: raises $0.07 to $0.09
oo1111oo: calls $0.09
movie a: folds 
Lorpugo: folds 
Blayzedays: calls $0.07
C.DOTE: folds 
*** FLOP *** [Jh 9c 6c]
Blayzedays: checks 
dragster.144: bets $0.15
oo1111oo: folds 
Blayzedays: calls $0.15
*** TURN *** [Jh 9c 6c] [Th]
Blayzedays: checks 
dragster.144: checks 
*** RIVER *** [Jh 9c 6c Th] [4s]
Blayzedays: bets $0.33
dragster.144: folds 
Uncalled bet ($0.33) returned to Blayzedays
Blayzedays collected $0.58 from pot
*** SUMMARY ***
Total pot $0.60 | Rake $0.02 
Board [Jh 9c 6c Th 4s]
Seat 1: oo1111oo folded on the Flop
Seat 2: movie a (button) folded before Flop (didn't bet)
Seat 3: Lorpugo (small blind) folded before Flop
Seat 4: Blayzedays (big blind) collected ($0.58)
Seat 5: C.DOTE folded before Flop (didn't bet)
Seat 6: dragster.144 folded on the River



PokerStars Hand #241324152734:  Hold'em No Limit ($0.01/$0.02 USD) - 2023/01/22 14:02:07 ET
Table 'Summa II' 6-max Seat #3 is the button
Seat 1: oo1111oo ($3.33 in chips) 
Seat 2: movie a ($5.27 in chips) 
Seat 3: Lorpugo ($1.52 in chips) 
Seat 4: Blayzedays ($2.95 in chips) 
Seat 5: C.DOTE ($1.98 in chips) 
Seat 6: dragster.144 ($5.37 in chips) 
Blayzedays: posts small blind $0.01
C.DOTE: posts big blind $0.02
*** HOLE CARDS ***
Dealt to Lorpugo [7d 8d]
dragster.144: folds 
oo1111oo: raises $0.02 to $0.04
movie a: folds 
Lorpugo: calls $0.04
Blayzedays: calls $0.03
C.DOTE: calls $0.02
*** FLOP *** [Qd Ts 8c]
Blayzedays: bets $0.08
C.DOTE: folds 
oo1111oo: folds 
Lorpugo: folds 
Uncalled bet ($0.08) returned to Blayzedays
Blayzedays collected $0.15 from pot
*** SUMMARY ***
Total pot $0.16 | Rake $0.01 
Board [Qd Ts 8c]
Seat 1: oo1111oo folded on the Flop
Seat 2: movie a folded before Flop (didn't bet)
Seat 3: Lorpugo (button) folded on the Flop
Seat 4: Blayzedays (small blind) collected ($0.15)
Seat 5: C.DOTE (big blind) folded on the Flop
Seat 6: dragster.144 folded before Flop (didn't bet)



PokerStars Hand #241324169088:  Hold'em No Limit ($0.01/$0.02 USD) - 2023/01/22 14:02:43 ET
Table 'Summa II' 6-max Seat #4 is the button
Seat 1: oo1111oo ($3.29 in chips) 
Seat 2: movie a ($5.27 in chips) 
Seat 3: Lorpugo ($1.48 in chips) 
Seat 4: Blayzedays ($3.06 in chips) 
Seat 5: C.DOTE ($1.94 in chips) 
Seat 6: dragster.144 ($5.37 in chips) 
C.DOTE: posts small blind $0.01
dragster.144: posts big blind $0.02
*** HOLE CARDS ***
Dealt to Lorpugo [Ts 9d]
oo1111oo: raises $0.02 to $0.04
movie a: folds 
Lorpugo: calls $0.04
Blayzedays: folds 
C.DOTE: folds 
dragster.144: calls $0.02
*** FLOP *** [Tc 8c 2h]
dragster.144: checks 
oo1111oo: bets $0.10
Lorpugo: calls $0.10
dragster.144: folds 
*** TURN *** [Tc 8c 2h] [4h]
oo1111oo: bets $0.20
Lorpugo: calls $0.20
*** RIVER *** [Tc 8c 2h 4h] [Ac]
oo1111oo: checks 
Lorpugo: checks 
*** SHOW DOWN ***
oo1111oo: shows [Jd Td] (a pair of Tens)
Lorpugo: mucks hand 
oo1111oo collected $0.70 from pot
*** SUMMARY ***
Total pot $0.73 | Rake $0.03 
Board [Tc 8c 2h 4h Ac]
Seat 1: oo1111oo showed [Jd Td] and won ($0.70) with a pair of Tens
Seat 2: movie a folded before Flop (didn't bet)
Seat 3: Lorpugo mucked [Ts 9d]
Seat 4: Blayzedays (button) folded before Flop (didn't bet)
Seat 5: C.DOTE (small blind) folded before Flop
Seat 6: dragster.144 (big blind) folded on the Flop



PokerStars Hand #241324195850:  Hold'em No Limit ($0.01/$0.02 USD) - 2023/01/22 14:03:40 ET
Table 'Summa II' 6-max Seat #5 is the button
Seat 1: oo1111oo ($3.65 in chips) 
Seat 2: movie a ($5.27 in chips) 
Seat 3: Lorpugo ($1.14 in chips) 
Seat 4: Blayzedays ($3.06 in chips) 
Seat 5: C.DOTE ($1.93 in chips) 
Seat 6: dragster.144 ($5.33 in chips) 
dragster.144: posts small blind $0.01
oo1111oo: posts big blind $0.02
*** HOLE CARDS ***
Dealt to Lorpugo [Ks 7h]
movie a: folds 
Lorpugo: folds 
Blayzedays: folds 
C.DOTE is disconnected 
C.DOTE has timed out while being disconnected
C.DOTE: folds 
dragster.144: folds 
Uncalled bet ($0.01) returned to oo1111oo
oo1111oo collected $0.02 from pot
*** SUMMARY ***
Total pot $0.02 | Rake $0 
Seat 1: oo1111oo (big blind) collected ($0.02)
Seat 2: movie a folded before Flop (didn't bet)
Seat 3: Lorpugo folded before Flop (didn't bet)
Seat 4: Blayzedays folded before Flop (didn't bet)
Seat 5: C.DOTE (button) folded before Flop (didn't bet)
Seat 6: dragster.144 (small blind) folded before Flop



PokerStars Hand #241324219735:  Hold'em No Limit ($0.01/$0.02 USD) - 2023/01/22 14:04:31 ET
Table 'Summa II' 6-max Seat #6 is the button
Seat 1: oo1111oo ($3.66 in chips) 
Seat 2: movie a ($5.27 in chips) 
Seat 3: Lorpugo ($1.94 in chips) 
Seat 4: Blayzedays ($3.06 in chips) 
Seat 6: dragster.144 ($5.32 in chips) 
oo1111oo: posts small blind $0.01
movie a: posts big blind $0.02
*** HOLE CARDS ***
Dealt to Lorpugo [4h 9c]
Lorpugo: folds 
Blayzedays: raises $0.04 to $0.06
dragster.144: folds 
oo1111oo: folds 
movie a: folds 
Uncalled bet ($0.04) returned to Blayzedays
Blayzedays collected $0.05 from pot
*** SUMMARY ***
Total pot $0.05 | Rake $0 
Seat 1: oo1111oo (small blind) folded before Flop
Seat 2: movie a (big blind) folded before Flop
Seat 3: Lorpugo folded before Flop (didn't bet)
Seat 4: Blayzedays collected ($0.05)
Seat 6: dragster.144 (button) folded before Flop (didn't bet)



PokerStars Hand #241324227138:  Hold'em No Limit ($0.01/$0.02 USD) - 2023/01/22 14:04:47 ET
Table 'Summa II' 6-max Seat #1 is the button
Seat 1: oo1111oo ($3.65 in chips) 
Seat 2: movie a ($5.25 in chips) 
Seat 3: Lorpugo ($1.94 in chips) 
Seat 4: Blayzedays ($3.09 in chips) 
Seat 6: dragster.144 ($5.32 in chips) 
movie a: posts small blind $0.01
Lorpugo: posts big blind $0.02
*** HOLE CARDS ***
Dealt to Lorpugo [8c Td]
Blayzedays: folds 
dragster.144: raises $0.04 to $0.06
oo1111oo: folds 
movie a: folds 
Lorpugo: calls $0.04
*** FLOP *** [8s Ks Ts]
Lorpugo: checks 
dragster.144: checks 
*** TURN *** [8s Ks Ts] [Kh]
Lorpugo: checks 
dragster.144: checks 
*** RIVER *** [8s Ks Ts Kh] [Ad]
Lorpugo: checks 
dragster.144: checks 
*** SHOW DOWN ***
Lorpugo: shows [8c Td] (two pair, Kings and Tens)
dragster.144: mucks hand 
Lorpugo collected $0.13 from pot
*** SUMMARY ***
Total pot $0.13 | Rake $0 
Board [8s Ks Ts Kh Ad]
Seat 1: oo1111oo (button) folded before Flop (didn't bet)
Seat 2: movie a (small blind) folded before Flop
Seat 3: Lorpugo (big blind) showed [8c Td] and won ($0.13) with two pair, Kings and Tens
Seat 4: Blayzedays folded before Flop (didn't bet)
Seat 6: dragster.144 mucked [7c Qc]



PokerStars Hand #241324251410:  Hold'em No Limit ($0.01/$0.02 USD) - 2023/01/22 14:05:38 ET
Table 'Summa II' 6-max Seat #2 is the button
Seat 1: oo1111oo ($3.65 in chips) 
Seat 2: movie a ($5.24 in chips) 
Seat 3: Lorpugo ($2.01 in chips) 
Seat 4: Blayzedays ($3.09 in chips) 
Seat 6: dragster.144 ($5.26 in chips) 
Lorpugo: posts small blind $0.01
Blayzedays: posts big blind $0.02
*** HOLE CARDS ***
Dealt to Lorpugo [Qd 3h]
dragster.144: folds 
oo1111oo: folds 
movie a: folds 
Lorpugo: raises $0.03 to $0.05
Blayzedays: calls $0.03
*** FLOP *** [Kh 3s 8s]
Lorpugo: bets $0.03
Blayzedays: calls $0.03
*** TURN *** [Kh 3s 8s] [Tc]
Lorpugo: checks 
Blayzedays: checks 
*** RIVER *** [Kh 3s 8s Tc] [9c]
Lorpugo: checks 
Blayzedays: bets $0.08
Lorpugo: folds 
Uncalled bet ($0.08) returned to Blayzedays
Blayzedays collected $0.15 from pot
*** SUMMARY ***
Total pot $0.16 | Rake $0.01 
Board [Kh 3s 8s Tc 9c]
Seat 1: oo1111oo folded before Flop (didn't bet)
Seat 2: movie a (button) folded before Flop (didn't bet)
Seat 3: Lorpugo (small blind) folded on the River
Seat 4: Blayzedays (big blind) collected ($0.15)
Seat 6: dragster.144 folded before Flop (didn't bet)



PokerStars Hand #241324282120:  Hold'em No Limit ($0.01/$0.02 USD) - 2023/01/22 14:06:43 ET
Table 'Summa II' 6-max Seat #3 is the button
Seat 1: oo1111oo ($3.65 in chips) 
Seat 2: movie a ($5.24 in chips) 
Seat 3: Lorpugo ($1.93 in chips) 
Seat 4: Blayzedays ($3.16 in chips) 
Seat 6: dragster.144 ($5.26 in chips) 
Blayzedays: posts small blind $0.01
dragster.144: posts big blind $0.02
*** HOLE CARDS ***
Dealt to Lorpugo [7h Ts]
oo1111oo: folds 
movie a: folds 
Lorpugo: raises $0.03 to $0.05
Blayzedays: calls $0.04
dragster.144: calls $0.03
*** FLOP *** [Qs Ad 7c]
Blayzedays: checks 
dragster.144: checks 
Lorpugo: bets $0.05
Blayzedays: calls $0.05
dragster.144: folds 
*** TURN *** [Qs Ad 7c] [6s]
Blayzedays: checks 
Lorpugo: checks 
*** RIVER *** [Qs Ad 7c 6s] [Ac]
Blayzedays: bets $0.12
Lorpugo: folds 
Uncalled bet ($0.12) returned to Blayzedays
Blayzedays collected $0.24 from pot
*** SUMMARY ***
Total pot $0.25 | Rake $0.01 
Board [Qs Ad 7c 6s Ac]
Seat 1: oo1111oo folded before Flop (didn't bet)
Seat 2: movie a folded before Flop (didn't bet)
Seat 3: Lorpugo (button) folded on the River
Seat 4: Blayzedays (small blind) collected ($0.24)
Seat 6: dragster.144 (big blind) folded on the Flop



PokerStars Hand #241324307107:  Hold'em No Limit ($0.01/$0.02 USD) - 2023/01/22 14:07:35 ET
Table 'Summa II' 6-max Seat #4 is the button
Seat 1: oo1111oo ($3.65 in chips) 
Seat 2: movie a ($5.24 in chips) 
Seat 3: Lorpugo ($1.83 in chips) 
Seat 4: Blayzedays ($3.30 in chips) 
Seat 6: dragster.144 ($5.21 in chips) 
dragster.144: posts small blind $0.01
oo1111oo: posts big blind $0.02
*** HOLE CARDS ***
Dealt to Lorpugo [8h 5s]
movie a: folds 
Lorpugo: folds 
Blayzedays: folds 
dragster.144: raises $0.02 to $0.04
oo1111oo: folds 
Uncalled bet ($0.02) returned to dragster.144
dragster.144 collected $0.04 from pot
dragster.144: doesn't show hand 
*** SUMMARY ***
Total pot $0.04 | Rake $0 
Seat 1: oo1111oo (big blind) folded before Flop
Seat 2: movie a folded before Flop (didn't bet)
Seat 3: Lorpugo folded before Flop (didn't bet)
Seat 4: Blayzedays (button) folded before Flop (didn't bet)
Seat 6: dragster.144 (small blind) collected ($0.04)



PokerStars Hand #241324316670:  Hold'em No Limit ($0.01/$0.02 USD) - 2023/01/22 14:07:56 ET
Table 'Summa II' 6-max Seat #6 is the button
Seat 1: oo1111oo ($3.63 in chips) 
Seat 2: movie a ($5.24 in chips) 
Seat 3: Lorpugo ($1.83 in chips) 
Seat 4: Blayzedays ($3.30 in chips) 
Seat 6: dragster.144 ($5.23 in chips) 
oo1111oo: posts small blind $0.01
movie a: posts big blind $0.02
*** HOLE CARDS ***
Dealt to Lorpugo [2c Jh]
Lorpugo: folds 
Blayzedays: folds 
dragster.144: folds 
oo1111oo: folds 
Uncalled bet ($0.01) returned to movie a
movie a collected $0.02 from pot
movie a: doesn't show hand 
*** SUMMARY ***
Total pot $0.02 | Rake $0 
Seat 1: oo1111oo (small blind) folded before Flop
Seat 2: movie a (big blind) collected ($0.02)
Seat 3: Lorpugo folded before Flop (didn't bet)
Seat 4: Blayzedays folded before Flop (didn't bet)
Seat 6: dragster.144 (button) folded before Flop (didn't bet)



PokerStars Hand #241324321888:  Hold'em No Limit ($0.01/$0.02 USD) - 2023/01/22 14:08:06 ET
Table 'Summa II' 6-max Seat #1 is the button
Seat 1: oo1111oo ($3.62 in chips) 
Seat 2: movie a ($5.25 in chips) 
Seat 3: Lorpugo ($1.83 in chips) 
Seat 4: Blayzedays ($3.30 in chips) 
Seat 6: dragster.144 ($5.23 in chips) 
movie a: posts small blind $0.01
Lorpugo: posts big blind $0.02
*** HOLE CARDS ***
Dealt to Lorpugo [7h 4d]
Blayzedays: folds 
dragster.144: folds 
oo1111oo: folds 
movie a: folds 
Uncalled bet ($0.01) returned to Lorpugo
Lorpugo collected $0.02 from pot
Lorpugo: doesn't show hand 
*** SUMMARY ***
Total pot $0.02 | Rake $0 
Seat 1: oo1111oo (button) folded before Flop (didn't bet)
Seat 2: movie a (small blind) folded before Flop
Seat 3: Lorpugo (big blind) collected ($0.02)
Seat 4: Blayzedays folded before Flop (didn't bet)
Seat 6: dragster.144 folded before Flop (didn't bet)



PokerStars Hand #241324326369:  Hold'em No Limit ($0.01/$0.02 USD) - 2023/01/22 14:08:16 ET
Table 'Summa II' 6-max Seat #2 is the button
Seat 1: oo1111oo ($3.62 in chips) 
Seat 2: movie a ($5.24 in chips) 
Seat 3: Lorpugo ($1.84 in chips) 
Seat 4: Blayzedays ($3.30 in chips) 
Seat 6: dragster.144 ($5.23 in chips) 
Lorpugo: posts small blind $0.01
Blayzedays: posts big blind $0.02
*** HOLE CARDS ***
Dealt to Lorpugo [5c 3c]
dragster.144: folds 
oo1111oo: folds 
movie a: raises $0.04 to $0.06
Lorpugo: folds 
Blayzedays: calls $0.04
*** FLOP *** [Tc 8d 3h]
Blayzedays: checks 
movie a: bets $0.07
Blayzedays: calls $0.07
*** TURN *** [Tc 8d 3h] [7h]
Blayzedays: checks 
movie a: checks 
*** RIVER *** [Tc 8d 3h 7h] [7c]
Blayzedays: bets $0.11
movie a: folds 
Uncalled bet ($0.11) returned to Blayzedays
Blayzedays collected $0.26 from pot
*** SUMMARY ***
Total pot $0.27 | Rake $0.01 
Board [Tc 8d 3h 7h 7c]
Seat 1: oo1111oo folded before Flop (didn't bet)
Seat 2: movie a (button) folded on the River
Seat 3: Lorpugo (small blind) folded before Flop
Seat 4: Blayzedays (big blind) collected ($0.26)
Seat 6: dragster.144 folded before Flop (didn't bet)



PokerStars Hand #241324352224:  Hold'em No Limit ($0.01/$0.02 USD) - 2023/01/22 14:09:10 ET
Table 'Summa II' 6-max Seat #3 is the button
Seat 1: oo1111oo ($3.62 in chips) 
Seat 2: movie a ($5.11 in chips) 
Seat 3: Lorpugo ($1.83 in chips) 
Seat 4: Blayzedays ($3.43 in chips) 
Seat 6: dragster.144 ($5.23 in chips) 
Blayzedays: posts small blind $0.01
dragster.144: posts big blind $0.02
*** HOLE CARDS ***
Dealt to Lorpugo [8d 6h]
oo1111oo: folds 
movie a: folds 
Lorpugo: raises $0.03 to $0.05
Blayzedays: folds 
dragster.144: calls $0.03
*** FLOP *** [7d Th Ks]
dragster.144: checks 
Lorpugo: bets $0.06
dragster.144: calls $0.06
*** TURN *** [7d Th Ks] [Kd]
dragster.144: checks 
Lorpugo: bets $0.11
dragster.144: calls $0.11
*** RIVER *** [7d Th Ks Kd] [6c]
dragster.144: checks 
Lorpugo: checks 
*** SHOW DOWN ***
dragster.144: shows [Qh Jc] (a pair of Kings)
Lorpugo: shows [8d 6h] (two pair, Kings and Sixes)
Lorpugo collected $0.43 from pot
*** SUMMARY ***
Total pot $0.45 | Rake $0.02 
Board [7d Th Ks Kd 6c]
Seat 1: oo1111oo folded before Flop (didn't bet)
Seat 2: movie a folded before Flop (didn't bet)
Seat 3: Lorpugo (button) showed [8d 6h] and won ($0.43) with two pair, Kings and Sixes
Seat 4: Blayzedays (small blind) folded before Flop
Seat 6: dragster.144 (big blind) showed [Qh Jc] and lost with a pair of Kings



PokerStars Hand #241324374224:  Hold'em No Limit ($0.01/$0.02 USD) - 2023/01/22 14:09:56 ET
Table 'Summa II' 6-max Seat #4 is the button
Seat 1: oo1111oo ($3.62 in chips) 
Seat 2: movie a ($5.11 in chips) 
Seat 3: Lorpugo ($2.04 in chips) 
Seat 4: Blayzedays ($3.42 in chips) 
Seat 6: dragster.144 ($5.01 in chips) 
dragster.144: posts small blind $0.01
oo1111oo: posts big blind $0.02
*** HOLE CARDS ***
Dealt to Lorpugo [3h Ts]
movie a: folds 
Lorpugo: folds 
Blayzedays: folds 
dragster.144: folds 
Uncalled bet ($0.01) returned to oo1111oo
oo1111oo collected $0.02 from pot
*** SUMMARY ***
Total pot $0.02 | Rake $0 
Seat 1: oo1111oo (big blind) collected ($0.02)
Seat 2: movie a folded before Flop (didn't bet)
Seat 3: Lorpugo folded before Flop (didn't bet)
Seat 4: Blayzedays (button) folded before Flop (didn't bet)
Seat 6: dragster.144 (small blind) folded before Flop



PokerStars Hand #241324387408:  Hold'em No Limit ($0.01/$0.02 USD) - 2023/01/22 14:10:23 ET
Table 'Summa II' 6-max Seat #6 is the button
Seat 1: oo1111oo ($3.63 in chips) 
Seat 2: movie a ($5.11 in chips) 
Seat 3: Lorpugo ($2.04 in chips) 
Seat 4: Blayzedays ($3.42 in chips) 
Seat 6: dragster.144 ($5 in chips) 
oo1111oo: posts small blind $0.01
movie a: posts big blind $0.02
*** HOLE CARDS ***
Dealt to Lorpugo [4c 5h]
Lorpugo: folds 
Blayzedays: folds 
dragster.144 has timed out
dragster.144: folds 
oo1111oo: folds 
Uncalled bet ($0.01) returned to movie a
movie a collected $0.02 from pot
movie a: doesn't show hand 
*** SUMMARY ***
Total pot $0.02 | Rake $0 
Seat 1: oo1111oo (small blind) folded before Flop
Seat 2: movie a (big blind) collected ($0.02)
Seat 3: Lorpugo folded before Flop (didn't bet)
Seat 4: Blayzedays folded before Flop (didn't bet)
Seat 6: dragster.144 (button) folded before Flop (didn't bet)



PokerStars Hand #241324397010:  Hold'em No Limit ($0.01/$0.02 USD) - 2023/01/22 14:10:43 ET
Table 'Summa II' 6-max Seat #1 is the button
Seat 1: oo1111oo ($3.62 in chips) 
Seat 2: movie a ($5.12 in chips) 
Seat 3: Lorpugo ($2.04 in chips) 
Seat 4: Blayzedays ($3.42 in chips) 
Seat 6: dragster.144 ($5 in chips) 
movie a: posts small blind $0.01
Lorpugo: posts big blind $0.02
*** HOLE CARDS ***
Dealt to Lorpugo [8d 4h]
Blayzedays: folds 
dragster.144: raises $0.04 to $0.06
oo1111oo: folds 
movie a: folds 
Lorpugo: folds 
Uncalled bet ($0.04) returned to dragster.144
dragster.144 collected $0.05 from pot
dragster.144: doesn't show hand 
*** SUMMARY ***
Total pot $0.05 | Rake $0 
Seat 1: oo1111oo (button) folded before Flop (didn't bet)
Seat 2: movie a (small blind) folded before Flop
Seat 3: Lorpugo (big blind) folded before Flop
Seat 4: Blayzedays folded before Flop (didn't bet)
Seat 6: dragster.144 collected ($0.05)



PokerStars Hand #241324407674:  Hold'em No Limit ($0.01/$0.02 USD) - 2023/01/22 14:11:05 ET
Table 'Summa II' 6-max Seat #2 is the button
Seat 1: oo1111oo ($3.62 in chips) 
Seat 2: movie a ($5.11 in chips) 
Seat 3: Lorpugo ($2.02 in chips) 
Seat 4: Blayzedays ($3.42 in chips) 
Seat 6: dragster.144 ($5.03 in chips) 
Lorpugo: posts small blind $0.01
Blayzedays: posts big blind $0.02
*** HOLE CARDS ***
Dealt to Lorpugo [Ts Th]
dragster.144: folds 
oo1111oo: folds 
movie a: folds 
Lorpugo: raises $0.02 to $0.04
Blayzedays: folds 
Uncalled bet ($0.02) returned to Lorpugo
Lorpugo collected $0.04 from pot
Lorpugo: doesn't show hand 
*** SUMMARY ***
Total pot $0.04 | Rake $0 
Seat 1: oo1111oo folded before Flop (didn't bet)
Seat 2: movie a (button) folded before Flop (didn't bet)
Seat 3: Lorpugo (small blind) collected ($0.04)
Seat 4: Blayzedays (big blind) folded before Flop
Seat 6: dragster.144 folded before Flop (didn't bet)



PokerStars Hand #241324413487:  Hold'em No Limit ($0.01/$0.02 USD) - 2023/01/22 14:11:18 ET
Table 'Summa II' 6-max Seat #3 is the button
Seat 1: oo1111oo ($3.62 in chips) 
Seat 2: movie a ($5.11 in chips) 
Seat 3: Lorpugo ($2.04 in chips) 
Seat 4: Blayzedays ($3.40 in chips) 
Seat 6: dragster.144 ($5.03 in chips) 
Blayzedays: posts small blind $0.01
dragster.144: posts big blind $0.02
*** HOLE CARDS ***
Dealt to Lorpugo [5c Td]
oo1111oo: folds 
movie a: folds 
Lorpugo: folds 
Blayzedays: folds 
Uncalled bet ($0.01) returned to dragster.144
dragster.144 collected $0.02 from pot
dragster.144: doesn't show hand 
*** SUMMARY ***
Total pot $0.02 | Rake $0 
Seat 1: oo1111oo folded before Flop (didn't bet)
Seat 2: movie a folded before Flop (didn't bet)
Seat 3: Lorpugo (button) folded before Flop (didn't bet)
Seat 4: Blayzedays (small blind) folded before Flop
Seat 6: dragster.144 (big blind) collected ($0.02)



PokerStars Hand #241324420858:  Hold'em No Limit ($0.01/$0.02 USD) - 2023/01/22 14:11:33 ET
Table 'Summa II' 6-max Seat #4 is the button
Seat 1: oo1111oo ($3.62 in chips) 
Seat 2: movie a ($5.11 in chips) 
Seat 3: Lorpugo ($2.04 in chips) 
Seat 4: Blayzedays ($3.39 in chips) 
Seat 6: dragster.144 ($5.04 in chips) 
dragster.144: posts small blind $0.01
oo1111oo: posts big blind $0.02
*** HOLE CARDS ***
Dealt to Lorpugo [5d 3h]
movie a: folds 
Lorpugo: folds 
Blayzedays: folds 
dragster.144: folds 
Uncalled bet ($0.01) returned to oo1111oo
oo1111oo collected $0.02 from pot
*** SUMMARY ***
Total pot $0.02 | Rake $0 
Seat 1: oo1111oo (big blind) collected ($0.02)
Seat 2: movie a folded before Flop (didn't bet)
Seat 3: Lorpugo folded before Flop (didn't bet)
Seat 4: Blayzedays (button) folded before Flop (didn't bet)
Seat 6: dragster.144 (small blind) folded before Flop



PokerStars Hand #241324427005:  Hold'em No Limit ($0.01/$0.02 USD) - 2023/01/22 14:11:46 ET
Table 'Summa II' 6-max Seat #6 is the button
Seat 1: oo1111oo ($3.63 in chips) 
Seat 2: movie a ($5.11 in chips) 
Seat 3: Lorpugo ($2.04 in chips) 
Seat 4: Blayzedays ($3.39 in chips) 
Seat 6: dragster.144 ($5.03 in chips) 
oo1111oo: posts small blind $0.01
movie a: posts big blind $0.02
*** HOLE CARDS ***
Dealt to Lorpugo [Jd 6s]
Lorpugo: folds 
Blayzedays: folds 
dragster.144: raises $0.04 to $0.06
oo1111oo: calls $0.05
movie a: calls $0.04
*** FLOP *** [Jh 4h 7s]
oo1111oo: checks 
movie a: checks 
dragster.144: bets $0.09
oo1111oo: calls $0.09
movie a: calls $0.09
*** TURN *** [Jh 4h 7s] [9d]
oo1111oo: checks 
movie a: checks 
dragster.144: bets $0.24
oo1111oo: calls $0.24
movie a: folds 
*** RIVER *** [Jh 4h 7s 9d] [7c]
oo1111oo: checks 
dragster.144: checks 
*** SHOW DOWN ***
oo1111oo: shows [Kc Js] (two pair, Jacks and Sevens)
dragster.144: mucks hand 
oo1111oo collected $0.90 from pot
*** SUMMARY ***
Total pot $0.93 | Rake $0.03 
Board [Jh 4h 7s 9d 7c]
Seat 1: oo1111oo (small blind) showed [Kc Js] and won ($0.90) with two pair, Jacks and Sevens
Seat 2: movie a (big blind) folded on the Turn
Seat 3: Lorpugo folded before Flop (didn't bet)
Seat 4: Blayzedays folded before Flop (didn't bet)
Seat 6: dragster.144 (button) mucked [Qh Th]



PokerStars Hand #241324473920:  Hold'em No Limit ($0.01/$0.02 USD) - 2023/01/22 14:13:24 ET
Table 'Summa II' 6-max Seat #1 is the button
Seat 1: oo1111oo ($4.14 in chips) 
Seat 2: movie a ($4.96 in chips) 
Seat 3: Lorpugo ($2.04 in chips) 
Seat 4: Blayzedays ($3.39 in chips) 
Seat 6: dragster.144 ($4.64 in chips) 
movie a: posts small blind $0.01
Lorpugo: posts big blind $0.02
*** HOLE CARDS ***
Dealt to Lorpugo [Qd 6h]
Blayzedays: raises $0.04 to $0.06
dragster.144: calls $0.06
oo1111oo: folds 
movie a: calls $0.05
Lorpugo: folds 
*** FLOP *** [8c 4h Kc]
movie a: bets $0.10
Blayzedays: calls $0.10
C.DOTE leaves the table
dragster.144: folds 
*** TURN *** [8c 4h Kc] [9d]
Leon Remnus joins the table at seat #5 
movie a: checks 
Blayzedays: checks 
*** RIVER *** [8c 4h Kc 9d] [2d]
movie a: checks 
Blayzedays: bets $0.43
movie a is disconnected 
Leon Remnus leaves the table
kaldur20 joins the table at seat #5 
kaldur20 leaves the table
lacus0763 joins the table at seat #5 
lacus0763 leaves the table
X*COSTY*X joins the table at seat #5 
movie a is connected 
movie a: folds 
Uncalled bet ($0.43) returned to Blayzedays
Blayzedays collected $0.39 from pot
*** SUMMARY ***
Total pot $0.40 | Rake $0.01 
Board [8c 4h Kc 9d 2d]
Seat 1: oo1111oo (button) folded before Flop (didn't bet)
Seat 2: movie a (small blind) folded on the River
Seat 3: Lorpugo (big blind) folded before Flop
Seat 4: Blayzedays collected ($0.39)
Seat 6: dragster.144 folded on the Flop



PokerStars Hand #241324592652:  Hold'em No Limit ($0.01/$0.02 USD) - 2023/01/22 14:17:31 ET
Table 'Summa II' 6-max Seat #2 is the button
Seat 1: oo1111oo ($4.14 in chips) 
Seat 2: movie a ($4.80 in chips) 
Seat 3: Lorpugo ($2.02 in chips) 
Seat 4: Blayzedays ($3.62 in chips) 
Seat 5: X*COSTY*X ($0.80 in chips) 
Seat 6: dragster.144 ($4.58 in chips) 
Lorpugo: posts small blind $0.01
Blayzedays: posts big blind $0.02
X*COSTY*X: posts big blind $0.02
*** HOLE CARDS ***
Dealt to Lorpugo [Qd Kd]
X*COSTY*X: checks 
dragster.144: folds 
oo1111oo: folds 
movie a: raises $0.07 to $0.09
Lorpugo: calls $0.08
Blayzedays: calls $0.07
X*COSTY*X: folds 
*** FLOP *** [2c Td Ks]
Lorpugo: checks 
Blayzedays: checks 
movie a: bets $0.14
Lorpugo: raises $0.37 to $0.51
Blayzedays: folds 
movie a: calls $0.37
*** TURN *** [2c Td Ks] [4s]
Lorpugo: bets $1.42 and is all-in
movie a: folds 
Uncalled bet ($1.42) returned to Lorpugo
Lorpugo collected $1.26 from pot
Lorpugo: doesn't show hand 
*** SUMMARY ***
Total pot $1.31 | Rake $0.05 
Board [2c Td Ks 4s]
Seat 1: oo1111oo folded before Flop (didn't bet)
Seat 2: movie a (button) folded on the Turn
Seat 3: Lorpugo (small blind) collected ($1.26)
Seat 4: Blayzedays (big blind) folded on the Flop
Seat 5: X*COSTY*X folded before Flop (didn't bet)
Seat 6: dragster.144 folded before Flop (didn't bet)



PokerStars Hand #241324627256:  Hold'em No Limit ($0.01/$0.02 USD) - 2023/01/22 14:18:44 ET
Table 'Summa II' 6-max Seat #3 is the button
Seat 1: oo1111oo ($4.14 in chips) 
Seat 2: movie a ($4.20 in chips) 
Seat 3: Lorpugo ($2.68 in chips) 
Seat 4: Blayzedays ($3.53 in chips) 
Seat 5: X*COSTY*X ($0.78 in chips) 
Seat 6: dragster.144 ($4.58 in chips) 
Blayzedays: posts small blind $0.01
X*COSTY*X: posts big blind $0.02
*** HOLE CARDS ***
Dealt to Lorpugo [Kd 2d]
dragster.144: folds 
oo1111oo: folds 
movie a: raises $0.04 to $0.06
Lorpugo: calls $0.06
Blayzedays: folds 
X*COSTY*X: folds 
*** FLOP *** [6d Js 4s]
movie a: bets $0.07
Lorpugo: folds 
Uncalled bet ($0.07) returned to movie a
movie a collected $0.14 from pot
movie a: doesn't show hand 
*** SUMMARY ***
Total pot $0.15 | Rake $0.01 
Board [6d Js 4s]
Seat 1: oo1111oo folded before Flop (didn't bet)
Seat 2: movie a collected ($0.14)
Seat 3: Lorpugo (button) folded on the Flop
Seat 4: Blayzedays (small blind) folded before Flop
Seat 5: X*COSTY*X (big blind) folded before Flop
Seat 6: dragster.144 folded before Flop (didn't bet)



PokerStars Hand #241324642125:  Hold'em No Limit ($0.01/$0.02 USD) - 2023/01/22 14:19:15 ET
Table 'Summa II' 6-max Seat #4 is the button
Seat 1: oo1111oo ($4.14 in chips) 
Seat 2: movie a ($4.28 in chips) 
Seat 3: Lorpugo ($2.62 in chips) 
Seat 4: Blayzedays ($3.52 in chips) 
Seat 5: X*COSTY*X ($0.76 in chips) 
Seat 6: dragster.144 ($4.58 in chips) 
X*COSTY*X: posts small blind $0.01
dragster.144: posts big blind $0.02
*** HOLE CARDS ***
Dealt to Lorpugo [8c Jd]
oo1111oo: folds 
movie a: folds 
Lorpugo: folds 
Blayzedays: folds 
X*COSTY*X: folds 
Uncalled bet ($0.01) returned to dragster.144
dragster.144 collected $0.02 from pot
dragster.144: doesn't show hand 
*** SUMMARY ***
Total pot $0.02 | Rake $0 
Seat 1: oo1111oo folded before Flop (didn't bet)
Seat 2: movie a folded before Flop (didn't bet)
Seat 3: Lorpugo folded before Flop (didn't bet)
Seat 4: Blayzedays (button) folded before Flop (didn't bet)
Seat 5: X*COSTY*X (small blind) folded before Flop
Seat 6: dragster.144 (big blind) collected ($0.02)



PokerStars Hand #241324647827:  Hold'em No Limit ($0.01/$0.02 USD) - 2023/01/22 14:19:27 ET
Table 'Summa II' 6-max Seat #5 is the button
Seat 1: oo1111oo ($4.14 in chips) 
Seat 2: movie a ($4.28 in chips) 
Seat 3: Lorpugo ($2.62 in chips) 
Seat 4: Blayzedays ($3.52 in chips) 
Seat 5: X*COSTY*X ($0.75 in chips) 
Seat 6: dragster.144 ($4.59 in chips) 
dragster.144: posts small blind $0.01
oo1111oo: posts big blind $0.02
*** HOLE CARDS ***
Dealt to Lorpugo [5s 7c]
movie a: folds 
Lorpugo: folds 
Blayzedays: calls $0.02
X*COSTY*X: folds 
dragster.144: calls $0.01
oo1111oo: checks 
*** FLOP *** [3s 6s Qh]
dragster.144: checks 
oo1111oo: checks 
Blayzedays: checks 
*** TURN *** [3s 6s Qh] [Kc]
dragster.144: bets $0.06
oo1111oo: folds 
Blayzedays: calls $0.06
*** RIVER *** [3s 6s Qh Kc] [8s]
dragster.144: bets $0.24
Blayzedays: folds 
Uncalled bet ($0.24) returned to dragster.144
dragster.144 collected $0.17 from pot
dragster.144: doesn't show hand 
*** SUMMARY ***
Total pot $0.18 | Rake $0.01 
Board [3s 6s Qh Kc 8s]
Seat 1: oo1111oo (big blind) folded on the Turn
Seat 2: movie a folded before Flop (didn't bet)
Seat 3: Lorpugo folded before Flop (didn't bet)
Seat 4: Blayzedays folded on the River
Seat 5: X*COSTY*X (button) folded before Flop (didn't bet)
Seat 6: dragster.144 (small blind) collected ($0.17)



PokerStars Hand #241324686684:  Hold'em No Limit ($0.01/$0.02 USD) - 2023/01/22 14:20:48 ET
Table 'Summa II' 6-max Seat #6 is the button
Seat 1: oo1111oo ($4.12 in chips) 
Seat 2: movie a ($4.28 in chips) 
Seat 3: Lorpugo ($2.62 in chips) 
Seat 4: Blayzedays ($3.44 in chips) 
Seat 5: X*COSTY*X ($0.75 in chips) 
Seat 6: dragster.144 ($4.68 in chips) 
oo1111oo: posts small blind $0.01
movie a: posts big blind $0.02
*** HOLE CARDS ***
Dealt to Lorpugo [9d 2c]
Lorpugo: folds 
Blayzedays: folds 
X*COSTY*X: calls $0.02
dragster.144: raises $0.14 to $0.16
oo1111oo: folds 
movie a: folds 
X*COSTY*X: calls $0.14
*** FLOP *** [5c 8s Td]
X*COSTY*X: checks 
dragster.144: bets $0.17
X*COSTY*X: calls $0.17
*** TURN *** [5c 8s Td] [Qs]
X*COSTY*X: checks 
dragster.144: checks 
*** RIVER *** [5c 8s Td Qs] [Kh]
X*COSTY*X: bets $0.42 and is all-in
dragster.144: calls $0.42
*** SHOW DOWN ***
X*COSTY*X: shows [Jd Ad] (a straight, Ten to Ace)
dragster.144: shows [As Kc] (a pair of Kings)
X*COSTY*X collected $1.48 from pot
*** SUMMARY ***
Total pot $1.53 | Rake $0.05 
Board [5c 8s Td Qs Kh]
Seat 1: oo1111oo (small blind) folded before Flop
Seat 2: movie a (big blind) folded before Flop
Seat 3: Lorpugo folded before Flop (didn't bet)
Seat 4: Blayzedays folded before Flop (didn't bet)
Seat 5: X*COSTY*X showed [Jd Ad] and won ($1.48) with a straight, Ten to Ace
Seat 6: dragster.144 (button) showed [As Kc] and lost with a pair of Kings



PokerStars Hand #241324713590:  Hold'em No Limit ($0.01/$0.02 USD) - 2023/01/22 14:21:45 ET
Table 'Summa II' 6-max Seat #1 is the button
Seat 1: oo1111oo ($4.11 in chips) 
Seat 2: movie a ($4.26 in chips) 
Seat 3: Lorpugo ($2.62 in chips) 
Seat 4: Blayzedays ($3.44 in chips) 
Seat 5: X*COSTY*X ($1.48 in chips) 
Seat 6: dragster.144 ($3.93 in chips) 
movie a: posts small blind $0.01
Lorpugo: posts big blind $0.02
*** HOLE CARDS ***
Dealt to Lorpugo [Js Ah]
Blayzedays: folds 
X*COSTY*X: calls $0.02
dragster.144: folds 
oo1111oo: folds 
movie a: folds 
Lorpugo: raises $0.05 to $0.07
X*COSTY*X: calls $0.05
*** FLOP *** [Jc Qc 8d]
Lorpugo: checks 
X*COSTY*X: checks 
*** TURN *** [Jc Qc 8d] [Ac]
Lorpugo: bets $0.14
X*COSTY*X: folds 
Uncalled bet ($0.14) returned to Lorpugo
Lorpugo collected $0.14 from pot
Lorpugo: doesn't show hand 
*** SUMMARY ***
Total pot $0.15 | Rake $0.01 
Board [Jc Qc 8d Ac]
Seat 1: oo1111oo (button) folded before Flop (didn't bet)
Seat 2: movie a (small blind) folded before Flop
Seat 3: Lorpugo (big blind) collected ($0.14)
Seat 4: Blayzedays folded before Flop (didn't bet)
Seat 5: X*COSTY*X folded on the Turn
Seat 6: dragster.144 folded before Flop (didn't bet)



PokerStars Hand #241324728479:  Hold'em No Limit ($0.01/$0.02 USD) - 2023/01/22 14:22:16 ET
Table 'Summa II' 6-max Seat #2 is the button
Seat 1: oo1111oo ($4.11 in chips) 
Seat 2: movie a ($4.25 in chips) 
Seat 3: Lorpugo ($2.69 in chips) 
Seat 4: Blayzedays ($3.44 in chips) 
Seat 5: X*COSTY*X ($1.41 in chips) 
Seat 6: dragster.144 ($3.93 in chips) 
Lorpugo: posts small blind $0.01
Blayzedays: posts big blind $0.02
*** HOLE CARDS ***
Dealt to Lorpugo [6s 8c]
X*COSTY*X: calls $0.02
dragster.144: folds 
oo1111oo: calls $0.02
movie a: raises $0.09 to $0.11
Lorpugo: folds 
Blayzedays: folds 
X*COSTY*X: calls $0.09
oo1111oo: folds 
*** FLOP *** [8d Js Qc]
X*COSTY*X: checks 
movie a: bets $0.13
X*COSTY*X: folds 
Uncalled bet ($0.13) returned to movie a
movie a collected $0.26 from pot
movie a: doesn't show hand 
*** SUMMARY ***
Total pot $0.27 | Rake $0.01 
Board [8d Js Qc]
Seat 1: oo1111oo folded before Flop
Seat 2: movie a (button) collected ($0.26)
Seat 3: Lorpugo (small blind) folded before Flop
Seat 4: Blayzedays (big blind) folded before Flop
Seat 5: X*COSTY*X folded on the Flop
Seat 6: dragster.144 folded before Flop (didn't bet)



PokerStars Hand #241324750401:  Hold'em No Limit ($0.01/$0.02 USD) - 2023/01/22 14:23:01 ET
Table 'Summa II' 6-max Seat #3 is the button
Seat 1: oo1111oo ($4.09 in chips) 
Seat 2: movie a ($4.40 in chips) 
Seat 3: Lorpugo ($2.68 in chips) 
Seat 4: Blayzedays ($3.42 in chips) 
Seat 5: X*COSTY*X ($1.30 in chips) 
Seat 6: dragster.144 ($3.93 in chips) 
Blayzedays: posts small blind $0.01
X*COSTY*X: posts big blind $0.02
*** HOLE CARDS ***
Dealt to Lorpugo [Ts Ah]
dragster.144: folds 
oo1111oo: raises $0.02 to $0.04
movie a: folds 
Lorpugo: calls $0.04
Blayzedays: folds 
X*COSTY*X: calls $0.02
*** FLOP *** [5s 6d 5c]
X*COSTY*X: checks 
oo1111oo: bets $0.13
Lorpugo: folds 
X*COSTY*X: folds 
Uncalled bet ($0.13) returned to oo1111oo
oo1111oo collected $0.13 from pot
*** SUMMARY ***
Total pot $0.13 | Rake $0 
Board [5s 6d 5c]
Seat 1: oo1111oo collected ($0.13)
Seat 2: movie a folded before Flop (didn't bet)
Seat 3: Lorpugo (button) folded on the Flop
Seat 4: Blayzedays (small blind) folded before Flop
Seat 5: X*COSTY*X (big blind) folded on the Flop
Seat 6: dragster.144 folded before Flop (didn't bet)



PokerStars Hand #241324773308:  Hold'em No Limit ($0.01/$0.02 USD) - 2023/01/22 14:23:49 ET
Table 'Summa II' 6-max Seat #4 is the button
Seat 1: oo1111oo ($4.18 in chips) 
Seat 2: movie a ($4.40 in chips) 
Seat 3: Lorpugo ($2.64 in chips) 
Seat 4: Blayzedays ($3.41 in chips) 
Seat 5: X*COSTY*X ($1.26 in chips) 
Seat 6: dragster.144 ($3.93 in chips) 
X*COSTY*X: posts small blind $0.01
dragster.144: posts big blind $0.02
*** HOLE CARDS ***
Dealt to Lorpugo [Jc 5h]
oo1111oo: folds 
movie a: folds 
Lorpugo: folds 
Blayzedays has timed out
Blayzedays: folds 
X*COSTY*X: calls $0.01
dragster.144: checks 
*** FLOP *** [Ad Tc 4d]
X*COSTY*X: checks 
dragster.144: checks 
*** TURN *** [Ad Tc 4d] [Ac]
X*COSTY*X: checks 
dragster.144: checks 
*** RIVER *** [Ad Tc 4d Ac] [Ts]
X*COSTY*X: checks 
dragster.144: checks 
*** SHOW DOWN ***
X*COSTY*X: shows [Jh 8s] (two pair, Aces and Tens)
dragster.144: mucks hand 
X*COSTY*X collected $0.04 from pot
*** SUMMARY ***
Total pot $0.04 | Rake $0 
Board [Ad Tc 4d Ac Ts]
Seat 1: oo1111oo folded before Flop (didn't bet)
Seat 2: movie a folded before Flop (didn't bet)
Seat 3: Lorpugo folded before Flop (didn't bet)
Seat 4: Blayzedays (button) folded before Flop (didn't bet)
Seat 5: X*COSTY*X (small blind) showed [Jh 8s] and won ($0.04) with two pair, Aces and Tens
Seat 6: dragster.144 (big blind) mucked [7s 9c]



PokerStars Hand #241324795654:  Hold'em No Limit ($0.01/$0.02 USD) - 2023/01/22 14:24:36 ET
Table 'Summa II' 6-max Seat #5 is the button
Seat 1: oo1111oo ($4.18 in chips) 
Seat 2: movie a ($4.40 in chips) 
Seat 3: Lorpugo ($2.64 in chips) 
Seat 5: X*COSTY*X ($1.28 in chips) 
Seat 6: dragster.144 ($3.91 in chips) 
dragster.144: posts small blind $0.01
oo1111oo: posts big blind $0.02
*** HOLE CARDS ***
Dealt to Lorpugo [Kc 7h]
movie a: folds 
Lorpugo: folds 
X*COSTY*X: calls $0.02
dragster.144: folds 
oo1111oo: checks 
*** FLOP *** [Td Qh 8h]
oo1111oo: checks 
X*COSTY*X: checks 
*** TURN *** [Td Qh 8h] [9s]
oo1111oo: checks 
Blayzedays leaves the table
X*COSTY*X: checks 
*** RIVER *** [Td Qh 8h 9s] [As]
oo1111oo: checks 
X*COSTY*X: checks 
*** SHOW DOWN ***
oo1111oo: shows [Qc 2c] (a pair of Queens)
X*COSTY*X: mucks hand 
oo1111oo collected $0.05 from pot
*** SUMMARY ***
Total pot $0.05 | Rake $0 
Board [Td Qh 8h 9s As]
Seat 1: oo1111oo (big blind) showed [Qc 2c] and won ($0.05) with a pair of Queens
Seat 2: movie a folded before Flop (didn't bet)
Seat 3: Lorpugo folded before Flop (didn't bet)
Seat 5: X*COSTY*X (button) mucked [5s 4c]
Seat 6: dragster.144 (small blind) folded before Flop



PokerStars Hand #241324808567:  Hold'em No Limit ($0.01/$0.02 USD) - 2023/01/22 14:25:03 ET
Table 'Summa II' 6-max Seat #6 is the button
Seat 1: oo1111oo ($4.21 in chips) 
Seat 2: movie a ($4.40 in chips) 
Seat 3: Lorpugo ($2.64 in chips) 
Seat 5: X*COSTY*X ($1.26 in chips) 
Seat 6: dragster.144 ($3.90 in chips) 
oo1111oo: posts small blind $0.01
movie a: posts big blind $0.02
*** HOLE CARDS ***
Dealt to Lorpugo [5c Jh]
Lorpugo: folds 
X*COSTY*X: calls $0.02
dragster.144: folds 
oo1111oo: folds 
movie a: checks 
*** FLOP *** [7d 2h Qs]
Eliot-DK007 joins the table at seat #4 
movie a: checks 
X*COSTY*X: checks 
*** TURN *** [7d 2h Qs] [4h]
movie a: checks 
X*COSTY*X: checks 
*** RIVER *** [7d 2h Qs 4h] [8s]
movie a: bets $0.05
X*COSTY*X: folds 
Uncalled bet ($0.05) returned to movie a
movie a collected $0.05 from pot
movie a: doesn't show hand 
*** SUMMARY ***
Total pot $0.05 | Rake $0 
Board [7d 2h Qs 4h 8s]
Seat 1: oo1111oo (small blind) folded before Flop
Seat 2: movie a (big blind) collected ($0.05)
Seat 3: Lorpugo folded before Flop (didn't bet)
Seat 5: X*COSTY*X folded on the River
Seat 6: dragster.144 (button) folded before Flop (didn't bet)



PokerStars Hand #241324828427:  Hold'em No Limit ($0.01/$0.02 USD) - 2023/01/22 14:25:45 ET
Table 'Summa II' 6-max Seat #1 is the button
Seat 1: oo1111oo ($4.20 in chips) 
Seat 2: movie a ($4.43 in chips) 
Seat 3: Lorpugo ($2.64 in chips) 
Seat 5: X*COSTY*X ($1.24 in chips) 
Seat 6: dragster.144 ($3.90 in chips) 
movie a: posts small blind $0.01
Lorpugo: posts big blind $0.02
*** HOLE CARDS ***
Dealt to Lorpugo [9s 5h]
X*COSTY*X: calls $0.02
dragster.144: raises $0.07 to $0.09
oo1111oo: calls $0.09
movie a: folds 
Lorpugo: folds 
X*COSTY*X: calls $0.07
*** FLOP *** [7c 9c Jc]
X*COSTY*X: checks 
dragster.144: bets $0.15
oo1111oo: folds 
X*COSTY*X: folds 
Uncalled bet ($0.15) returned to dragster.144
dragster.144 collected $0.29 from pot
dragster.144: doesn't show hand 
*** SUMMARY ***
Total pot $0.30 | Rake $0.01 
Board [7c 9c Jc]
Seat 1: oo1111oo (button) folded on the Flop
Seat 2: movie a (small blind) folded before Flop
Seat 3: Lorpugo (big blind) folded before Flop
Seat 5: X*COSTY*X folded on the Flop
Seat 6: dragster.144 collected ($0.29)



PokerStars Hand #241324842273:  Hold'em No Limit ($0.01/$0.02 USD) - 2023/01/22 14:26:14 ET
Table 'Summa II' 6-max Seat #2 is the button
Seat 1: oo1111oo ($4.11 in chips) 
Seat 2: movie a ($4.42 in chips) 
Seat 3: Lorpugo ($2.62 in chips) 
Seat 4: Eliot-DK007 ($1.60 in chips) 
Seat 5: X*COSTY*X ($1.15 in chips) 
Seat 6: dragster.144 ($4.10 in chips) 
Lorpugo: posts small blind $0.01
Eliot-DK007: posts big blind $0.02
*** HOLE CARDS ***
Dealt to Lorpugo [4d 4s]
X*COSTY*X: folds 
dragster.144: folds 
oo1111oo: folds 
movie a: folds 
Lorpugo: raises $0.03 to $0.05
Eliot-DK007: calls $0.03
*** FLOP *** [2h 3c 7h]
Lorpugo: bets $0.07
Eliot-DK007: calls $0.07
*** TURN *** [2h 3c 7h] [5d]
Lorpugo: bets $0.08
Eliot-DK007: raises $0.08 to $0.16
Lorpugo: calls $0.08
*** RIVER *** [2h 3c 7h 5d] [As]
Lorpugo: bets $2.34 and is all-in
Eliot-DK007: calls $1.32 and is all-in
Uncalled bet ($1.02) returned to Lorpugo
*** SHOW DOWN ***
Lorpugo: shows [4d 4s] (a straight, Ace to Five)
Eliot-DK007: shows [3d 3h] (three of a kind, Threes)
Lorpugo collected $3.09 from pot
*** SUMMARY ***
Total pot $3.20 | Rake $0.11 
Board [2h 3c 7h 5d As]
Seat 1: oo1111oo folded before Flop (didn't bet)
Seat 2: movie a (button) folded before Flop (didn't bet)
Seat 3: Lorpugo (small blind) showed [4d 4s] and won ($3.09) with a straight, Ace to Five
Seat 4: Eliot-DK007 (big blind) showed [3d 3h] and lost with three of a kind, Threes
Seat 5: X*COSTY*X folded before Flop (didn't bet)
Seat 6: dragster.144 folded before Flop (didn't bet)



PokerStars Hand #241324864252:  Hold'em No Limit ($0.01/$0.02 USD) - 2023/01/22 14:27:00 ET
Table 'Summa II' 6-max Seat #3 is the button
Seat 1: oo1111oo ($4.11 in chips) 
Seat 2: movie a ($4.42 in chips) 
Seat 3: Lorpugo ($4.11 in chips) 
Seat 5: X*COSTY*X ($1.15 in chips) 
Seat 6: dragster.144 ($4.10 in chips) 
X*COSTY*X: posts small blind $0.01
dragster.144: posts big blind $0.02
*** HOLE CARDS ***
Dealt to Lorpugo [4d Ad]
oo1111oo: folds 
movie a: folds 
Lorpugo: raises $0.03 to $0.05
X*COSTY*X: calls $0.04
dragster.144: folds 
*** FLOP *** [3s Th Qs]
X*COSTY*X: checks 
Lorpugo: checks 
*** TURN *** [3s Th Qs] [As]
X*COSTY*X: checks 
Lorpugo: bets $0.12
X*COSTY*X: folds 
Uncalled bet ($0.12) returned to Lorpugo
Lorpugo collected $0.12 from pot
Lorpugo: doesn't show hand 
*** SUMMARY ***
Total pot $0.12 | Rake $0 
Board [3s Th Qs As]
Seat 1: oo1111oo folded before Flop (didn't bet)
Seat 2: movie a folded before Flop (didn't bet)
Seat 3: Lorpugo (button) collected ($0.12)
Seat 5: X*COSTY*X (small blind) folded on the Turn
Seat 6: dragster.144 (big blind) folded before Flop



PokerStars Hand #241324880288:  Hold'em No Limit ($0.01/$0.02 USD) - 2023/01/22 14:27:34 ET
Table 'Summa II' 6-max Seat #5 is the button
Seat 1: oo1111oo ($4.11 in chips) 
Seat 2: movie a ($4.42 in chips) 
Seat 3: Lorpugo ($4.18 in chips) 
Seat 4: Eliot-DK007 ($1.60 in chips) 
Seat 5: X*COSTY*X ($1.10 in chips) 
Seat 6: dragster.144 ($4.08 in chips) 
dragster.144: posts small blind $0.01
oo1111oo: posts big blind $0.02
Eliot-DK007: posts small blind $0.01
*** HOLE CARDS ***
Dealt to Lorpugo [9d Qs]
movie a: folds 
Lorpugo: raises $0.02 to $0.04
Eliot-DK007: folds 
X*COSTY*X: calls $0.04
dragster.144: folds 
oo1111oo: calls $0.02
*** FLOP *** [3d Js 6c]
oo1111oo: bets $0.14
Lorpugo: folds 
X*COSTY*X: folds 
Uncalled bet ($0.14) returned to oo1111oo
oo1111oo collected $0.14 from pot
*** SUMMARY ***
Total pot $0.14 | Rake $0 
Board [3d Js 6c]
Seat 1: oo1111oo (big blind) collected ($0.14)
Seat 2: movie a folded before Flop (didn't bet)
Seat 3: Lorpugo folded on the Flop
Seat 4: Eliot-DK007 folded before Flop (didn't bet)
Seat 5: X*COSTY*X (button) folded on the Flop
Seat 6: dragster.144 (small blind) folded before Flop



PokerStars Hand #241324897271:  Hold'em No Limit ($0.01/$0.02 USD) - 2023/01/22 14:28:10 ET
Table 'Summa II' 6-max Seat #6 is the button
Seat 1: oo1111oo ($4.21 in chips) 
Seat 2: movie a ($4.42 in chips) 
Seat 3: Lorpugo ($4.14 in chips) 
Seat 4: Eliot-DK007 ($1.59 in chips) 
Seat 5: X*COSTY*X ($1.06 in chips) 
Seat 6: dragster.144 ($4.07 in chips) 
oo1111oo: posts small blind $0.01
movie a: posts big blind $0.02
*** HOLE CARDS ***
Dealt to Lorpugo [Kh 5d]
Lorpugo: folds 
Eliot-DK007: folds 
X*COSTY*X: calls $0.02
dragster.144: folds 
oo1111oo: folds 
movie a: checks 
*** FLOP *** [6h Jh 6s]
movie a: checks 
X*COSTY*X: checks 
*** TURN *** [6h Jh 6s] [3d]
movie a: checks 
X*COSTY*X: checks 
*** RIVER *** [6h Jh 6s 3d] [9s]
movie a: bets $0.02
X*COSTY*X: calls $0.02
*** SHOW DOWN ***
movie a: shows [9c 8h] (two pair, Nines and Sixes)
X*COSTY*X: mucks hand 
movie a collected $0.09 from pot
*** SUMMARY ***
Total pot $0.09 | Rake $0 
Board [6h Jh 6s 3d 9s]
Seat 1: oo1111oo (small blind) folded before Flop
Seat 2: movie a (big blind) showed [9c 8h] and won ($0.09) with two pair, Nines and Sixes
Seat 3: Lorpugo folded before Flop (didn't bet)
Seat 4: Eliot-DK007 folded before Flop (didn't bet)
Seat 5: X*COSTY*X mucked [4h Ad]
Seat 6: dragster.144 (button) folded before Flop (didn't bet)



PokerStars Hand #241324911710:  Hold'em No Limit ($0.01/$0.02 USD) - 2023/01/22 14:28:40 ET
Table 'Summa II' 6-max Seat #1 is the button
Seat 1: oo1111oo ($4.20 in chips) 
Seat 2: movie a ($4.47 in chips) 
Seat 3: Lorpugo ($4.14 in chips) 
Seat 4: Eliot-DK007 ($1.59 in chips) 
Seat 5: X*COSTY*X ($1.02 in chips) 
Seat 6: dragster.144 ($4.07 in chips) 
movie a: posts small blind $0.01
Lorpugo: posts big blind $0.02
*** HOLE CARDS ***
Dealt to Lorpugo [Js 7s]
Eliot-DK007: folds 
X*COSTY*X: folds 
dragster.144: raises $0.04 to $0.06
oo1111oo: folds 
movie a: folds 
Lorpugo: calls $0.04
*** FLOP *** [3c Jh Ac]
Lorpugo: checks 
dragster.144: bets $0.07
Lorpugo: calls $0.07
*** TURN *** [3c Jh Ac] [4h]
Lorpugo: checks 
dragster.144: checks 
*** RIVER *** [3c Jh Ac 4h] [Jc]
Lorpugo: checks 
dragster.144: checks 
*** SHOW DOWN ***
Lorpugo: shows [Js 7s] (three of a kind, Jacks)
dragster.144: mucks hand 
Lorpugo collected $0.26 from pot
*** SUMMARY ***
Total pot $0.27 | Rake $0.01 
Board [3c Jh Ac 4h Jc]
Seat 1: oo1111oo (button) folded before Flop (didn't bet)
Seat 2: movie a (small blind) folded before Flop
Seat 3: Lorpugo (big blind) showed [Js 7s] and won ($0.26) with three of a kind, Jacks
Seat 4: Eliot-DK007 folded before Flop (didn't bet)
Seat 5: X*COSTY*X folded before Flop (didn't bet)
Seat 6: dragster.144 mucked [8d 8c]



PokerStars Hand #241324929344:  Hold'em No Limit ($0.01/$0.02 USD) - 2023/01/22 14:29:18 ET
Table 'Summa II' 6-max Seat #2 is the button
Seat 1: oo1111oo ($4.20 in chips) 
Seat 2: movie a ($4.46 in chips) 
Seat 3: Lorpugo ($4.27 in chips) 
Seat 4: Eliot-DK007 ($1.59 in chips) 
Seat 5: X*COSTY*X ($1.02 in chips) 
Seat 6: dragster.144 ($3.94 in chips) 
Lorpugo: posts small blind $0.01
Eliot-DK007: posts big blind $0.02
*** HOLE CARDS ***
Dealt to Lorpugo [Th Qc]
X*COSTY*X: calls $0.02
dragster.144: folds 
oo1111oo: raises $0.02 to $0.04
movie a: folds 
Lorpugo: calls $0.03
Eliot-DK007: folds 
X*COSTY*X: calls $0.02
*** FLOP *** [Td 4s 3h]
Lorpugo: bets $0.09
X*COSTY*X: folds 
oo1111oo: folds 
Uncalled bet ($0.09) returned to Lorpugo
Lorpugo collected $0.14 from pot
Lorpugo: doesn't show hand 
*** SUMMARY ***
Total pot $0.14 | Rake $0 
Board [Td 4s 3h]
Seat 1: oo1111oo folded on the Flop
Seat 2: movie a (button) folded before Flop (didn't bet)
Seat 3: Lorpugo (small blind) collected ($0.14)
Seat 4: Eliot-DK007 (big blind) folded before Flop
Seat 5: X*COSTY*X folded on the Flop
Seat 6: dragster.144 folded before Flop (didn't bet)



PokerStars Hand #241324942827:  Hold'em No Limit ($0.01/$0.02 USD) - 2023/01/22 14:29:47 ET
Table 'Summa II' 6-max Seat #3 is the button
Seat 1: oo1111oo ($4.16 in chips) 
Seat 2: movie a ($4.46 in chips) 
Seat 3: Lorpugo ($4.37 in chips) 
Seat 4: Eliot-DK007 ($1.57 in chips) 
Seat 5: X*COSTY*X ($0.98 in chips) 
Seat 6: dragster.144 ($3.94 in chips) 
Eliot-DK007: posts small blind $0.01
X*COSTY*X: posts big blind $0.02
*** HOLE CARDS ***
Dealt to Lorpugo [Kd 5c]
dragster.144: raises $0.04 to $0.06
oo1111oo: folds 
movie a: folds 
Lorpugo: folds 
Eliot-DK007: folds 
X*COSTY*X: folds 
Uncalled bet ($0.04) returned to dragster.144
dragster.144 collected $0.05 from pot
dragster.144: doesn't show hand 
*** SUMMARY ***
Total pot $0.05 | Rake $0 
Seat 1: oo1111oo folded before Flop (didn't bet)
Seat 2: movie a folded before Flop (didn't bet)
Seat 3: Lorpugo (button) folded before Flop (didn't bet)
Seat 4: Eliot-DK007 (small blind) folded before Flop
Seat 5: X*COSTY*X (big blind) folded before Flop
Seat 6: dragster.144 collected ($0.05)



PokerStars Hand #241324950266:  Hold'em No Limit ($0.01/$0.02 USD) - 2023/01/22 14:30:02 ET
Table 'Summa II' 6-max Seat #4 is the button
Seat 1: oo1111oo ($4.16 in chips) 
Seat 2: movie a ($4.46 in chips) 
Seat 3: Lorpugo ($4.37 in chips) 
Seat 4: Eliot-DK007 ($1.56 in chips) 
Seat 5: X*COSTY*X ($0.96 in chips) 
Seat 6: dragster.144 ($3.97 in chips) 
X*COSTY*X: posts small blind $0.01
dragster.144: posts big blind $0.02
*** HOLE CARDS ***
Dealt to Lorpugo [8d 9s]
oo1111oo: folds 
movie a: folds 
Lorpugo: raises $0.03 to $0.05
Eliot-DK007: raises $0.05 to $0.10
X*COSTY*X: calls $0.09
dragster.144: calls $0.08
Lorpugo: calls $0.05
*** FLOP *** [3d As Kc]
X*COSTY*X: checks 
dragster.144: checks 
Lorpugo: checks 
Eliot-DK007: checks 
*** TURN *** [3d As Kc] [4s]
X*COSTY*X: bets $0.02
dragster.144: calls $0.02
Lorpugo: folds 
Eliot-DK007: calls $0.02
*** RIVER *** [3d As Kc 4s] [Qs]
X*COSTY*X: bets $0.04
dragster.144: folds 
Eliot-DK007: raises $0.26 to $0.30
X*COSTY*X: folds 
Uncalled bet ($0.26) returned to Eliot-DK007
Eliot-DK007 collected $0.52 from pot
*** SUMMARY ***
Total pot $0.54 | Rake $0.02 
Board [3d As Kc 4s Qs]
Seat 1: oo1111oo folded before Flop (didn't bet)
Seat 2: movie a folded before Flop (didn't bet)
Seat 3: Lorpugo folded on the Turn
Seat 4: Eliot-DK007 (button) collected ($0.52)
Seat 5: X*COSTY*X (small blind) folded on the River
Seat 6: dragster.144 (big blind) folded on the River



PokerStars Hand #241324994388:  Hold'em No Limit ($0.01/$0.02 USD) - 2023/01/22 14:31:34 ET
Table 'Summa II' 6-max Seat #5 is the button
Seat 1: oo1111oo ($4.16 in chips) 
Seat 2: movie a ($4.46 in chips) 
Seat 3: Lorpugo ($4.27 in chips) 
Seat 4: Eliot-DK007 ($1.92 in chips) 
Seat 5: X*COSTY*X ($0.80 in chips) 
Seat 6: dragster.144 ($3.85 in chips) 
dragster.144: posts small blind $0.01
oo1111oo: posts big blind $0.02
*** HOLE CARDS ***
Dealt to Lorpugo [2d Kd]
movie a: folds 
Lorpugo: raises $0.02 to $0.04
Eliot-DK007: folds 
X*COSTY*X: folds 
dragster.144: calls $0.03
oo1111oo: folds 
*** FLOP *** [3s As 6h]
dragster.144: checks 
Lorpugo: bets $0.03
dragster.144: calls $0.03
*** TURN *** [3s As 6h] [3d]
dragster.144: checks 
Lorpugo: checks 
*** RIVER *** [3s As 6h 3d] [9h]
dragster.144: bets $0.15
Lorpugo: folds 
Uncalled bet ($0.15) returned to dragster.144
dragster.144 collected $0.15 from pot
dragster.144: doesn't show hand 
*** SUMMARY ***
Total pot $0.16 | Rake $0.01 
Board [3s As 6h 3d 9h]
Seat 1: oo1111oo (big blind) folded before Flop
Seat 2: movie a folded before Flop (didn't bet)
Seat 3: Lorpugo folded on the River
Seat 4: Eliot-DK007 folded before Flop (didn't bet)
Seat 5: X*COSTY*X (button) folded before Flop (didn't bet)
Seat 6: dragster.144 (small blind) collected ($0.15)



PokerStars Hand #241325017924:  Hold'em No Limit ($0.01/$0.02 USD) - 2023/01/22 14:32:23 ET
Table 'Summa II' 6-max Seat #6 is the button
Seat 1: oo1111oo ($4.14 in chips) 
Seat 2: movie a ($4.46 in chips) 
Seat 3: Lorpugo ($4.20 in chips) 
Seat 4: Eliot-DK007 ($1.92 in chips) 
Seat 5: X*COSTY*X ($0.80 in chips) 
Seat 6: dragster.144 ($3.93 in chips) 
oo1111oo: posts small blind $0.01
movie a: posts big blind $0.02
*** HOLE CARDS ***
Dealt to Lorpugo [4s As]
Lorpugo: raises $0.02 to $0.04
Eliot-DK007: folds 
X*COSTY*X: folds 
dragster.144: folds 
oo1111oo: folds 
movie a: calls $0.02
*** FLOP *** [8s 2c Qd]
movie a: checks 
Lorpugo: bets $0.02
movie a: calls $0.02
*** TURN *** [8s 2c Qd] [Ac]
movie a: checks 
Lorpugo: bets $0.14
movie a: calls $0.14
*** RIVER *** [8s 2c Qd Ac] [3h]
movie a: bets $4.26 and is all-in
Lorpugo: folds 
Uncalled bet ($4.26) returned to movie a
movie a collected $0.40 from pot
movie a: doesn't show hand 
*** SUMMARY ***
Total pot $0.41 | Rake $0.01 
Board [8s 2c Qd Ac 3h]
Seat 1: oo1111oo (small blind) folded before Flop
Seat 2: movie a (big blind) collected ($0.40)
Seat 3: Lorpugo folded on the River
Seat 4: Eliot-DK007 folded before Flop (didn't bet)
Seat 5: X*COSTY*X folded before Flop (didn't bet)
Seat 6: dragster.144 (button) folded before Flop (didn't bet)



PokerStars Hand #241325043813:  Hold'em No Limit ($0.01/$0.02 USD) - 2023/01/22 14:33:17 ET
Table 'Summa II' 6-max Seat #1 is the button
Seat 1: oo1111oo ($4.13 in chips) 
Seat 2: movie a ($4.66 in chips) 
Seat 3: Lorpugo ($4 in chips) 
Seat 4: Eliot-DK007 ($1.92 in chips) 
Seat 5: X*COSTY*X ($0.80 in chips) 
Seat 6: dragster.144 ($3.93 in chips) 
movie a: posts small blind $0.01
Lorpugo: posts big blind $0.02
*** HOLE CARDS ***
Dealt to Lorpugo [4s 7h]
Eliot-DK007: folds 
X*COSTY*X: folds 
dragster.144: folds 
oo1111oo: folds 
movie a: folds 
Uncalled bet ($0.01) returned to Lorpugo
Lorpugo collected $0.02 from pot
Lorpugo: doesn't show hand 
*** SUMMARY ***
Total pot $0.02 | Rake $0 
Seat 1: oo1111oo (button) folded before Flop (didn't bet)
Seat 2: movie a (small blind) folded before Flop
Seat 3: Lorpugo (big blind) collected ($0.02)
Seat 4: Eliot-DK007 folded before Flop (didn't bet)
Seat 5: X*COSTY*X folded before Flop (didn't bet)
Seat 6: dragster.144 folded before Flop (didn't bet)



PokerStars Hand #241325052149:  Hold'em No Limit ($0.01/$0.02 USD) - 2023/01/22 14:33:34 ET
Table 'Summa II' 6-max Seat #2 is the button
Seat 1: oo1111oo ($4.13 in chips) 
Seat 2: movie a ($4.65 in chips) 
Seat 3: Lorpugo ($4.01 in chips) 
Seat 4: Eliot-DK007 ($1.92 in chips) 
Seat 5: X*COSTY*X ($0.80 in chips) 
Seat 6: dragster.144 ($3.93 in chips) 
Lorpugo: posts small blind $0.01
Eliot-DK007: posts big blind $0.02
*** HOLE CARDS ***
Dealt to Lorpugo [Qh 3d]
X*COSTY*X: folds 
dragster.144: folds 
oo1111oo: folds 
movie a: folds 
Lorpugo: raises $0.03 to $0.05
Eliot-DK007: folds 
Uncalled bet ($0.03) returned to Lorpugo
Lorpugo collected $0.04 from pot
Lorpugo: doesn't show hand 
*** SUMMARY ***
Total pot $0.04 | Rake $0 
Seat 1: oo1111oo folded before Flop (didn't bet)
Seat 2: movie a (button) folded before Flop (didn't bet)
Seat 3: Lorpugo (small blind) collected ($0.04)
Seat 4: Eliot-DK007 (big blind) folded before Flop
Seat 5: X*COSTY*X folded before Flop (didn't bet)
Seat 6: dragster.144 folded before Flop (didn't bet)



PokerStars Hand #241325067635:  Hold'em No Limit ($0.01/$0.02 USD) - 2023/01/22 14:34:07 ET
Table 'Summa II' 6-max Seat #3 is the button
Seat 1: oo1111oo ($4.13 in chips) 
Seat 2: movie a ($4.65 in chips) 
Seat 3: Lorpugo ($4.03 in chips) 
Seat 4: Eliot-DK007 ($1.90 in chips) 
Seat 5: X*COSTY*X ($0.80 in chips) 
Seat 6: dragster.144 ($3.93 in chips) 
Eliot-DK007: posts small blind $0.01
X*COSTY*X: posts big blind $0.02
*** HOLE CARDS ***
Dealt to Lorpugo [7d Ac]
dragster.144: folds 
oo1111oo: folds 
movie a: folds 
Lorpugo: raises $0.03 to $0.05
Eliot-DK007: folds 
X*COSTY*X: calls $0.03
*** FLOP *** [Ks 7s 5c]
X*COSTY*X: checks 
Lorpugo: bets $0.06
X*COSTY*X: calls $0.06
*** TURN *** [Ks 7s 5c] [Jc]
X*COSTY*X: checks 
Lorpugo: checks 
*** RIVER *** [Ks 7s 5c Jc] [Jd]
X*COSTY*X: checks 
Lorpugo: checks 
*** SHOW DOWN ***
X*COSTY*X: shows [Ah 4c] (a pair of Jacks)
Lorpugo: shows [7d Ac] (two pair, Jacks and Sevens)
Lorpugo collected $0.22 from pot
*** SUMMARY ***
Total pot $0.23 | Rake $0.01 
Board [Ks 7s 5c Jc Jd]
Seat 1: oo1111oo folded before Flop (didn't bet)
Seat 2: movie a folded before Flop (didn't bet)
Seat 3: Lorpugo (button) showed [7d Ac] and won ($0.22) with two pair, Jacks and Sevens
Seat 4: Eliot-DK007 (small blind) folded before Flop
Seat 5: X*COSTY*X (big blind) showed [Ah 4c] and lost with a pair of Jacks
Seat 6: dragster.144 folded before Flop (didn't bet)



PokerStars Hand #241325093536:  Hold'em No Limit ($0.01/$0.02 USD) - 2023/01/22 14:35:00 ET
Table 'Summa II' 6-max Seat #4 is the button
Seat 1: oo1111oo ($4.13 in chips) 
Seat 2: movie a ($4.65 in chips) 
Seat 3: Lorpugo ($4.14 in chips) 
Seat 4: Eliot-DK007 ($1.89 in chips) 
Seat 5: X*COSTY*X ($0.69 in chips) 
Seat 6: dragster.144 ($3.93 in chips) 
X*COSTY*X: posts small blind $0.01
dragster.144: posts big blind $0.02
*** HOLE CARDS ***
Dealt to Lorpugo [Js 7s]
oo1111oo: folds 
movie a: folds 
Lorpugo: raises $0.03 to $0.05
Eliot-DK007: folds 
X*COSTY*X: folds 
dragster.144: calls $0.03
*** FLOP *** [Ks 7c Qh]
dragster.144: checks 
Lorpugo: bets $0.02
dragster.144: raises $0.15 to $0.17
Lorpugo: folds 
Uncalled bet ($0.15) returned to dragster.144
dragster.144 collected $0.14 from pot
dragster.144: doesn't show hand 
*** SUMMARY ***
Total pot $0.15 | Rake $0.01 
Board [Ks 7c Qh]
Seat 1: oo1111oo folded before Flop (didn't bet)
Seat 2: movie a folded before Flop (didn't bet)
Seat 3: Lorpugo folded on the Flop
Seat 4: Eliot-DK007 (button) folded before Flop (didn't bet)
Seat 5: X*COSTY*X (small blind) folded before Flop
Seat 6: dragster.144 (big blind) collected ($0.14)



PokerStars Hand #241325110857:  Hold'em No Limit ($0.01/$0.02 USD) - 2023/01/22 14:35:36 ET
Table 'Summa II' 6-max Seat #5 is the button
Seat 1: oo1111oo ($4.13 in chips) 
Seat 2: movie a ($4.65 in chips) 
Seat 3: Lorpugo ($4.07 in chips) 
Seat 4: Eliot-DK007 ($1.89 in chips) 
Seat 5: X*COSTY*X ($0.68 in chips) 
Seat 6: dragster.144 ($4 in chips) 
dragster.144: posts small blind $0.01
oo1111oo: posts big blind $0.02
*** HOLE CARDS ***
Dealt to Lorpugo [Kd 7s]
movie a has timed out
movie a: folds 
Lorpugo: raises $0.02 to $0.04
Eliot-DK007: folds 
X*COSTY*X: calls $0.04
dragster.144: calls $0.03
oo1111oo: calls $0.02
*** FLOP *** [9d 8s Td]
dragster.144: checks 
oo1111oo: bets $0.15
Lorpugo: calls $0.15
X*COSTY*X: calls $0.15
dragster.144: folds 
*** TURN *** [9d 8s Td] [4s]
oo1111oo: bets $3.94 and is all-in
Lorpugo: folds 
X*COSTY*X: folds 
Uncalled bet ($3.94) returned to oo1111oo
oo1111oo collected $0.59 from pot
*** SUMMARY ***
Total pot $0.61 | Rake $0.02 
Board [9d 8s Td 4s]
Seat 1: oo1111oo (big blind) collected ($0.59)
Seat 2: movie a folded before Flop (didn't bet)
Seat 3: Lorpugo folded on the Turn
Seat 4: Eliot-DK007 folded before Flop (didn't bet)
Seat 5: X*COSTY*X (button) folded on the Turn
Seat 6: dragster.144 (small blind) folded on the Flop



PokerStars Hand #241325137630:  Hold'em No Limit ($0.01/$0.02 USD) - 2023/01/22 14:36:32 ET
Table 'Summa II' 6-max Seat #6 is the button
Seat 1: oo1111oo ($4.53 in chips) 
Seat 2: movie a ($4.65 in chips) 
Seat 3: Lorpugo ($3.88 in chips) 
Seat 4: Eliot-DK007 ($1.89 in chips) 
Seat 5: X*COSTY*X ($0.49 in chips) 
Seat 6: dragster.144 ($3.96 in chips) 
oo1111oo: posts small blind $0.01
movie a: posts big blind $0.02
*** HOLE CARDS ***
Dealt to Lorpugo [Jd 4s]
Lorpugo: folds 
Eliot-DK007: folds 
X*COSTY*X: calls $0.02
dragster.144: folds 
oo1111oo: folds 
movie a: checks 
*** FLOP *** [Tc Qc Ks]
movie a: checks 
X*COSTY*X: bets $0.04
movie a: calls $0.04
*** TURN *** [Tc Qc Ks] [2h]
movie a: checks 
X*COSTY*X: bets $0.06
movie a: folds 
Uncalled bet ($0.06) returned to X*COSTY*X
X*COSTY*X collected $0.13 from pot
*** SUMMARY ***
Total pot $0.13 | Rake $0 
Board [Tc Qc Ks 2h]
Seat 1: oo1111oo (small blind) folded before Flop
Seat 2: movie a (big blind) folded on the Turn
Seat 3: Lorpugo folded before Flop (didn't bet)
Seat 4: Eliot-DK007 folded before Flop (didn't bet)
Seat 5: X*COSTY*X collected ($0.13)
Seat 6: dragster.144 (button) folded before Flop (didn't bet)



PokerStars Hand #241325167062:  Hold'em No Limit ($0.01/$0.02 USD) - 2023/01/22 14:37:33 ET
Table 'Summa II' 6-max Seat #1 is the button
Seat 1: oo1111oo ($4.52 in chips) 
Seat 2: movie a ($4.59 in chips) 
Seat 3: Lorpugo ($3.88 in chips) 
Seat 4: Eliot-DK007 ($1.89 in chips) 
Seat 5: X*COSTY*X ($0.56 in chips) 
Seat 6: dragster.144 ($3.96 in chips) 
movie a: posts small blind $0.01
Lorpugo: posts big blind $0.02
*** HOLE CARDS ***
Dealt to Lorpugo [8d 6d]
Eliot-DK007: raises $0.02 to $0.04
X*COSTY*X: folds 
dragster.144: folds 
oo1111oo: folds 
movie a: folds 
Lorpugo: calls $0.02
*** FLOP *** [Ah 4h 2c]
Lorpugo: checks 
Eliot-DK007: checks 
*** TURN *** [Ah 4h 2c] [Qh]
Lorpugo: checks 
Eliot-DK007: bets $0.06
Lorpugo: folds 
Uncalled bet ($0.06) returned to Eliot-DK007
Eliot-DK007 collected $0.09 from pot
*** SUMMARY ***
Total pot $0.09 | Rake $0 
Board [Ah 4h 2c Qh]
Seat 1: oo1111oo (button) folded before Flop (didn't bet)
Seat 2: movie a (small blind) folded before Flop
Seat 3: Lorpugo (big blind) folded on the Turn
Seat 4: Eliot-DK007 collected ($0.09)
Seat 5: X*COSTY*X folded before Flop (didn't bet)
Seat 6: dragster.144 folded before Flop (didn't bet)



PokerStars Hand #241325180171:  Hold'em No Limit ($0.01/$0.02 USD) - 2023/01/22 14:38:00 ET
Table 'Summa II' 6-max Seat #2 is the button
Seat 1: oo1111oo ($4.52 in chips) 
Seat 2: movie a ($4.58 in chips) 
Seat 3: Lorpugo ($3.84 in chips) 
Seat 4: Eliot-DK007 ($1.94 in chips) 
Seat 5: X*COSTY*X ($0.56 in chips) 
Seat 6: dragster.144 ($3.96 in chips) 
Lorpugo: posts small blind $0.01
Eliot-DK007: posts big blind $0.02
*** HOLE CARDS ***
Dealt to Lorpugo [2d 5c]
X*COSTY*X: calls $0.02
dragster.144: raises $0.07 to $0.09
oo1111oo: folds 
movie a: folds 
Lorpugo: folds 
Eliot-DK007: folds 
X*COSTY*X: calls $0.07
*** FLOP *** [2c 3h Jd]
X*COSTY*X: bets $0.47 and is all-in
dragster.144: folds 
Uncalled bet ($0.47) returned to X*COSTY*X
X*COSTY*X collected $0.20 from pot
*** SUMMARY ***
Total pot $0.21 | Rake $0.01 
Board [2c 3h Jd]
Seat 1: oo1111oo folded before Flop (didn't bet)
Seat 2: movie a (button) folded before Flop (didn't bet)
Seat 3: Lorpugo (small blind) folded before Flop
Seat 4: Eliot-DK007 (big blind) folded before Flop
Seat 5: X*COSTY*X collected ($0.20)
Seat 6: dragster.144 folded on the Flop



PokerStars Hand #241325195611:  Hold'em No Limit ($0.01/$0.02 USD) - 2023/01/22 14:38:31 ET
Table 'Summa II' 6-max Seat #3 is the button
Seat 1: oo1111oo ($4.52 in chips) 
Seat 2: movie a ($4.58 in chips) 
Seat 3: Lorpugo ($3.83 in chips) 
Seat 4: Eliot-DK007 ($1.92 in chips) 
Seat 5: X*COSTY*X ($0.67 in chips) 
Seat 6: dragster.144 ($3.87 in chips) 
Eliot-DK007: posts small blind $0.01
X*COSTY*X: posts big blind $0.02
*** HOLE CARDS ***
Dealt to Lorpugo [8d Jd]
dragster.144: raises $0.04 to $0.06
oo1111oo: folds 
movie a: raises $0.15 to $0.21
Lorpugo: folds 
Eliot-DK007: folds 
X*COSTY*X: folds 
dragster.144: calls $0.15
*** FLOP *** [4d Ks Js]
dragster.144: checks 
movie a: bets $0.22
dragster.144: raises $0.44 to $0.66
movie a: folds 
Uncalled bet ($0.44) returned to dragster.144
dragster.144 collected $0.86 from pot
dragster.144: doesn't show hand 
*** SUMMARY ***
Total pot $0.89 | Rake $0.03 
Board [4d Ks Js]
Seat 1: oo1111oo folded before Flop (didn't bet)
Seat 2: movie a folded on the Flop
Seat 3: Lorpugo (button) folded before Flop (didn't bet)
Seat 4: Eliot-DK007 (small blind) folded before Flop
Seat 5: X*COSTY*X (big blind) folded before Flop
Seat 6: dragster.144 collected ($0.86)



PokerStars Hand #241325214444:  Hold'em No Limit ($0.01/$0.02 USD) - 2023/01/22 14:39:10 ET
Table 'Summa II' 6-max Seat #4 is the button
Seat 1: oo1111oo ($4.52 in chips) 
Seat 2: movie a ($4.15 in chips) 
Seat 3: Lorpugo ($3.83 in chips) 
Seat 4: Eliot-DK007 ($1.91 in chips) 
Seat 5: X*COSTY*X ($0.65 in chips) 
Seat 6: dragster.144 ($4.30 in chips) 
X*COSTY*X: posts small blind $0.01
dragster.144: posts big blind $0.02
*** HOLE CARDS ***
Dealt to Lorpugo [Ks 7c]
oo1111oo: folds 
movie a: raises $0.04 to $0.06
Lorpugo: folds 
Eliot-DK007: folds 
X*COSTY*X: folds 
dragster.144: folds 
Uncalled bet ($0.04) returned to movie a
movie a collected $0.05 from pot
movie a: doesn't show hand 
*** SUMMARY ***
Total pot $0.05 | Rake $0 
Seat 1: oo1111oo folded before Flop (didn't bet)
Seat 2: movie a collected ($0.05)
Seat 3: Lorpugo folded before Flop (didn't bet)
Seat 4: Eliot-DK007 (button) folded before Flop (didn't bet)
Seat 5: X*COSTY*X (small blind) folded before Flop
Seat 6: dragster.144 (big blind) folded before Flop



PokerStars Hand #241325221252:  Hold'em No Limit ($0.01/$0.02 USD) - 2023/01/22 14:39:24 ET
Table 'Summa II' 6-max Seat #5 is the button
Seat 1: oo1111oo ($4.52 in chips) 
Seat 2: movie a ($4.18 in chips) 
Seat 3: Lorpugo ($3.83 in chips) 
Seat 4: Eliot-DK007 ($1.91 in chips) 
Seat 5: X*COSTY*X ($0.64 in chips) 
Seat 6: dragster.144 ($4.28 in chips) 
dragster.144: posts small blind $0.01
oo1111oo: posts big blind $0.02
*** HOLE CARDS ***
Dealt to Lorpugo [7d Ac]
movie a: folds 
Lorpugo: raises $0.02 to $0.04
Eliot-DK007: calls $0.04
X*COSTY*X: calls $0.04
dragster.144: folds 
oo1111oo: calls $0.02
*** FLOP *** [6c Td Js]
oo1111oo: bets $0.10
Lorpugo: folds 
Eliot-DK007: folds 
X*COSTY*X: calls $0.10
*** TURN *** [6c Td Js] [5h]
oo1111oo: bets $0.22
X*COSTY*X: folds 
Uncalled bet ($0.22) returned to oo1111oo
oo1111oo collected $0.36 from pot
*** SUMMARY ***
Total pot $0.37 | Rake $0.01 
Board [6c Td Js 5h]
Seat 1: oo1111oo (big blind) collected ($0.36)
Seat 2: movie a folded before Flop (didn't bet)
Seat 3: Lorpugo folded on the Flop
Seat 4: Eliot-DK007 folded on the Flop
Seat 5: X*COSTY*X (button) folded on the Turn
Seat 6: dragster.144 (small blind) folded before Flop



PokerStars Hand #241325244427:  Hold'em No Limit ($0.01/$0.02 USD) - 2023/01/22 14:40:12 ET
Table 'Summa II' 6-max Seat #6 is the button
Seat 1: oo1111oo ($4.74 in chips) 
Seat 2: movie a ($4.18 in chips) 
Seat 3: Lorpugo ($3.79 in chips) 
Seat 4: Eliot-DK007 ($1.87 in chips) 
Seat 5: X*COSTY*X ($0.50 in chips) 
Seat 6: dragster.144 ($4.27 in chips) 
oo1111oo: posts small blind $0.01
movie a: posts big blind $0.02
*** HOLE CARDS ***
Dealt to Lorpugo [4s 5c]
Lorpugo: folds 
Eliot-DK007: calls $0.02
X*COSTY*X: folds 
dragster.144: folds 
oo1111oo: folds 
movie a: checks 
*** FLOP *** [Th 8d As]
movie a: bets $0.03
Eliot-DK007: folds 
Uncalled bet ($0.03) returned to movie a
movie a collected $0.05 from pot
movie a: doesn't show hand 
*** SUMMARY ***
Total pot $0.05 | Rake $0 
Board [Th 8d As]
Seat 1: oo1111oo (small blind) folded before Flop
Seat 2: movie a (big blind) collected ($0.05)
Seat 3: Lorpugo folded before Flop (didn't bet)
Seat 4: Eliot-DK007 folded on the Flop
Seat 5: X*COSTY*X folded before Flop (didn't bet)
Seat 6: dragster.144 (button) folded before Flop (didn't bet)



PokerStars Hand #241325260089:  Hold'em No Limit ($0.01/$0.02 USD) - 2023/01/22 14:40:44 ET
Table 'Summa II' 6-max Seat #1 is the button
Seat 1: oo1111oo ($4.73 in chips) 
Seat 2: movie a ($4.21 in chips) 
Seat 3: Lorpugo ($3.79 in chips) 
Seat 4: Eliot-DK007 ($1.85 in chips) 
Seat 5: X*COSTY*X ($0.50 in chips) 
Seat 6: dragster.144 ($4.27 in chips) 
movie a: posts small blind $0.01
Lorpugo: posts big blind $0.02
*** HOLE CARDS ***
Dealt to Lorpugo [Tc 4h]
Eliot-DK007: raises $0.04 to $0.06
X*COSTY*X: folds 
dragster.144: folds 
oo1111oo: calls $0.06
movie a: folds 
Lorpugo: folds 
*** FLOP *** [Kd 9h As]
X*COSTY*X leaves the table
EvoLion74 joins the table at seat #5 
Eliot-DK007: checks 
oo1111oo: checks 
*** TURN *** [Kd 9h As] [3d]
Eliot-DK007: checks 
oo1111oo: checks 
*** RIVER *** [Kd 9h As 3d] [Jh]
Eliot-DK007: bets $0.12
oo1111oo: folds 
Uncalled bet ($0.12) returned to Eliot-DK007
Eliot-DK007 collected $0.14 from pot
*** SUMMARY ***
Total pot $0.15 | Rake $0.01 
Board [Kd 9h As 3d Jh]
Seat 1: oo1111oo (button) folded on the River
Seat 2: movie a (small blind) folded before Flop
Seat 3: Lorpugo (big blind) folded before Flop
Seat 4: Eliot-DK007 collected ($0.14)
Seat 5: X*COSTY*X folded before Flop (didn't bet)
Seat 6: dragster.144 folded before Flop (didn't bet)



PokerStars Hand #241325287723:  Hold'em No Limit ($0.01/$0.02 USD) - 2023/01/22 14:41:41 ET
Table 'Summa II' 6-max Seat #2 is the button
Seat 1: oo1111oo ($4.67 in chips) 
Seat 2: movie a ($4.20 in chips) 
Seat 3: Lorpugo ($3.77 in chips) 
Seat 4: Eliot-DK007 ($1.93 in chips) 
Seat 6: dragster.144 ($4.27 in chips) 
Lorpugo: posts small blind $0.01
Eliot-DK007: posts big blind $0.02
*** HOLE CARDS ***
Dealt to Lorpugo [9d Ad]
dragster.144: folds 
oo1111oo: folds 
movie a: folds 
Lorpugo: raises $0.03 to $0.05
Eliot-DK007: folds 
Uncalled bet ($0.03) returned to Lorpugo
Lorpugo collected $0.04 from pot
Lorpugo: doesn't show hand 
*** SUMMARY ***
Total pot $0.04 | Rake $0 
Seat 1: oo1111oo folded before Flop (didn't bet)
Seat 2: movie a (button) folded before Flop (didn't bet)
Seat 3: Lorpugo (small blind) collected ($0.04)
Seat 4: Eliot-DK007 (big blind) folded before Flop
Seat 6: dragster.144 folded before Flop (didn't bet)



PokerStars Hand #241325293001:  Hold'em No Limit ($0.01/$0.02 USD) - 2023/01/22 14:41:51 ET
Table 'Summa II' 6-max Seat #3 is the button
Seat 1: oo1111oo ($4.67 in chips) 
Seat 2: movie a ($4.20 in chips) 
Seat 3: Lorpugo ($3.79 in chips) 
Seat 4: Eliot-DK007 ($1.91 in chips) 
Seat 5: EvoLion74 ($2 in chips) 
Seat 6: dragster.144 ($4.27 in chips) 
Eliot-DK007: posts small blind $0.01
EvoLion74: posts big blind $0.02
*** HOLE CARDS ***
Dealt to Lorpugo [Ts 8d]
dragster.144: folds 
oo1111oo: folds 
movie a: folds 
Lorpugo: raises $0.03 to $0.05
Eliot-DK007: folds 
EvoLion74: calls $0.03
*** FLOP *** [2c As Th]
EvoLion74: checks 
Lorpugo: bets $0.06
EvoLion74: calls $0.06
*** TURN *** [2c As Th] [7d]
EvoLion74: checks 
Lorpugo: bets $0.07
EvoLion74: calls $0.07
*** RIVER *** [2c As Th 7d] [Ac]
EvoLion74: checks 
Lorpugo: checks 
*** SHOW DOWN ***
EvoLion74: shows [Kc Js] (a pair of Aces)
Lorpugo: shows [Ts 8d] (two pair, Aces and Tens)
Lorpugo collected $0.36 from pot
*** SUMMARY ***
Total pot $0.37 | Rake $0.01 
Board [2c As Th 7d Ac]
Seat 1: oo1111oo folded before Flop (didn't bet)
Seat 2: movie a folded before Flop (didn't bet)
Seat 3: Lorpugo (button) showed [Ts 8d] and won ($0.36) with two pair, Aces and Tens
Seat 4: Eliot-DK007 (small blind) folded before Flop
Seat 5: EvoLion74 (big blind) showed [Kc Js] and lost with a pair of Aces
Seat 6: dragster.144 folded before Flop (didn't bet)



PokerStars Hand #241325320938:  Hold'em No Limit ($0.01/$0.02 USD) - 2023/01/22 14:42:49 ET
Table 'Summa II' 6-max Seat #4 is the button
Seat 1: oo1111oo ($4.67 in chips) 
Seat 2: movie a ($4.20 in chips) 
Seat 3: Lorpugo ($3.97 in chips) 
Seat 4: Eliot-DK007 ($1.90 in chips) 
Seat 5: EvoLion74 ($1.82 in chips) 
Seat 6: dragster.144 ($4.27 in chips) 
EvoLion74: posts small blind $0.01
dragster.144: posts big blind $0.02
*** HOLE CARDS ***
Dealt to Lorpugo [7d Kc]
oo1111oo: folds 
movie a: folds 
Lorpugo: folds 
Eliot-DK007: raises $0.04 to $0.06
EvoLion74: calls $0.05
dragster.144: folds 
*** FLOP *** [Jc Jh 5c]
EvoLion74: checks 
Eliot-DK007: bets $0.14
EvoLion74: calls $0.14
*** TURN *** [Jc Jh 5c] [7c]
EvoLion74: checks 
Eliot-DK007: checks 
*** RIVER *** [Jc Jh 5c 7c] [3h]
EvoLion74: bets $0.27
Eliot-DK007: folds 
Uncalled bet ($0.27) returned to EvoLion74
EvoLion74 collected $0.41 from pot
EvoLion74: doesn't show hand 
*** SUMMARY ***
Total pot $0.42 | Rake $0.01 
Board [Jc Jh 5c 7c 3h]
Seat 1: oo1111oo folded before Flop (didn't bet)
Seat 2: movie a folded before Flop (didn't bet)
Seat 3: Lorpugo folded before Flop (didn't bet)
Seat 4: Eliot-DK007 (button) folded on the River
Seat 5: EvoLion74 (small blind) collected ($0.41)
Seat 6: dragster.144 (big blind) folded before Flop



PokerStars Hand #241325343013:  Hold'em No Limit ($0.01/$0.02 USD) - 2023/01/22 14:43:34 ET
Table 'Summa II' 6-max Seat #5 is the button
Seat 1: oo1111oo ($4.67 in chips) 
Seat 2: movie a ($4.20 in chips) 
Seat 3: Lorpugo ($3.97 in chips) 
Seat 4: Eliot-DK007 ($1.70 in chips) 
Seat 5: EvoLion74 ($2.03 in chips) 
Seat 6: dragster.144 ($4.25 in chips) 
dragster.144: posts small blind $0.01
oo1111oo: posts big blind $0.02
*** HOLE CARDS ***
Dealt to Lorpugo [Ks Td]
movie a: folds 
Lorpugo: raises $0.02 to $0.04
Eliot-DK007: folds 
EvoLion74: folds 
dragster.144: folds 
oo1111oo: folds 
Uncalled bet ($0.02) returned to Lorpugo
Lorpugo collected $0.05 from pot
Lorpugo: doesn't show hand 
*** SUMMARY ***
Total pot $0.05 | Rake $0 
Seat 1: oo1111oo (big blind) folded before Flop
Seat 2: movie a folded before Flop (didn't bet)
Seat 3: Lorpugo collected ($0.05)
Seat 4: Eliot-DK007 folded before Flop (didn't bet)
Seat 5: EvoLion74 (button) folded before Flop (didn't bet)
Seat 6: dragster.144 (small blind) folded before Flop



PokerStars Hand #241325349181:  Hold'em No Limit ($0.01/$0.02 USD) - 2023/01/22 14:43:46 ET
Table 'Summa II' 6-max Seat #6 is the button
Seat 1: oo1111oo ($4.65 in chips) 
Seat 2: movie a ($4.20 in chips) 
Seat 3: Lorpugo ($4 in chips) 
Seat 4: Eliot-DK007 ($1.70 in chips) 
Seat 5: EvoLion74 ($2.03 in chips) 
Seat 6: dragster.144 ($4.24 in chips) 
oo1111oo: posts small blind $0.01
movie a: posts big blind $0.02
*** HOLE CARDS ***
Dealt to Lorpugo [Jd 9s]
Lorpugo: folds 
Eliot-DK007: folds 
EvoLion74: folds 
dragster.144: folds 
oo1111oo: folds 
Uncalled bet ($0.01) returned to movie a
movie a collected $0.02 from pot
movie a: doesn't show hand 
*** SUMMARY ***
Total pot $0.02 | Rake $0 
Seat 1: oo1111oo (small blind) folded before Flop
Seat 2: movie a (big blind) collected ($0.02)
Seat 3: Lorpugo folded before Flop (didn't bet)
Seat 4: Eliot-DK007 folded before Flop (didn't bet)
Seat 5: EvoLion74 folded before Flop (didn't bet)
Seat 6: dragster.144 (button) folded before Flop (didn't bet)



PokerStars Hand #241325357159:  Hold'em No Limit ($0.01/$0.02 USD) - 2023/01/22 14:44:03 ET
Table 'Summa II' 6-max Seat #1 is the button
Seat 1: oo1111oo ($4.64 in chips) 
Seat 2: movie a ($4.21 in chips) 
Seat 3: Lorpugo ($4 in chips) 
Seat 4: Eliot-DK007 ($1.70 in chips) 
Seat 5: EvoLion74 ($2.03 in chips) 
Seat 6: dragster.144 ($4.24 in chips) 
movie a: posts small blind $0.01
Lorpugo: posts big blind $0.02
*** HOLE CARDS ***
Dealt to Lorpugo [Ah 8s]
Eliot-DK007: folds 
EvoLion74: folds 
dragster.144: folds 
oo1111oo: folds 
movie a: raises $0.02 to $0.04
Lorpugo: raises $0.08 to $0.12
movie a: calls $0.08
*** FLOP *** [Th Qc 4h]
movie a: checks 
Lorpugo: checks 
*** TURN *** [Th Qc 4h] [Ad]
movie a: checks 
Lorpugo: bets $0.23
movie a: folds 
Uncalled bet ($0.23) returned to Lorpugo
Lorpugo collected $0.23 from pot
Lorpugo: doesn't show hand 
*** SUMMARY ***
Total pot $0.24 | Rake $0.01 
Board [Th Qc 4h Ad]
Seat 1: oo1111oo (button) folded before Flop (didn't bet)
Seat 2: movie a (small blind) folded on the Turn
Seat 3: Lorpugo (big blind) collected ($0.23)
Seat 4: Eliot-DK007 folded before Flop (didn't bet)
Seat 5: EvoLion74 folded before Flop (didn't bet)
Seat 6: dragster.144 folded before Flop (didn't bet)



PokerStars Hand #241325370219:  Hold'em No Limit ($0.01/$0.02 USD) - 2023/01/22 14:44:30 ET
Table 'Summa II' 6-max Seat #2 is the button
Seat 1: oo1111oo ($4.64 in chips) 
Seat 2: movie a ($4.09 in chips) 
Seat 3: Lorpugo ($4.11 in chips) 
Seat 4: Eliot-DK007 ($1.70 in chips) 
Seat 5: EvoLion74 ($2.03 in chips) 
Seat 6: dragster.144 ($4.24 in chips) 
Lorpugo: posts small blind $0.01
Eliot-DK007: posts big blind $0.02
*** HOLE CARDS ***
Dealt to Lorpugo [Ad Tc]
EvoLion74: folds 
dragster.144: raises $0.04 to $0.06
oo1111oo: folds 
movie a: calls $0.06
Lorpugo: calls $0.05
Eliot-DK007: folds 
*** FLOP *** [Qd 8h Qh]
Lorpugo: checks 
dragster.144: bets $0.10
movie a: folds 
Lorpugo: folds 
Uncalled bet ($0.10) returned to dragster.144
dragster.144 collected $0.19 from pot
dragster.144: doesn't show hand 
*** SUMMARY ***
Total pot $0.20 | Rake $0.01 
Board [Qd 8h Qh]
Seat 1: oo1111oo folded before Flop (didn't bet)
Seat 2: movie a (button) folded on the Flop
Seat 3: Lorpugo (small blind) folded on the Flop
Seat 4: Eliot-DK007 (big blind) folded before Flop
Seat 5: EvoLion74 folded before Flop (didn't bet)
Seat 6: dragster.144 collected ($0.19)



PokerStars Hand #241325385963:  Hold'em No Limit ($0.01/$0.02 USD) - 2023/01/22 14:45:02 ET
Table 'Summa II' 6-max Seat #3 is the button
Seat 1: oo1111oo ($4.64 in chips) 
Seat 2: movie a ($4.03 in chips) 
Seat 3: Lorpugo ($4.05 in chips) 
Seat 4: Eliot-DK007 ($1.68 in chips) 
Seat 5: EvoLion74 ($2.03 in chips) 
Seat 6: dragster.144 ($4.37 in chips) 
Eliot-DK007: posts small blind $0.01
EvoLion74: posts big blind $0.02
*** HOLE CARDS ***
Dealt to Lorpugo [7d 9d]
dragster.144: folds 
oo1111oo: raises $0.04 to $0.06
movie a: folds 
Lorpugo: calls $0.06
Eliot-DK007: folds 
EvoLion74: calls $0.04
*** FLOP *** [Qc 4c 6c]
EvoLion74: checks 
oo1111oo: bets $0.18
Lorpugo: folds 
EvoLion74: folds 
Uncalled bet ($0.18) returned to oo1111oo
oo1111oo collected $0.18 from pot
*** SUMMARY ***
Total pot $0.19 | Rake $0.01 
Board [Qc 4c 6c]
Seat 1: oo1111oo collected ($0.18)
Seat 2: movie a folded before Flop (didn't bet)
Seat 3: Lorpugo (button) folded on the Flop
Seat 4: Eliot-DK007 (small blind) folded before Flop
Seat 5: EvoLion74 (big blind) folded on the Flop
Seat 6: dragster.144 folded before Flop (didn't bet)



PokerStars Hand #241325396916:  Hold'em No Limit ($0.01/$0.02 USD) - 2023/01/22 14:45:24 ET
Table 'Summa II' 6-max Seat #4 is the button
Seat 1: oo1111oo ($4.76 in chips) 
Seat 2: movie a ($4.03 in chips) 
Seat 3: Lorpugo ($3.99 in chips) 
Seat 4: Eliot-DK007 ($1.67 in chips) 
Seat 5: EvoLion74 ($1.97 in chips) 
Seat 6: dragster.144 ($4.37 in chips) 
EvoLion74: posts small blind $0.01
dragster.144: posts big blind $0.02
*** HOLE CARDS ***
Dealt to Lorpugo [Kh 6c]
oo1111oo: folds 
movie a: folds 
Lorpugo: folds 
Eliot-DK007: folds 
EvoLion74: raises $0.03 to $0.05
dragster.144: calls $0.03
*** FLOP *** [Ks 8d Jc]
EvoLion74: bets $0.05
dragster.144: folds 
Uncalled bet ($0.05) returned to EvoLion74
EvoLion74 collected $0.10 from pot
EvoLion74: doesn't show hand 
*** SUMMARY ***
Total pot $0.10 | Rake $0 
Board [Ks 8d Jc]
Seat 1: oo1111oo folded before Flop (didn't bet)
Seat 2: movie a folded before Flop (didn't bet)
Seat 3: Lorpugo folded before Flop (didn't bet)
Seat 4: Eliot-DK007 (button) folded before Flop (didn't bet)
Seat 5: EvoLion74 (small blind) collected ($0.10)
Seat 6: dragster.144 (big blind) folded on the Flop



PokerStars Hand #241325417538:  Hold'em No Limit ($0.01/$0.02 USD) - 2023/01/22 14:46:07 ET
Table 'Summa II' 6-max Seat #5 is the button
Seat 1: oo1111oo ($4.76 in chips) 
Seat 2: movie a ($4.03 in chips) 
Seat 3: Lorpugo ($3.99 in chips) 
Seat 4: Eliot-DK007 ($1.67 in chips) 
Seat 5: EvoLion74 ($2.02 in chips) 
Seat 6: dragster.144 ($4.32 in chips) 
dragster.144: posts small blind $0.01
oo1111oo: posts big blind $0.02
*** HOLE CARDS ***
Dealt to Lorpugo [Qd 9h]
movie a: folds 
Lorpugo: raises $0.02 to $0.04
Eliot-DK007: folds 
EvoLion74: folds 
dragster.144: folds 
oo1111oo: folds 
Uncalled bet ($0.02) returned to Lorpugo
Lorpugo collected $0.05 from pot
Lorpugo: doesn't show hand 
*** SUMMARY ***
Total pot $0.05 | Rake $0 
Seat 1: oo1111oo (big blind) folded before Flop
Seat 2: movie a folded before Flop (didn't bet)
Seat 3: Lorpugo collected ($0.05)
Seat 4: Eliot-DK007 folded before Flop (didn't bet)
Seat 5: EvoLion74 (button) folded before Flop (didn't bet)
Seat 6: dragster.144 (small blind) folded before Flop



PokerStars Hand #241325425274:  Hold'em No Limit ($0.01/$0.02 USD) - 2023/01/22 14:46:23 ET
Table 'Summa II' 6-max Seat #6 is the button
Seat 1: oo1111oo ($4.74 in chips) 
Seat 2: movie a ($4.03 in chips) 
Seat 3: Lorpugo ($4.02 in chips) 
Seat 4: Eliot-DK007 ($1.67 in chips) 
Seat 5: EvoLion74 ($2.02 in chips) 
Seat 6: dragster.144 ($4.31 in chips) 
oo1111oo: posts small blind $0.01
movie a: posts big blind $0.02
*** HOLE CARDS ***
Dealt to Lorpugo [3h Kh]
Lorpugo: raises $0.02 to $0.04
Eliot-DK007: raises $0.04 to $0.08
EvoLion74: folds 
dragster.144: folds 
oo1111oo: folds 
movie a: calls $0.06
Lorpugo: folds 
*** FLOP *** [8s 3d Qs]
movie a: checks 
Eliot-DK007: checks 
*** TURN *** [8s 3d Qs] [Ad]
movie a: checks 
Eliot-DK007: bets $0.20
movie a: calls $0.20
*** RIVER *** [8s 3d Qs Ad] [7c]
movie a: checks 
Eliot-DK007: checks 
*** SHOW DOWN ***
movie a: shows [8d 7h] (two pair, Eights and Sevens)
Eliot-DK007: mucks hand 
movie a collected $0.59 from pot
*** SUMMARY ***
Total pot $0.61 | Rake $0.02 
Board [8s 3d Qs Ad 7c]
Seat 1: oo1111oo (small blind) folded before Flop
Seat 2: movie a (big blind) showed [8d 7h] and won ($0.59) with two pair, Eights and Sevens
Seat 3: Lorpugo folded before Flop
Seat 4: Eliot-DK007 mucked [Jc Kc]
Seat 5: EvoLion74 folded before Flop (didn't bet)
Seat 6: dragster.144 (button) folded before Flop (didn't bet)



PokerStars Hand #241325454279:  Hold'em No Limit ($0.01/$0.02 USD) - 2023/01/22 14:47:23 ET
Table 'Summa II' 6-max Seat #1 is the button
Seat 1: oo1111oo ($4.73 in chips) 
Seat 2: movie a ($4.34 in chips) 
Seat 3: Lorpugo ($3.98 in chips) 
Seat 4: Eliot-DK007 ($1.39 in chips) 
Seat 5: EvoLion74 ($2.02 in chips) 
Seat 6: dragster.144 ($4.31 in chips) 
movie a: posts small blind $0.01
Lorpugo: posts big blind $0.02
*** HOLE CARDS ***
Dealt to Lorpugo [Qh Js]
Eliot-DK007: folds 
EvoLion74 has timed out
EvoLion74: folds 
dragster.144: folds 
oo1111oo: raises $0.04 to $0.06
movie a: folds 
Lorpugo: calls $0.04
*** FLOP *** [5c 8c 8h]
Lorpugo: checks 
oo1111oo: checks 
*** TURN *** [5c 8c 8h] [Ah]
Lorpugo: checks 
oo1111oo: bets $0.10
Lorpugo: folds 
Uncalled bet ($0.10) returned to oo1111oo
oo1111oo collected $0.13 from pot
*** SUMMARY ***
Total pot $0.13 | Rake $0 
Board [5c 8c 8h Ah]
Seat 1: oo1111oo (button) collected ($0.13)
Seat 2: movie a (small blind) folded before Flop
Seat 3: Lorpugo (big blind) folded on the Turn
Seat 4: Eliot-DK007 folded before Flop (didn't bet)
Seat 5: EvoLion74 folded before Flop (didn't bet)
Seat 6: dragster.144 folded before Flop (didn't bet)



PokerStars Hand #241325474001:  Hold'em No Limit ($0.01/$0.02 USD) - 2023/01/22 14:48:04 ET
Table 'Summa II' 6-max Seat #2 is the button
Seat 1: oo1111oo ($4.80 in chips) 
Seat 2: movie a ($4.33 in chips) 
Seat 3: Lorpugo ($3.92 in chips) 
Seat 4: Eliot-DK007 ($1.39 in chips) 
Seat 5: EvoLion74 ($2.02 in chips) 
Seat 6: dragster.144 ($4.31 in chips) 
Lorpugo: posts small blind $0.01
Eliot-DK007: posts big blind $0.02
*** HOLE CARDS ***
Dealt to Lorpugo [9d 2c]
EvoLion74: folds 
dragster.144: raises $0.04 to $0.06
oo1111oo: folds 
movie a: raises $0.15 to $0.21
Lorpugo: folds 
Eliot-DK007: folds 
dragster.144: calls $0.15
*** FLOP *** [9s 3c 7s]
dragster.144: checks 
movie a: bets $0.22
dragster.144: folds 
Uncalled bet ($0.22) returned to movie a
movie a collected $0.43 from pot
movie a: doesn't show hand 
*** SUMMARY ***
Total pot $0.45 | Rake $0.02 
Board [9s 3c 7s]
Seat 1: oo1111oo folded before Flop (didn't bet)
Seat 2: movie a (button) collected ($0.43)
Seat 3: Lorpugo (small blind) folded before Flop
Seat 4: Eliot-DK007 (big blind) folded before Flop
Seat 5: EvoLion74 folded before Flop (didn't bet)
Seat 6: dragster.144 folded on the Flop



PokerStars Hand #241325490442:  Hold'em No Limit ($0.01/$0.02 USD) - 2023/01/22 14:48:38 ET
Table 'Summa II' 6-max Seat #3 is the button
Seat 1: oo1111oo ($4.80 in chips) 
Seat 2: movie a ($4.55 in chips) 
Seat 3: Lorpugo ($3.91 in chips) 
Seat 4: Eliot-DK007 ($1.37 in chips) 
Seat 5: EvoLion74 ($2.02 in chips) 
Seat 6: dragster.144 ($4.10 in chips) 
Eliot-DK007: posts small blind $0.01
EvoLion74: posts big blind $0.02
*** HOLE CARDS ***
Dealt to Lorpugo [Kd Ts]
dragster.144: folds 
oo1111oo: raises $0.02 to $0.04
movie a: calls $0.04
Lorpugo: calls $0.04
Eliot-DK007: folds 
EvoLion74: calls $0.02
*** FLOP *** [6c 9s 9d]
EvoLion74: checks 
oo1111oo: checks 
movie a: checks 
Lorpugo: checks 
*** TURN *** [6c 9s 9d] [Ks]
EvoLion74: bets $0.08
oo1111oo: folds 
movie a: raises $0.08 to $0.16
Lorpugo: calls $0.16
EvoLion74: calls $0.08
*** RIVER *** [6c 9s 9d Ks] [Ac]
EvoLion74: bets $0.42
movie a: folds 
Lorpugo: folds 
Uncalled bet ($0.42) returned to EvoLion74
EvoLion74 collected $0.63 from pot
EvoLion74: doesn't show hand 
*** SUMMARY ***
Total pot $0.65 | Rake $0.02 
Board [6c 9s 9d Ks Ac]
Seat 1: oo1111oo folded on the Turn
Seat 2: movie a folded on the River
Seat 3: Lorpugo (button) folded on the River
Seat 4: Eliot-DK007 (small blind) folded before Flop
Seat 5: EvoLion74 (big blind) collected ($0.63)
Seat 6: dragster.144 folded before Flop (didn't bet)



PokerStars Hand #241325510865:  Hold'em No Limit ($0.01/$0.02 USD) - 2023/01/22 14:49:20 ET
Table 'Summa II' 6-max Seat #4 is the button
Seat 1: oo1111oo ($4.76 in chips) 
Seat 2: movie a ($4.35 in chips) 
Seat 3: Lorpugo ($3.71 in chips) 
Seat 4: Eliot-DK007 ($1.36 in chips) 
Seat 5: EvoLion74 ($2.45 in chips) 
Seat 6: dragster.144 ($4.10 in chips) 
EvoLion74: posts small blind $0.01
dragster.144: posts big blind $0.02
*** HOLE CARDS ***
Dealt to Lorpugo [7d Ac]
oo1111oo: folds 
movie a: folds 
Lorpugo: raises $0.03 to $0.05
Eliot-DK007: calls $0.05
EvoLion74: folds 
dragster.144: folds 
*** FLOP *** [Kd Ts 6s]
Lorpugo: checks 
Eliot-DK007: bets $0.13
Lorpugo: folds 
Uncalled bet ($0.13) returned to Eliot-DK007
Eliot-DK007 collected $0.13 from pot
*** SUMMARY ***
Total pot $0.13 | Rake $0 
Board [Kd Ts 6s]
Seat 1: oo1111oo folded before Flop (didn't bet)
Seat 2: movie a folded before Flop (didn't bet)
Seat 3: Lorpugo folded on the Flop
Seat 4: Eliot-DK007 (button) collected ($0.13)
Seat 5: EvoLion74 (small blind) folded before Flop
Seat 6: dragster.144 (big blind) folded before Flop



PokerStars Hand #241325523094:  Hold'em No Limit ($0.01/$0.02 USD) - 2023/01/22 14:49:45 ET
Table 'Summa II' 6-max Seat #5 is the button
Seat 1: oo1111oo ($4.76 in chips) 
Seat 2: movie a ($4.35 in chips) 
Seat 3: Lorpugo ($3.66 in chips) 
Seat 4: Eliot-DK007 ($1.44 in chips) 
Seat 5: EvoLion74 ($2.44 in chips) 
Seat 6: dragster.144 ($4.08 in chips) 
dragster.144: posts small blind $0.01
oo1111oo: posts big blind $0.02
*** HOLE CARDS ***
Dealt to Lorpugo [Jd Th]
movie a: folds 
Lorpugo: raises $0.03 to $0.05
Eliot-DK007: folds 
EvoLion74: folds 
dragster.144: calls $0.04
oo1111oo: folds 
*** FLOP *** [9c 3s Js]
dragster.144: checks 
Lorpugo: bets $0.08
dragster.144: calls $0.08
*** TURN *** [9c 3s Js] [8h]
dragster.144: checks 
Lorpugo: bets $0.27
dragster.144: calls $0.27
*** RIVER *** [9c 3s Js 8h] [Qc]
dragster.144: checks 
Lorpugo: checks 
*** SHOW DOWN ***
dragster.144: shows [5s 6s] (high card Queen)
Lorpugo: shows [Jd Th] (a straight, Eight to Queen)
Lorpugo collected $0.79 from pot
*** SUMMARY ***
Total pot $0.82 | Rake $0.03 
Board [9c 3s Js 8h Qc]
Seat 1: oo1111oo (big blind) folded before Flop
Seat 2: movie a folded before Flop (didn't bet)
Seat 3: Lorpugo showed [Jd Th] and won ($0.79) with a straight, Eight to Queen
Seat 4: Eliot-DK007 folded before Flop (didn't bet)
Seat 5: EvoLion74 (button) folded before Flop (didn't bet)
Seat 6: dragster.144 (small blind) showed [5s 6s] and lost with high card Queen



PokerStars Hand #241325545104:  Hold'em No Limit ($0.01/$0.02 USD) - 2023/01/22 14:50:31 ET
Table 'Summa II' 6-max Seat #6 is the button
Seat 1: oo1111oo ($4.74 in chips) 
Seat 2: movie a ($4.35 in chips) 
Seat 3: Lorpugo ($4.05 in chips) 
Seat 4: Eliot-DK007 ($1.44 in chips) 
Seat 5: EvoLion74 ($2.44 in chips) 
Seat 6: dragster.144 ($3.68 in chips) 
oo1111oo: posts small blind $0.01
movie a: posts big blind $0.02
*** HOLE CARDS ***
Dealt to Lorpugo [4d 3h]
Lorpugo: folds 
Eliot-DK007: folds 
EvoLion74: folds 
dragster.144: folds 
oo1111oo: folds 
Uncalled bet ($0.01) returned to movie a
movie a collected $0.02 from pot
movie a: doesn't show hand 
*** SUMMARY ***
Total pot $0.02 | Rake $0 
Seat 1: oo1111oo (small blind) folded before Flop
Seat 2: movie a (big blind) collected ($0.02)
Seat 3: Lorpugo folded before Flop (didn't bet)
Seat 4: Eliot-DK007 folded before Flop (didn't bet)
Seat 5: EvoLion74 folded before Flop (didn't bet)
Seat 6: dragster.144 (button) folded before Flop (didn't bet)



PokerStars Hand #241325552937:  Hold'em No Limit ($0.01/$0.02 USD) - 2023/01/22 14:50:47 ET
Table 'Summa II' 6-max Seat #1 is the button
Seat 1: oo1111oo ($4.73 in chips) 
Seat 2: movie a ($4.36 in chips) 
Seat 3: Lorpugo ($4.05 in chips) 
Seat 4: Eliot-DK007 ($1.44 in chips) 
Seat 5: EvoLion74 ($2.44 in chips) 
Seat 6: dragster.144 ($3.68 in chips) 
movie a: posts small blind $0.01
Lorpugo: posts big blind $0.02
*** HOLE CARDS ***
Dealt to Lorpugo [4c 8d]
Eliot-DK007: raises $0.04 to $0.06
EvoLion74: folds 
dragster.144: calls $0.06
oo1111oo: calls $0.06
movie a: folds 
Lorpugo: folds 
*** FLOP *** [6h 4h 9c]
Eliot-DK007: bets $0.20
dragster.144: calls $0.20
oo1111oo: folds 
*** TURN *** [6h 4h 9c] [6c]
Eliot-DK007: checks 
dragster.144: bets $0.30
Eliot-DK007: calls $0.30
*** RIVER *** [6h 4h 9c 6c] [Kh]
Eliot-DK007: bets $0.59
dragster.144: raises $2.35 to $2.94
Eliot-DK007: calls $0.29 and is all-in
Uncalled bet ($2.06) returned to dragster.144
*** SHOW DOWN ***
dragster.144: shows [8h Th] (a flush, King high)
Eliot-DK007: shows [3h 2h] (a flush, King high - lower cards)
dragster.144 collected $2.87 from pot
*** SUMMARY ***
Total pot $2.97 | Rake $0.10 
Board [6h 4h 9c 6c Kh]
Seat 1: oo1111oo (button) folded on the Flop
Seat 2: movie a (small blind) folded before Flop
Seat 3: Lorpugo (big blind) folded before Flop
Seat 4: Eliot-DK007 showed [3h 2h] and lost with a flush, King high
Seat 5: EvoLion74 folded before Flop (didn't bet)
Seat 6: dragster.144 showed [8h Th] and won ($2.87) with a flush, King high



PokerStars Hand #241325589664:  Hold'em No Limit ($0.01/$0.02 USD) - 2023/01/22 14:52:03 ET
Table 'Summa II' 6-max Seat #2 is the button
Seat 1: oo1111oo ($4.67 in chips) 
Seat 2: movie a ($4.35 in chips) 
Seat 3: Lorpugo ($4.03 in chips) 
Seat 5: EvoLion74 ($2.44 in chips) 
Seat 6: dragster.144 ($5.11 in chips) 
Lorpugo: posts small blind $0.01
EvoLion74: posts big blind $0.02
*** HOLE CARDS ***
Dealt to Lorpugo [2d 9c]
dragster.144: folds 
oo1111oo: folds 
movie a: folds 
Lorpugo: folds 
Uncalled bet ($0.01) returned to EvoLion74
EvoLion74 collected $0.02 from pot
EvoLion74: doesn't show hand 
*** SUMMARY ***
Total pot $0.02 | Rake $0 
Seat 1: oo1111oo folded before Flop (didn't bet)
Seat 2: movie a (button) folded before Flop (didn't bet)
Seat 3: Lorpugo (small blind) folded before Flop
Seat 5: EvoLion74 (big blind) collected ($0.02)
Seat 6: dragster.144 folded before Flop (didn't bet)



PokerStars Hand #241325594783:  Hold'em No Limit ($0.01/$0.02 USD) - 2023/01/22 14:52:14 ET
Table 'Summa II' 6-max Seat #3 is the button
Seat 1: oo1111oo ($4.67 in chips) 
Seat 2: movie a ($4.35 in chips) 
Seat 3: Lorpugo ($4.02 in chips) 
Seat 5: EvoLion74 ($2.45 in chips) 
Seat 6: dragster.144 ($5.11 in chips) 
EvoLion74: posts small blind $0.01
dragster.144: posts big blind $0.02
*** HOLE CARDS ***
Dealt to Lorpugo [Ts 5c]
oo1111oo: folds 
movie a: folds 
Lorpugo: raises $0.03 to $0.05
EvoLion74: folds 
dragster.144: folds 
Uncalled bet ($0.03) returned to Lorpugo
Lorpugo collected $0.05 from pot
Lorpugo: doesn't show hand 
*** SUMMARY ***
Total pot $0.05 | Rake $0 
Seat 1: oo1111oo folded before Flop (didn't bet)
Seat 2: movie a folded before Flop (didn't bet)
Seat 3: Lorpugo (button) collected ($0.05)
Seat 5: EvoLion74 (small blind) folded before Flop
Seat 6: dragster.144 (big blind) folded before Flop



PokerStars Hand #241325613351:  Hold'em No Limit ($0.01/$0.02 USD) - 2023/01/22 14:52:52 ET
Table 'Summa II' 6-max Seat #5 is the button
Seat 1: oo1111oo ($4.67 in chips) 
Seat 2: movie a ($4.35 in chips) 
Seat 3: Lorpugo ($4.05 in chips) 
Seat 4: Eliot-DK007 ($1.59 in chips) 
Seat 5: EvoLion74 ($2.44 in chips) 
Seat 6: dragster.144 ($5.09 in chips) 
dragster.144: posts small blind $0.01
oo1111oo: posts big blind $0.02
Eliot-DK007: posts small & big blinds $0.03
*** HOLE CARDS ***
Dealt to Lorpugo [3c Ks]
movie a: folds 
Lorpugo: folds 
Eliot-DK007: raises $0.02 to $0.04
EvoLion74: calls $0.04
dragster.144: raises $0.20 to $0.24
oo1111oo: folds 
Eliot-DK007: folds 
EvoLion74: calls $0.20
*** FLOP *** [3h Jd 7h]
dragster.144: bets $0.27
EvoLion74: folds 
Uncalled bet ($0.27) returned to dragster.144
dragster.144 collected $0.53 from pot
dragster.144: doesn't show hand 
*** SUMMARY ***
Total pot $0.55 | Rake $0.02 
Board [3h Jd 7h]
Seat 1: oo1111oo (big blind) folded before Flop
Seat 2: movie a folded before Flop (didn't bet)
Seat 3: Lorpugo folded before Flop (didn't bet)
Seat 4: Eliot-DK007 folded before Flop
Seat 5: EvoLion74 (button) folded on the Flop
Seat 6: dragster.144 (small blind) collected ($0.53)



PokerStars Hand #241325634112:  Hold'em No Limit ($0.01/$0.02 USD) - 2023/01/22 14:53:35 ET
Table 'Summa II' 6-max Seat #6 is the button
Seat 1: oo1111oo ($4.65 in chips) 
Seat 2: movie a ($4.35 in chips) 
Seat 3: Lorpugo ($4.05 in chips) 
Seat 4: Eliot-DK007 ($1.54 in chips) 
Seat 5: EvoLion74 ($2.20 in chips) 
Seat 6: dragster.144 ($5.38 in chips) 
oo1111oo: posts small blind $0.01
movie a: posts big blind $0.02
*** HOLE CARDS ***
Dealt to Lorpugo [8s Ah]
Lorpugo: raises $0.03 to $0.05
Eliot-DK007: folds 
EvoLion74: folds 
dragster.144: folds 
oo1111oo: folds 
movie a: calls $0.03
*** FLOP *** [3h Qd 8d]
movie a: checks 
Lorpugo: bets $0.06
movie a: calls $0.06
*** TURN *** [3h Qd 8d] [6h]
movie a: checks 
Lorpugo: bets $0.15
movie a: calls $0.15
*** RIVER *** [3h Qd 8d 6h] [2c]
movie a: checks 
Lorpugo: checks 
*** SHOW DOWN ***
movie a: shows [Qh Kd] (a pair of Queens)
Lorpugo: mucks hand 
movie a collected $0.51 from pot
*** SUMMARY ***
Total pot $0.53 | Rake $0.02 
Board [3h Qd 8d 6h 2c]
Seat 1: oo1111oo (small blind) folded before Flop
Seat 2: movie a (big blind) showed [Qh Kd] and won ($0.51) with a pair of Queens
Seat 3: Lorpugo mucked [8s Ah]
Seat 4: Eliot-DK007 folded before Flop (didn't bet)
Seat 5: EvoLion74 folded before Flop (didn't bet)
Seat 6: dragster.144 (button) folded before Flop (didn't bet)



PokerStars Hand #241325648625:  Hold'em No Limit ($0.01/$0.02 USD) - 2023/01/22 14:54:05 ET
Table 'Summa II' 6-max Seat #1 is the button
Seat 1: oo1111oo ($4.64 in chips) 
Seat 2: movie a ($4.60 in chips) 
Seat 3: Lorpugo ($3.79 in chips) 
Seat 4: Eliot-DK007 ($1.54 in chips) 
Seat 5: EvoLion74 ($2.20 in chips) 
Seat 6: dragster.144 ($5.38 in chips) 
movie a: posts small blind $0.01
Lorpugo: posts big blind $0.02
*** HOLE CARDS ***
Dealt to Lorpugo [Kh Th]
Eliot-DK007: folds 
EvoLion74: folds 
dragster.144: folds 
oo1111oo: raises $0.02 to $0.04
movie a: folds 
Lorpugo: calls $0.02
*** FLOP *** [Qd 7s 2h]
Lorpugo: checks 
oo1111oo: bets $0.06
Lorpugo: folds 
Uncalled bet ($0.06) returned to oo1111oo
oo1111oo collected $0.09 from pot
*** SUMMARY ***
Total pot $0.09 | Rake $0 
Board [Qd 7s 2h]
Seat 1: oo1111oo (button) collected ($0.09)
Seat 2: movie a (small blind) folded before Flop
Seat 3: Lorpugo (big blind) folded on the Flop
Seat 4: Eliot-DK007 folded before Flop (didn't bet)
Seat 5: EvoLion74 folded before Flop (didn't bet)
Seat 6: dragster.144 folded before Flop (didn't bet)



PokerStars Hand #241325661712:  Hold'em No Limit ($0.01/$0.02 USD) - 2023/01/22 14:54:32 ET
Table 'Summa II' 6-max Seat #2 is the button
Seat 1: oo1111oo ($4.69 in chips) 
Seat 2: movie a ($4.59 in chips) 
Seat 3: Lorpugo ($3.75 in chips) 
Seat 4: Eliot-DK007 ($1.54 in chips) 
Seat 5: EvoLion74 ($2.20 in chips) 
Seat 6: dragster.144 ($5.38 in chips) 
Lorpugo: posts small blind $0.01
Eliot-DK007: posts big blind $0.02
*** HOLE CARDS ***
Dealt to Lorpugo [3c 5d]
EvoLion74: folds 
dragster.144: folds 
oo1111oo: folds 
movie a: folds 
Lorpugo: raises $0.03 to $0.05
Eliot-DK007: raises $0.05 to $0.10
Lorpugo: calls $0.05
*** FLOP *** [Ks 6d 9s]
Lorpugo: checks 
Eliot-DK007: checks 
*** TURN *** [Ks 6d 9s] [6s]
Lorpugo: checks 
Eliot-DK007: bets $0.19
Lorpugo: folds 
Uncalled bet ($0.19) returned to Eliot-DK007
Eliot-DK007 collected $0.19 from pot
*** SUMMARY ***
Total pot $0.20 | Rake $0.01 
Board [Ks 6d 9s 6s]
Seat 1: oo1111oo folded before Flop (didn't bet)
Seat 2: movie a (button) folded before Flop (didn't bet)
Seat 3: Lorpugo (small blind) folded on the Turn
Seat 4: Eliot-DK007 (big blind) collected ($0.19)
Seat 5: EvoLion74 folded before Flop (didn't bet)
Seat 6: dragster.144 folded before Flop (didn't bet)



PokerStars Hand #241325681128:  Hold'em No Limit ($0.01/$0.02 USD) - 2023/01/22 14:55:12 ET
Table 'Summa II' 6-max Seat #3 is the button
Seat 1: oo1111oo ($4.69 in chips) 
Seat 2: movie a ($4.59 in chips) 
Seat 3: Lorpugo ($3.65 in chips) 
Seat 4: Eliot-DK007 ($1.63 in chips) 
Seat 5: EvoLion74 ($2.20 in chips) 
Seat 6: dragster.144 ($5.38 in chips) 
Eliot-DK007: posts small blind $0.01
EvoLion74: posts big blind $0.02
*** HOLE CARDS ***
Dealt to Lorpugo [8s 3c]
dragster.144: folds 
oo1111oo: folds 
movie a: raises $0.04 to $0.06
Lorpugo: folds 
Eliot-DK007: folds 
EvoLion74: calls $0.04
*** FLOP *** [2h 4c Ac]
EvoLion74: checks 
movie a: bets $0.13
EvoLion74: folds 
Uncalled bet ($0.13) returned to movie a
movie a collected $0.13 from pot
movie a: doesn't show hand 
*** SUMMARY ***
Total pot $0.13 | Rake $0 
Board [2h 4c Ac]
Seat 1: oo1111oo folded before Flop (didn't bet)
Seat 2: movie a collected ($0.13)
Seat 3: Lorpugo (button) folded before Flop (didn't bet)
Seat 4: Eliot-DK007 (small blind) folded before Flop
Seat 5: EvoLion74 (big blind) folded on the Flop
Seat 6: dragster.144 folded before Flop (didn't bet)



PokerStars Hand #241325688463:  Hold'em No Limit ($0.01/$0.02 USD) - 2023/01/22 14:55:35 ET
Table 'Summa II' 6-max Seat #4 is the button
Seat 1: oo1111oo ($4.69 in chips) 
Seat 2: movie a ($4.66 in chips) 
Seat 3: Lorpugo ($3.65 in chips) 
Seat 4: Eliot-DK007 ($1.62 in chips) 
Seat 5: EvoLion74 ($2.14 in chips) 
Seat 6: dragster.144 ($5.38 in chips) 
EvoLion74: posts small blind $0.01
dragster.144: posts big blind $0.02
*** HOLE CARDS ***
Dealt to Lorpugo [9h Kh]
oo1111oo: folds 
movie a: folds 
Lorpugo: raises $0.03 to $0.05
Eliot-DK007: calls $0.05
EvoLion74: folds 
dragster.144: folds 
*** FLOP *** [6c 5c 2c]
Lorpugo: bets $0.02
Eliot-DK007: calls $0.02
*** TURN *** [6c 5c 2c] [Ad]
Lorpugo: bets $0.02
Eliot-DK007: calls $0.02
*** RIVER *** [6c 5c 2c Ad] [7h]
Lorpugo: checks 
Eliot-DK007: checks 
*** SHOW DOWN ***
Lorpugo: shows [9h Kh] (high card Ace)
Eliot-DK007: shows [Ts Td] (a pair of Tens)
Eliot-DK007 collected $0.20 from pot
*** SUMMARY ***
Total pot $0.21 | Rake $0.01 
Board [6c 5c 2c Ad 7h]
Seat 1: oo1111oo folded before Flop (didn't bet)
Seat 2: movie a folded before Flop (didn't bet)
Seat 3: Lorpugo showed [9h Kh] and lost with high card Ace
Seat 4: Eliot-DK007 (button) showed [Ts Td] and won ($0.20) with a pair of Tens
Seat 5: EvoLion74 (small blind) folded before Flop
Seat 6: dragster.144 (big blind) folded before Flop



PokerStars Hand #241325700007:  Hold'em No Limit ($0.01/$0.02 USD) - 2023/01/22 14:56:12 ET
Table 'Summa II' 6-max Seat #5 is the button
Seat 1: oo1111oo ($4.69 in chips) 
Seat 2: movie a ($4.66 in chips) 
Seat 3: Lorpugo ($3.56 in chips) 
Seat 4: Eliot-DK007 ($1.73 in chips) 
Seat 5: EvoLion74 ($2.13 in chips) 
Seat 6: dragster.144 ($5.36 in chips) 
dragster.144: posts small blind $0.01
oo1111oo: posts big blind $0.02
*** HOLE CARDS ***
Dealt to Lorpugo [3h 4c]
movie a: folds 
Lorpugo: folds 
Eliot-DK007: folds 
EvoLion74: raises $0.03 to $0.05
dragster.144: folds 
oo1111oo: folds 
Uncalled bet ($0.03) returned to EvoLion74
EvoLion74 collected $0.05 from pot
EvoLion74: doesn't show hand 
*** SUMMARY ***
Total pot $0.05 | Rake $0 
Seat 1: oo1111oo (big blind) folded before Flop
Seat 2: movie a folded before Flop (didn't bet)
Seat 3: Lorpugo folded before Flop (didn't bet)
Seat 4: Eliot-DK007 folded before Flop (didn't bet)
Seat 5: EvoLion74 (button) collected ($0.05)
Seat 6: dragster.144 (small blind) folded before Flop



