PokerStars Hand #241369893653: Tournament #3537196062, $0.23+$0.02 USD Hold'em No Limit - Level I (10/20) - 2023/01/24 15:18:14 ET
Table '3537196062 1' 3-max Seat #1 is the button
Seat 1: Thehoff1986 (500 in chips) 
Seat 2: Lorpugo (500 in chips) 
Seat 3: xavierdompedro (500 in chips) 
Lorpugo: posts small blind 10
xavierdompedro: posts big blind 20
*** HOLE CARDS ***
Dealt to Lorpugo [Kd 7d]
Thehoff1986: calls 20
Lorpugo: calls 10
xavierdompedro: raises 480 to 500 and is all-in
Thehoff1986: calls 480 and is all-in
Lorpugo: folds 
*** FLOP *** [5d 7c 8h]
*** TURN *** [5d 7c 8h] [Td]
*** RIVER *** [5d 7c 8h Td] [5s]
*** SHOW DOWN ***
xavierdompedro: shows [Qh As] (a pair of Fives)
Thehoff1986: shows [7s Ts] (two pair, Tens and Sevens)
Thehoff1986 collected 1020 from pot
xavierdompedro finished the tournament in 3rd place
*** SUMMARY ***
Total pot 1020 | Rake 0 
Board [5d 7c 8h Td 5s]
Seat 1: Thehoff1986 (button) showed [7s Ts] and won (1020) with two pair, Tens and Sevens
Seat 2: Lorpugo (small blind) folded before Flop
Seat 3: xavierdompedro (big blind) showed [Qh As] and lost with a pair of Fives



PokerStars Hand #241369905290: Tournament #3537196062, $0.23+$0.02 USD Hold'em No Limit - Level I (10/20) - 2023/01/24 15:18:41 ET
Table '3537196062 1' 3-max Seat #2 is the button
Seat 1: Thehoff1986 (1020 in chips) 
Seat 2: Lorpugo (480 in chips) 
Lorpugo: posts small blind 10
Thehoff1986: posts big blind 20
*** HOLE CARDS ***
Dealt to Lorpugo [9s 2s]
Lorpugo: calls 10
Thehoff1986: checks 
*** FLOP *** [6h Tc Qh]
Thehoff1986: checks 
Lorpugo: checks 
*** TURN *** [6h Tc Qh] [Qd]
Thehoff1986: checks 
Lorpugo: bets 26
Thehoff1986: folds 
Uncalled bet (26) returned to Lorpugo
Lorpugo collected 40 from pot
Lorpugo: doesn't show hand 
*** SUMMARY ***
Total pot 40 | Rake 0 
Board [6h Tc Qh Qd]
Seat 1: Thehoff1986 (big blind) folded on the Turn
Seat 2: Lorpugo (button) (small blind) collected (40)



PokerStars Hand #241369914349: Tournament #3537196062, $0.23+$0.02 USD Hold'em No Limit - Level I (10/20) - 2023/01/24 15:19:03 ET
Table '3537196062 1' 3-max Seat #1 is the button
Seat 1: Thehoff1986 (1000 in chips) 
Seat 2: Lorpugo (500 in chips) 
Thehoff1986: posts small blind 10
Lorpugo: posts big blind 20
*** HOLE CARDS ***
Dealt to Lorpugo [6d 2h]
Thehoff1986: folds 
Uncalled bet (10) returned to Lorpugo
Lorpugo collected 20 from pot
Lorpugo: doesn't show hand 
*** SUMMARY ***
Total pot 20 | Rake 0 
Seat 1: Thehoff1986 (button) (small blind) folded before Flop
Seat 2: Lorpugo (big blind) collected (20)



PokerStars Hand #241369916504: Tournament #3537196062, $0.23+$0.02 USD Hold'em No Limit - Level I (10/20) - 2023/01/24 15:19:08 ET
Table '3537196062 1' 3-max Seat #2 is the button
Seat 1: Thehoff1986 (990 in chips) 
Seat 2: Lorpugo (510 in chips) 
Lorpugo: posts small blind 10
Thehoff1986: posts big blind 20
*** HOLE CARDS ***
Dealt to Lorpugo [Js 5h]
Lorpugo: folds 
Uncalled bet (10) returned to Thehoff1986
Thehoff1986 collected 20 from pot
*** SUMMARY ***
Total pot 20 | Rake 0 
Seat 1: Thehoff1986 (big blind) collected (20)
Seat 2: Lorpugo (button) (small blind) folded before Flop



PokerStars Hand #241369920770: Tournament #3537196062, $0.23+$0.02 USD Hold'em No Limit - Level I (10/20) - 2023/01/24 15:19:18 ET
Table '3537196062 1' 3-max Seat #1 is the button
Seat 1: Thehoff1986 (1000 in chips) 
Seat 2: Lorpugo (500 in chips) 
Thehoff1986: posts small blind 10
Lorpugo: posts big blind 20
*** HOLE CARDS ***
Dealt to Lorpugo [4d Td]
Thehoff1986: raises 20 to 40
Lorpugo: calls 20
*** FLOP *** [9h 4c 5c]
Lorpugo: checks 
Thehoff1986: bets 20
Lorpugo: calls 20
*** TURN *** [9h 4c 5c] [Jc]
Lorpugo: checks 
Thehoff1986: bets 60
Lorpugo: folds 
Uncalled bet (60) returned to Thehoff1986
Thehoff1986 collected 120 from pot
*** SUMMARY ***
Total pot 120 | Rake 0 
Board [9h 4c 5c Jc]
Seat 1: Thehoff1986 (button) (small blind) collected (120)
Seat 2: Lorpugo (big blind) folded on the Turn



PokerStars Hand #241369930620: Tournament #3537196062, $0.23+$0.02 USD Hold'em No Limit - Level I (10/20) - 2023/01/24 15:19:41 ET
Table '3537196062 1' 3-max Seat #2 is the button
Seat 1: Thehoff1986 (1060 in chips) 
Seat 2: Lorpugo (440 in chips) 
Lorpugo: posts small blind 10
Thehoff1986: posts big blind 20
*** HOLE CARDS ***
Dealt to Lorpugo [9s 2c]
Lorpugo: folds 
Uncalled bet (10) returned to Thehoff1986
Thehoff1986 collected 20 from pot
*** SUMMARY ***
Total pot 20 | Rake 0 
Seat 1: Thehoff1986 (big blind) collected (20)
Seat 2: Lorpugo (button) (small blind) folded before Flop



PokerStars Hand #241369932786: Tournament #3537196062, $0.23+$0.02 USD Hold'em No Limit - Level I (10/20) - 2023/01/24 15:19:46 ET
Table '3537196062 1' 3-max Seat #1 is the button
Seat 1: Thehoff1986 (1070 in chips) 
Seat 2: Lorpugo (430 in chips) 
Thehoff1986: posts small blind 10
Lorpugo: posts big blind 20
*** HOLE CARDS ***
Dealt to Lorpugo [6h 6c]
Thehoff1986: folds 
Uncalled bet (10) returned to Lorpugo
Lorpugo collected 20 from pot
Lorpugo: doesn't show hand 
*** SUMMARY ***
Total pot 20 | Rake 0 
Seat 1: Thehoff1986 (button) (small blind) folded before Flop
Seat 2: Lorpugo (big blind) collected (20)



PokerStars Hand #241369934758: Tournament #3537196062, $0.23+$0.02 USD Hold'em No Limit - Level I (10/20) - 2023/01/24 15:19:51 ET
Table '3537196062 1' 3-max Seat #2 is the button
Seat 1: Thehoff1986 (1060 in chips) 
Seat 2: Lorpugo (440 in chips) 
Lorpugo: posts small blind 10
Thehoff1986: posts big blind 20
*** HOLE CARDS ***
Dealt to Lorpugo [2s 8s]
Lorpugo: folds 
Uncalled bet (10) returned to Thehoff1986
Thehoff1986 collected 20 from pot
*** SUMMARY ***
Total pot 20 | Rake 0 
Seat 1: Thehoff1986 (big blind) collected (20)
Seat 2: Lorpugo (button) (small blind) folded before Flop



PokerStars Hand #241369937020: Tournament #3537196062, $0.23+$0.02 USD Hold'em No Limit - Level I (10/20) - 2023/01/24 15:19:56 ET
Table '3537196062 1' 3-max Seat #1 is the button
Seat 1: Thehoff1986 (1070 in chips) 
Seat 2: Lorpugo (430 in chips) 
Thehoff1986: posts small blind 10
Lorpugo: posts big blind 20
*** HOLE CARDS ***
Dealt to Lorpugo [Kd 4c]
Thehoff1986: calls 10
Lorpugo: checks 
*** FLOP *** [3c 4s Tc]
Lorpugo: checks 
Thehoff1986: checks 
*** TURN *** [3c 4s Tc] [2c]
Lorpugo: bets 26
Thehoff1986: calls 26
*** RIVER *** [3c 4s Tc 2c] [Ad]
Lorpugo: checks 
Thehoff1986: bets 46
Lorpugo: folds 
Uncalled bet (46) returned to Thehoff1986
Thehoff1986 collected 92 from pot
*** SUMMARY ***
Total pot 92 | Rake 0 
Board [3c 4s Tc 2c Ad]
Seat 1: Thehoff1986 (button) (small blind) collected (92)
Seat 2: Lorpugo (big blind) folded on the River



PokerStars Hand #241369955155: Tournament #3537196062, $0.23+$0.02 USD Hold'em No Limit - Level I (10/20) - 2023/01/24 15:20:39 ET
Table '3537196062 1' 3-max Seat #2 is the button
Seat 1: Thehoff1986 (1116 in chips) 
Seat 2: Lorpugo (384 in chips) 
Lorpugo: posts small blind 10
Thehoff1986: posts big blind 20
*** HOLE CARDS ***
Dealt to Lorpugo [Qs 8c]
Lorpugo: raises 20 to 40
Thehoff1986: raises 1076 to 1116 and is all-in
Lorpugo: folds 
Uncalled bet (1076) returned to Thehoff1986
Thehoff1986 collected 80 from pot
*** SUMMARY ***
Total pot 80 | Rake 0 
Seat 1: Thehoff1986 (big blind) collected (80)
Seat 2: Lorpugo (button) (small blind) folded before Flop



PokerStars Hand #241369959058: Tournament #3537196062, $0.23+$0.02 USD Hold'em No Limit - Level I (10/20) - 2023/01/24 15:20:48 ET
Table '3537196062 1' 3-max Seat #1 is the button
Seat 1: Thehoff1986 (1156 in chips) 
Seat 2: Lorpugo (344 in chips) 
Thehoff1986: posts small blind 10
Lorpugo: posts big blind 20
*** HOLE CARDS ***
Dealt to Lorpugo [5h 4h]
Thehoff1986: calls 10
Lorpugo: checks 
*** FLOP *** [Td 8c Jc]
Lorpugo: checks 
Thehoff1986: checks 
*** TURN *** [Td 8c Jc] [8h]
Lorpugo: checks 
Thehoff1986: bets 20
Lorpugo: folds 
Uncalled bet (20) returned to Thehoff1986
Thehoff1986 collected 40 from pot
*** SUMMARY ***
Total pot 40 | Rake 0 
Board [Td 8c Jc 8h]
Seat 1: Thehoff1986 (button) (small blind) collected (40)
Seat 2: Lorpugo (big blind) folded on the Turn



PokerStars Hand #241369968118: Tournament #3537196062, $0.23+$0.02 USD Hold'em No Limit - Level I (10/20) - 2023/01/24 15:21:10 ET
Table '3537196062 1' 3-max Seat #2 is the button
Seat 1: Thehoff1986 (1176 in chips) 
Seat 2: Lorpugo (324 in chips) 
Lorpugo: posts small blind 10
Thehoff1986: posts big blind 20
*** HOLE CARDS ***
Dealt to Lorpugo [Jc 8s]
Lorpugo: raises 20 to 40
Thehoff1986: calls 20
*** FLOP *** [Qh Kd Ac]
Thehoff1986: bets 20
Lorpugo: folds 
Uncalled bet (20) returned to Thehoff1986
Thehoff1986 collected 80 from pot
*** SUMMARY ***
Total pot 80 | Rake 0 
Board [Qh Kd Ac]
Seat 1: Thehoff1986 (big blind) collected (80)
Seat 2: Lorpugo (button) (small blind) folded on the Flop



PokerStars Hand #241369977837: Tournament #3537196062, $0.23+$0.02 USD Hold'em No Limit - Level I (10/20) - 2023/01/24 15:21:33 ET
Table '3537196062 1' 3-max Seat #1 is the button
Seat 1: Thehoff1986 (1216 in chips) 
Seat 2: Lorpugo (284 in chips) 
Thehoff1986: posts small blind 10
Lorpugo: posts big blind 20
*** HOLE CARDS ***
Dealt to Lorpugo [Js Qh]
Thehoff1986: calls 10
Lorpugo: raises 40 to 60
Thehoff1986: calls 40
*** FLOP *** [Qc Th 6d]
Lorpugo: checks 
Thehoff1986: checks 
*** TURN *** [Qc Th 6d] [Ts]
Lorpugo: checks 
Thehoff1986: checks 
*** RIVER *** [Qc Th 6d Ts] [Qd]
Lorpugo: bets 100
Thehoff1986: folds 
Uncalled bet (100) returned to Lorpugo
Lorpugo collected 120 from pot
Lorpugo: doesn't show hand 
*** SUMMARY ***
Total pot 120 | Rake 0 
Board [Qc Th 6d Ts Qd]
Seat 1: Thehoff1986 (button) (small blind) folded on the River
Seat 2: Lorpugo (big blind) collected (120)



PokerStars Hand #241369991852: Tournament #3537196062, $0.23+$0.02 USD Hold'em No Limit - Level I (10/20) - 2023/01/24 15:22:06 ET
Table '3537196062 1' 3-max Seat #2 is the button
Seat 1: Thehoff1986 (1156 in chips) 
Seat 2: Lorpugo (344 in chips) 
Lorpugo: posts small blind 10
Thehoff1986: posts big blind 20
*** HOLE CARDS ***
Dealt to Lorpugo [5s Ts]
Lorpugo: calls 10
Thehoff1986: checks 
*** FLOP *** [5h 9d 7d]
Thehoff1986: checks 
Lorpugo: bets 20
Thehoff1986: calls 20
*** TURN *** [5h 9d 7d] [6s]
Thehoff1986: checks 
Lorpugo: checks 
*** RIVER *** [5h 9d 7d 6s] [3s]
Thehoff1986: bets 20
Lorpugo: folds 
Uncalled bet (20) returned to Thehoff1986
Thehoff1986 collected 80 from pot
*** SUMMARY ***
Total pot 80 | Rake 0 
Board [5h 9d 7d 6s 3s]
Seat 1: Thehoff1986 (big blind) collected (80)
Seat 2: Lorpugo (button) (small blind) folded on the River



PokerStars Hand #241370006802: Tournament #3537196062, $0.23+$0.02 USD Hold'em No Limit - Level II (15/30) - 2023/01/24 15:22:42 ET
Table '3537196062 1' 3-max Seat #1 is the button
Seat 1: Thehoff1986 (1196 in chips) 
Seat 2: Lorpugo (304 in chips) 
Thehoff1986: posts small blind 15
Lorpugo: posts big blind 30
*** HOLE CARDS ***
Dealt to Lorpugo [9d 6d]
Thehoff1986: calls 15
Lorpugo: raises 274 to 304 and is all-in
Thehoff1986: folds 
Uncalled bet (274) returned to Lorpugo
Lorpugo collected 60 from pot
Lorpugo: doesn't show hand 
*** SUMMARY ***
Total pot 60 | Rake 0 
Seat 1: Thehoff1986 (button) (small blind) folded before Flop
Seat 2: Lorpugo (big blind) collected (60)



PokerStars Hand #241370014540: Tournament #3537196062, $0.23+$0.02 USD Hold'em No Limit - Level II (15/30) - 2023/01/24 15:23:00 ET
Table '3537196062 1' 3-max Seat #2 is the button
Seat 1: Thehoff1986 (1166 in chips) 
Seat 2: Lorpugo (334 in chips) 
Lorpugo: posts small blind 15
Thehoff1986: posts big blind 30
*** HOLE CARDS ***
Dealt to Lorpugo [5h Qh]
Lorpugo: raises 304 to 334 and is all-in
Thehoff1986: folds 
Uncalled bet (304) returned to Lorpugo
Lorpugo collected 60 from pot
Lorpugo: doesn't show hand 
*** SUMMARY ***
Total pot 60 | Rake 0 
Seat 1: Thehoff1986 (big blind) folded before Flop
Seat 2: Lorpugo (button) (small blind) collected (60)



PokerStars Hand #241370019318: Tournament #3537196062, $0.23+$0.02 USD Hold'em No Limit - Level II (15/30) - 2023/01/24 15:23:11 ET
Table '3537196062 1' 3-max Seat #1 is the button
Seat 1: Thehoff1986 (1136 in chips) 
Seat 2: Lorpugo (364 in chips) 
Thehoff1986: posts small blind 15
Lorpugo: posts big blind 30
*** HOLE CARDS ***
Dealt to Lorpugo [8s 6h]
Thehoff1986: calls 15
Lorpugo: checks 
*** FLOP *** [7s 9d As]
Lorpugo: bets 30
Thehoff1986: calls 30
*** TURN *** [7s 9d As] [7d]
Lorpugo: checks 
Thehoff1986: bets 30
Lorpugo: calls 30
*** RIVER *** [7s 9d As 7d] [Kd]
Lorpugo: checks 
Thehoff1986: bets 90
Lorpugo: folds 
Uncalled bet (90) returned to Thehoff1986
Thehoff1986 collected 180 from pot
*** SUMMARY ***
Total pot 180 | Rake 0 
Board [7s 9d As 7d Kd]
Seat 1: Thehoff1986 (button) (small blind) collected (180)
Seat 2: Lorpugo (big blind) folded on the River



PokerStars Hand #241370032388: Tournament #3537196062, $0.23+$0.02 USD Hold'em No Limit - Level II (15/30) - 2023/01/24 15:23:43 ET
Table '3537196062 1' 3-max Seat #2 is the button
Seat 1: Thehoff1986 (1226 in chips) 
Seat 2: Lorpugo (274 in chips) 
Lorpugo: posts small blind 15
Thehoff1986: posts big blind 30
*** HOLE CARDS ***
Dealt to Lorpugo [Kh Th]
Lorpugo: raises 244 to 274 and is all-in
Thehoff1986: calls 244
*** FLOP *** [Jc 3c Tc]
*** TURN *** [Jc 3c Tc] [6s]
*** RIVER *** [Jc 3c Tc 6s] [Td]
*** SHOW DOWN ***
Thehoff1986: shows [Ah 3d] (two pair, Tens and Threes)
Lorpugo: shows [Kh Th] (three of a kind, Tens)
Lorpugo collected 548 from pot
*** SUMMARY ***
Total pot 548 | Rake 0 
Board [Jc 3c Tc 6s Td]
Seat 1: Thehoff1986 (big blind) showed [Ah 3d] and lost with two pair, Tens and Threes
Seat 2: Lorpugo (button) (small blind) showed [Kh Th] and won (548) with three of a kind, Tens



PokerStars Hand #241370038451: Tournament #3537196062, $0.23+$0.02 USD Hold'em No Limit - Level II (15/30) - 2023/01/24 15:23:57 ET
Table '3537196062 1' 3-max Seat #1 is the button
Seat 1: Thehoff1986 (952 in chips) 
Seat 2: Lorpugo (548 in chips) 
Thehoff1986: posts small blind 15
Lorpugo: posts big blind 30
*** HOLE CARDS ***
Dealt to Lorpugo [8c Qd]
Thehoff1986: calls 15
Lorpugo: checks 
*** FLOP *** [3d 6h Th]
Lorpugo: checks 
Thehoff1986: bets 30
Lorpugo: folds 
Uncalled bet (30) returned to Thehoff1986
Thehoff1986 collected 60 from pot
*** SUMMARY ***
Total pot 60 | Rake 0 
Board [3d 6h Th]
Seat 1: Thehoff1986 (button) (small blind) collected (60)
Seat 2: Lorpugo (big blind) folded on the Flop



PokerStars Hand #241370046312: Tournament #3537196062, $0.23+$0.02 USD Hold'em No Limit - Level II (15/30) - 2023/01/24 15:24:15 ET
Table '3537196062 1' 3-max Seat #2 is the button
Seat 1: Thehoff1986 (982 in chips) 
Seat 2: Lorpugo (518 in chips) 
Lorpugo: posts small blind 15
Thehoff1986: posts big blind 30
*** HOLE CARDS ***
Dealt to Lorpugo [6s 3d]
Lorpugo: folds 
Uncalled bet (15) returned to Thehoff1986
Thehoff1986 collected 30 from pot
*** SUMMARY ***
Total pot 30 | Rake 0 
Seat 1: Thehoff1986 (big blind) collected (30)
Seat 2: Lorpugo (button) (small blind) folded before Flop



PokerStars Hand #241370048363: Tournament #3537196062, $0.23+$0.02 USD Hold'em No Limit - Level II (15/30) - 2023/01/24 15:24:20 ET
Table '3537196062 1' 3-max Seat #1 is the button
Seat 1: Thehoff1986 (997 in chips) 
Seat 2: Lorpugo (503 in chips) 
Thehoff1986: posts small blind 15
Lorpugo: posts big blind 30
*** HOLE CARDS ***
Dealt to Lorpugo [Kh 3d]
Thehoff1986: calls 15
Lorpugo: checks 
*** FLOP *** [Th 8s 4c]
Lorpugo: checks 
Thehoff1986: checks 
*** TURN *** [Th 8s 4c] [6s]
Lorpugo: checks 
Thehoff1986: bets 30
Lorpugo: folds 
Uncalled bet (30) returned to Thehoff1986
Thehoff1986 collected 60 from pot
*** SUMMARY ***
Total pot 60 | Rake 0 
Board [Th 8s 4c 6s]
Seat 1: Thehoff1986 (button) (small blind) collected (60)
Seat 2: Lorpugo (big blind) folded on the Turn



PokerStars Hand #241370057668: Tournament #3537196062, $0.23+$0.02 USD Hold'em No Limit - Level II (15/30) - 2023/01/24 15:24:42 ET
Table '3537196062 1' 3-max Seat #2 is the button
Seat 1: Thehoff1986 (1027 in chips) 
Seat 2: Lorpugo (473 in chips) 
Lorpugo: posts small blind 15
Thehoff1986: posts big blind 30
*** HOLE CARDS ***
Dealt to Lorpugo [7c Td]
Lorpugo: raises 30 to 60
Thehoff1986: calls 30
*** FLOP *** [Qd Ah As]
Thehoff1986: checks 
Lorpugo: bets 40
Thehoff1986: folds 
Uncalled bet (40) returned to Lorpugo
Lorpugo collected 120 from pot
Lorpugo: doesn't show hand 
*** SUMMARY ***
Total pot 120 | Rake 0 
Board [Qd Ah As]
Seat 1: Thehoff1986 (big blind) folded on the Flop
Seat 2: Lorpugo (button) (small blind) collected (120)



PokerStars Hand #241370064530: Tournament #3537196062, $0.23+$0.02 USD Hold'em No Limit - Level II (15/30) - 2023/01/24 15:24:59 ET
Table '3537196062 1' 3-max Seat #1 is the button
Seat 1: Thehoff1986 (967 in chips) 
Seat 2: Lorpugo (533 in chips) 
Thehoff1986: posts small blind 15
Lorpugo: posts big blind 30
*** HOLE CARDS ***
Dealt to Lorpugo [4c 6s]
Thehoff1986: calls 15
Lorpugo: checks 
*** FLOP *** [5s 4d Tc]
Lorpugo: bets 30
Thehoff1986: raises 30 to 60
Lorpugo: calls 30
*** TURN *** [5s 4d Tc] [9s]
Lorpugo: checks 
Thehoff1986: bets 90
Lorpugo: folds 
Uncalled bet (90) returned to Thehoff1986
Thehoff1986 collected 180 from pot
*** SUMMARY ***
Total pot 180 | Rake 0 
Board [5s 4d Tc 9s]
Seat 1: Thehoff1986 (button) (small blind) collected (180)
Seat 2: Lorpugo (big blind) folded on the Turn



PokerStars Hand #241370076296: Tournament #3537196062, $0.23+$0.02 USD Hold'em No Limit - Level II (15/30) - 2023/01/24 15:25:26 ET
Table '3537196062 1' 3-max Seat #2 is the button
Seat 1: Thehoff1986 (1057 in chips) 
Seat 2: Lorpugo (443 in chips) 
Lorpugo: posts small blind 15
Thehoff1986: posts big blind 30
*** HOLE CARDS ***
Dealt to Lorpugo [2d Ks]
Lorpugo: raises 30 to 60
Thehoff1986: calls 30
*** FLOP *** [8h 3h Kd]
Thehoff1986: checks 
Lorpugo: checks 
*** TURN *** [8h 3h Kd] [Qd]
Thehoff1986: checks 
Lorpugo: bets 90
Thehoff1986: calls 90
*** RIVER *** [8h 3h Kd Qd] [Qh]
Thehoff1986: bets 300
Lorpugo: calls 293 and is all-in
Uncalled bet (7) returned to Thehoff1986
*** SHOW DOWN ***
Thehoff1986: shows [7h Th] (a flush, Queen high)
Lorpugo: shows [2d Ks] (two pair, Kings and Queens)
Thehoff1986 collected 886 from pot
Lorpugo finished the tournament in 2nd place and received $0.50.
Thehoff1986 wins the tournament and receives $2.00 - congratulations!
*** SUMMARY ***
Total pot 886 | Rake 0 
Board [8h 3h Kd Qd Qh]
Seat 1: Thehoff1986 (big blind) showed [7h Th] and won (886) with a flush, Queen high
Seat 2: Lorpugo (button) (small blind) showed [2d Ks] and lost with two pair, Kings and Queens



