PokerStars Hand #241316339349:  Hold'em No Limit ($0.01/$0.02 USD) - 2023/01/22 8:09:00 ET
Table 'Abetti' 6-max Seat #4 is the button
Seat 1: Daklien_Poke ($1.96 in chips) 
Seat 2: CardBender96 ($0.17 in chips) 
Seat 3: Myatnyj_Zayats ($2.21 in chips) 
Seat 4: misterdenister ($2.97 in chips) 
Seat 5: baligo666 ($7.78 in chips) 
Seat 6: Lorpugo ($1.60 in chips) 
baligo666: posts small blind $0.01
Lorpugo: posts big blind $0.02
*** HOLE CARDS ***
Dealt to Lorpugo [Ts 2h]
Daklien_Poke: folds 
CardBender96: folds 
Myatnyj_Zayats: folds 
misterdenister: folds 
baligo666: folds 
Uncalled bet ($0.01) returned to Lorpugo
Lorpugo collected $0.02 from pot
Lorpugo: doesn't show hand 
*** SUMMARY ***
Total pot $0.02 | Rake $0 
Seat 1: Daklien_Poke folded before Flop (didn't bet)
Seat 2: CardBender96 folded before Flop (didn't bet)
Seat 3: Myatnyj_Zayats folded before Flop (didn't bet)
Seat 4: misterdenister (button) folded before Flop (didn't bet)
Seat 5: baligo666 (small blind) folded before Flop
Seat 6: Lorpugo (big blind) collected ($0.02)



PokerStars Hand #241316342865:  Hold'em No Limit ($0.01/$0.02 USD) - 2023/01/22 8:09:14 ET
Table 'Abetti' 6-max Seat #5 is the button
Seat 1: Daklien_Poke ($1.96 in chips) 
Seat 2: CardBender96 ($0.17 in chips) 
Seat 3: Myatnyj_Zayats ($2.21 in chips) 
Seat 4: misterdenister ($2.97 in chips) 
Seat 5: baligo666 ($7.77 in chips) 
Seat 6: Lorpugo ($1.61 in chips) 
Lorpugo: posts small blind $0.01
Daklien_Poke: posts big blind $0.02
*** HOLE CARDS ***
Dealt to Lorpugo [7s 4s]
CardBender96: folds 
Myatnyj_Zayats: folds 
misterdenister: folds 
baligo666: folds 
Lorpugo: folds 
Uncalled bet ($0.01) returned to Daklien_Poke
Daklien_Poke collected $0.02 from pot
Daklien_Poke: doesn't show hand 
*** SUMMARY ***
Total pot $0.02 | Rake $0 
Seat 1: Daklien_Poke (big blind) collected ($0.02)
Seat 2: CardBender96 folded before Flop (didn't bet)
Seat 3: Myatnyj_Zayats folded before Flop (didn't bet)
Seat 4: misterdenister folded before Flop (didn't bet)
Seat 5: baligo666 (button) folded before Flop (didn't bet)
Seat 6: Lorpugo (small blind) folded before Flop



PokerStars Hand #241316345552:  Hold'em No Limit ($0.01/$0.02 USD) - 2023/01/22 8:09:26 ET
Table 'Abetti' 6-max Seat #6 is the button
Seat 1: Daklien_Poke ($1.97 in chips) 
Seat 2: CardBender96 ($0.17 in chips) 
Seat 3: Myatnyj_Zayats ($2.21 in chips) 
Seat 4: misterdenister ($2.97 in chips) 
Seat 5: baligo666 ($7.77 in chips) 
Seat 6: Lorpugo ($1.60 in chips) 
Daklien_Poke: posts small blind $0.01
CardBender96: posts big blind $0.02
*** HOLE CARDS ***
Dealt to Lorpugo [4h Ad]
Myatnyj_Zayats: raises $0.04 to $0.06
misterdenister: calls $0.06
baligo666: folds 
Lorpugo: folds 
Daklien_Poke: folds 
CardBender96: folds 
*** FLOP *** [5c 4d 7c]
Myatnyj_Zayats: bets $0.04
misterdenister: calls $0.04
*** TURN *** [5c 4d 7c] [3c]
Myatnyj_Zayats: checks 
misterdenister: checks 
*** RIVER *** [5c 4d 7c 3c] [5s]
Myatnyj_Zayats: checks 
misterdenister: checks 
*** SHOW DOWN ***
Myatnyj_Zayats: shows [8s 8c] (two pair, Eights and Fives)
misterdenister: mucks hand 
Myatnyj_Zayats collected $0.22 from pot
*** SUMMARY ***
Total pot $0.23 | Rake $0.01 
Board [5c 4d 7c 3c 5s]
Seat 1: Daklien_Poke (small blind) folded before Flop
Seat 2: CardBender96 (big blind) folded before Flop
Seat 3: Myatnyj_Zayats showed [8s 8c] and won ($0.22) with two pair, Eights and Fives
Seat 4: misterdenister mucked [2h 2d]
Seat 5: baligo666 folded before Flop (didn't bet)
Seat 6: Lorpugo (button) folded before Flop (didn't bet)



PokerStars Hand #241316353536:  Hold'em No Limit ($0.01/$0.02 USD) - 2023/01/22 8:09:58 ET
Table 'Abetti' 6-max Seat #1 is the button
Seat 1: Daklien_Poke ($1.96 in chips) 
Seat 2: CardBender96 ($0.15 in chips) 
Seat 3: Myatnyj_Zayats ($2.33 in chips) 
Seat 4: misterdenister ($2.87 in chips) 
Seat 5: baligo666 ($7.77 in chips) 
Seat 6: Lorpugo ($1.60 in chips) 
CardBender96: posts small blind $0.01
Myatnyj_Zayats: posts big blind $0.02
*** HOLE CARDS ***
Dealt to Lorpugo [6c Qc]
misterdenister: folds 
baligo666: folds 
Lorpugo: folds 
Daklien_Poke: folds 
CardBender96: folds 
Uncalled bet ($0.01) returned to Myatnyj_Zayats
Myatnyj_Zayats collected $0.02 from pot
Myatnyj_Zayats: doesn't show hand 
*** SUMMARY ***
Total pot $0.02 | Rake $0 
Seat 1: Daklien_Poke (button) folded before Flop (didn't bet)
Seat 2: CardBender96 (small blind) folded before Flop
Seat 3: Myatnyj_Zayats (big blind) collected ($0.02)
Seat 4: misterdenister folded before Flop (didn't bet)
Seat 5: baligo666 folded before Flop (didn't bet)
Seat 6: Lorpugo folded before Flop (didn't bet)



PokerStars Hand #241316356156:  Hold'em No Limit ($0.01/$0.02 USD) - 2023/01/22 8:10:09 ET
Table 'Abetti' 6-max Seat #2 is the button
Seat 1: Daklien_Poke ($1.96 in chips) 
Seat 2: CardBender96 ($0.14 in chips) 
Seat 3: Myatnyj_Zayats ($2.34 in chips) 
Seat 4: misterdenister ($2.87 in chips) 
Seat 5: baligo666 ($7.77 in chips) 
Seat 6: Lorpugo ($1.60 in chips) 
Myatnyj_Zayats: posts small blind $0.01
misterdenister: posts big blind $0.02
*** HOLE CARDS ***
Dealt to Lorpugo [3d Qd]
baligo666: folds 
Lorpugo: folds 
Daklien_Poke: folds 
CardBender96: raises $0.12 to $0.14 and is all-in
Myatnyj_Zayats: folds 
misterdenister: folds 
Uncalled bet ($0.12) returned to CardBender96
CardBender96 collected $0.05 from pot
CardBender96: doesn't show hand 
*** SUMMARY ***
Total pot $0.05 | Rake $0 
Seat 1: Daklien_Poke folded before Flop (didn't bet)
Seat 2: CardBender96 (button) collected ($0.05)
Seat 3: Myatnyj_Zayats (small blind) folded before Flop
Seat 4: misterdenister (big blind) folded before Flop
Seat 5: baligo666 folded before Flop (didn't bet)
Seat 6: Lorpugo folded before Flop (didn't bet)



PokerStars Hand #241316359597:  Hold'em No Limit ($0.01/$0.02 USD) - 2023/01/22 8:10:23 ET
Table 'Abetti' 6-max Seat #3 is the button
Seat 1: Daklien_Poke ($1.96 in chips) 
Seat 2: CardBender96 ($0.17 in chips) 
Seat 3: Myatnyj_Zayats ($2.33 in chips) 
Seat 4: misterdenister ($2.85 in chips) 
Seat 5: baligo666 ($7.77 in chips) 
Seat 6: Lorpugo ($1.60 in chips) 
misterdenister: posts small blind $0.01
baligo666: posts big blind $0.02
*** HOLE CARDS ***
Dealt to Lorpugo [5s Ks]
Lorpugo: folds 
Daklien_Poke: folds 
CardBender96: folds 
Myatnyj_Zayats: folds 
misterdenister: raises $0.02 to $0.04
baligo666: folds 
Uncalled bet ($0.02) returned to misterdenister
misterdenister collected $0.04 from pot
misterdenister: doesn't show hand 
*** SUMMARY ***
Total pot $0.04 | Rake $0 
Seat 1: Daklien_Poke folded before Flop (didn't bet)
Seat 2: CardBender96 folded before Flop (didn't bet)
Seat 3: Myatnyj_Zayats (button) folded before Flop (didn't bet)
Seat 4: misterdenister (small blind) collected ($0.04)
Seat 5: baligo666 (big blind) folded before Flop
Seat 6: Lorpugo folded before Flop (didn't bet)



PokerStars Hand #241316362755:  Hold'em No Limit ($0.01/$0.02 USD) - 2023/01/22 8:10:36 ET
Table 'Abetti' 6-max Seat #4 is the button
Seat 1: Daklien_Poke ($1.96 in chips) 
Seat 2: CardBender96 ($0.17 in chips) 
Seat 3: Myatnyj_Zayats ($2.33 in chips) 
Seat 4: misterdenister ($2.87 in chips) 
Seat 5: baligo666 ($7.75 in chips) 
Seat 6: Lorpugo ($1.60 in chips) 
baligo666: posts small blind $0.01
Lorpugo: posts big blind $0.02
*** HOLE CARDS ***
Dealt to Lorpugo [3h 9h]
Daklien_Poke: folds 
CardBender96: raises $0.06 to $0.08
Myatnyj_Zayats: folds 
misterdenister: folds 
baligo666: folds 
Lorpugo: folds 
Uncalled bet ($0.06) returned to CardBender96
CardBender96 collected $0.05 from pot
CardBender96: doesn't show hand 
*** SUMMARY ***
Total pot $0.05 | Rake $0 
Seat 1: Daklien_Poke folded before Flop (didn't bet)
Seat 2: CardBender96 collected ($0.05)
Seat 3: Myatnyj_Zayats folded before Flop (didn't bet)
Seat 4: misterdenister (button) folded before Flop (didn't bet)
Seat 5: baligo666 (small blind) folded before Flop
Seat 6: Lorpugo (big blind) folded before Flop



PokerStars Hand #241316365717:  Hold'em No Limit ($0.01/$0.02 USD) - 2023/01/22 8:10:48 ET
Table 'Abetti' 6-max Seat #5 is the button
Seat 1: Daklien_Poke ($1.96 in chips) 
Seat 2: CardBender96 ($0.20 in chips) 
Seat 3: Myatnyj_Zayats ($2.33 in chips) 
Seat 4: misterdenister ($2.87 in chips) 
Seat 5: baligo666 ($7.74 in chips) 
Seat 6: Lorpugo ($1.58 in chips) 
Lorpugo: posts small blind $0.01
Daklien_Poke: posts big blind $0.02
*** HOLE CARDS ***
Dealt to Lorpugo [5h 8d]
CardBender96: folds 
Myatnyj_Zayats: raises $0.04 to $0.06
misterdenister: calls $0.06
baligo666: calls $0.06
Lorpugo: folds 
Daklien_Poke: folds 
*** FLOP *** [Td 9h 2d]
Myatnyj_Zayats: bets $0.15
misterdenister: calls $0.15
baligo666: calls $0.15
*** TURN *** [Td 9h 2d] [4c]
Myatnyj_Zayats: bets $0.58
misterdenister: calls $0.58
baligo666: folds 
*** RIVER *** [Td 9h 2d 4c] [2c]
Myatnyj_Zayats: checks 
misterdenister: checks 
*** SHOW DOWN ***
Myatnyj_Zayats: shows [9c 9d] (a full house, Nines full of Deuces)
misterdenister: mucks hand 
Myatnyj_Zayats collected $1.76 from pot
*** SUMMARY ***
Total pot $1.82 | Rake $0.06 
Board [Td 9h 2d 4c 2c]
Seat 1: Daklien_Poke (big blind) folded before Flop
Seat 2: CardBender96 folded before Flop (didn't bet)
Seat 3: Myatnyj_Zayats showed [9c 9d] and won ($1.76) with a full house, Nines full of Deuces
Seat 4: misterdenister mucked [Kd Jd]
Seat 5: baligo666 (button) folded on the Turn
Seat 6: Lorpugo (small blind) folded before Flop



PokerStars Hand #241316391201:  Hold'em No Limit ($0.01/$0.02 USD) - 2023/01/22 8:12:32 ET
Table 'Abetti' 6-max Seat #6 is the button
Seat 1: Daklien_Poke ($1.94 in chips) 
Seat 2: CardBender96 ($0.20 in chips) 
Seat 3: Myatnyj_Zayats ($3.30 in chips) 
Seat 4: misterdenister ($2.08 in chips) 
Seat 5: baligo666 ($7.53 in chips) 
Seat 6: Lorpugo ($1.57 in chips) 
Daklien_Poke: posts small blind $0.01
CardBender96: posts big blind $0.02
*** HOLE CARDS ***
Dealt to Lorpugo [2s 6h]
Myatnyj_Zayats: folds 
misterdenister: folds 
baligo666: folds 
Lorpugo: folds 
Daklien_Poke: folds 
Uncalled bet ($0.01) returned to CardBender96
CardBender96 collected $0.02 from pot
CardBender96: doesn't show hand 
*** SUMMARY ***
Total pot $0.02 | Rake $0 
Seat 1: Daklien_Poke (small blind) folded before Flop
Seat 2: CardBender96 (big blind) collected ($0.02)
Seat 3: Myatnyj_Zayats folded before Flop (didn't bet)
Seat 4: misterdenister folded before Flop (didn't bet)
Seat 5: baligo666 folded before Flop (didn't bet)
Seat 6: Lorpugo (button) folded before Flop (didn't bet)



PokerStars Hand #241316394891:  Hold'em No Limit ($0.01/$0.02 USD) - 2023/01/22 8:12:47 ET
Table 'Abetti' 6-max Seat #1 is the button
Seat 1: Daklien_Poke ($1.93 in chips) 
Seat 2: CardBender96 ($0.21 in chips) 
Seat 3: Myatnyj_Zayats ($3.30 in chips) 
Seat 4: misterdenister ($2.08 in chips) 
Seat 5: baligo666 ($7.53 in chips) 
Seat 6: Lorpugo ($1.57 in chips) 
CardBender96: posts small blind $0.01
Myatnyj_Zayats: posts big blind $0.02
*** HOLE CARDS ***
Dealt to Lorpugo [5d Jd]
misterdenister: folds 
baligo666: folds 
Lorpugo: folds 
Daklien_Poke: folds 
CardBender96: folds 
Uncalled bet ($0.01) returned to Myatnyj_Zayats
Myatnyj_Zayats collected $0.02 from pot
Myatnyj_Zayats: doesn't show hand 
*** SUMMARY ***
Total pot $0.02 | Rake $0 
Seat 1: Daklien_Poke (button) folded before Flop (didn't bet)
Seat 2: CardBender96 (small blind) folded before Flop
Seat 3: Myatnyj_Zayats (big blind) collected ($0.02)
Seat 4: misterdenister folded before Flop (didn't bet)
Seat 5: baligo666 folded before Flop (didn't bet)
Seat 6: Lorpugo folded before Flop (didn't bet)



PokerStars Hand #241316398657:  Hold'em No Limit ($0.01/$0.02 USD) - 2023/01/22 8:13:03 ET
Table 'Abetti' 6-max Seat #2 is the button
Seat 1: Daklien_Poke ($1.93 in chips) 
Seat 2: CardBender96 ($0.20 in chips) 
Seat 3: Myatnyj_Zayats ($3.31 in chips) 
Seat 4: misterdenister ($2.08 in chips) 
Seat 5: baligo666 ($7.53 in chips) 
Seat 6: Lorpugo ($1.57 in chips) 
Myatnyj_Zayats: posts small blind $0.01
misterdenister: posts big blind $0.02
*** HOLE CARDS ***
Dealt to Lorpugo [Js 8d]
baligo666: folds 
Lorpugo: folds 
Daklien_Poke: folds 
CardBender96: raises $0.06 to $0.08
Myatnyj_Zayats: folds 
misterdenister: calls $0.06
*** FLOP *** [2h As 6s]
misterdenister: checks 
CardBender96: checks 
*** TURN *** [2h As 6s] [6c]
misterdenister: bets $0.06
CardBender96: calls $0.06
*** RIVER *** [2h As 6s 6c] [7d]
misterdenister: checks 
CardBender96: checks 
*** SHOW DOWN ***
misterdenister: shows [9d Ac] (two pair, Aces and Sixes)
CardBender96: mucks hand 
misterdenister collected $0.28 from pot
*** SUMMARY ***
Total pot $0.29 | Rake $0.01 
Board [2h As 6s 6c 7d]
Seat 1: Daklien_Poke folded before Flop (didn't bet)
Seat 2: CardBender96 (button) mucked [Th Qd]
Seat 3: Myatnyj_Zayats (small blind) folded before Flop
Seat 4: misterdenister (big blind) showed [9d Ac] and won ($0.28) with two pair, Aces and Sixes
Seat 5: baligo666 folded before Flop (didn't bet)
Seat 6: Lorpugo folded before Flop (didn't bet)



PokerStars Hand #241316405390:  Hold'em No Limit ($0.01/$0.02 USD) - 2023/01/22 8:13:30 ET
Table 'Abetti' 6-max Seat #3 is the button
Seat 1: Daklien_Poke ($1.93 in chips) 
Seat 2: CardBender96 ($0.06 in chips) 
Seat 3: Myatnyj_Zayats ($3.30 in chips) 
Seat 4: misterdenister ($2.22 in chips) 
Seat 5: baligo666 ($7.53 in chips) 
Seat 6: Lorpugo ($1.57 in chips) 
misterdenister: posts small blind $0.01
baligo666: posts big blind $0.02
*** HOLE CARDS ***
Dealt to Lorpugo [9s 9c]
Lorpugo: raises $0.03 to $0.05
Daklien_Poke: folds 
CardBender96: raises $0.01 to $0.06 and is all-in
Myatnyj_Zayats: folds 
misterdenister: folds 
baligo666: folds 
Lorpugo: calls $0.01
*** FLOP *** [4c 4d Ts]
*** TURN *** [4c 4d Ts] [7h]
*** RIVER *** [4c 4d Ts 7h] [Ac]
*** SHOW DOWN ***
Lorpugo: shows [9s 9c] (two pair, Nines and Fours)
CardBender96: shows [Qc 8h] (a pair of Fours)
Lorpugo collected $0.14 from pot
*** SUMMARY ***
Total pot $0.15 | Rake $0.01 
Board [4c 4d Ts 7h Ac]
Seat 1: Daklien_Poke folded before Flop (didn't bet)
Seat 2: CardBender96 showed [Qc 8h] and lost with a pair of Fours
Seat 3: Myatnyj_Zayats (button) folded before Flop (didn't bet)
Seat 4: misterdenister (small blind) folded before Flop
Seat 5: baligo666 (big blind) folded before Flop
Seat 6: Lorpugo showed [9s 9c] and won ($0.14) with two pair, Nines and Fours



PokerStars Hand #241316411968:  Hold'em No Limit ($0.01/$0.02 USD) - 2023/01/22 8:13:56 ET
Table 'Abetti' 6-max Seat #4 is the button
Seat 1: Daklien_Poke ($1.93 in chips) 
Seat 3: Myatnyj_Zayats ($3.30 in chips) 
Seat 4: misterdenister ($2.21 in chips) 
Seat 5: baligo666 ($7.51 in chips) 
Seat 6: Lorpugo ($1.65 in chips) 
baligo666: posts small blind $0.01
Lorpugo: posts big blind $0.02
*** HOLE CARDS ***
Dealt to Lorpugo [4c Th]
CardBender96 leaves the table
Daklien_Poke: folds 
Myatnyj_Zayats: folds 
misterdenister: folds 
baligo666: folds 
Uncalled bet ($0.01) returned to Lorpugo
Lorpugo collected $0.02 from pot
Lorpugo: doesn't show hand 
*** SUMMARY ***
Total pot $0.02 | Rake $0 
Seat 1: Daklien_Poke folded before Flop (didn't bet)
Seat 3: Myatnyj_Zayats folded before Flop (didn't bet)
Seat 4: misterdenister (button) folded before Flop (didn't bet)
Seat 5: baligo666 (small blind) folded before Flop
Seat 6: Lorpugo (big blind) collected ($0.02)



PokerStars Hand #241316414051:  Hold'em No Limit ($0.01/$0.02 USD) - 2023/01/22 8:14:04 ET
Table 'Abetti' 6-max Seat #5 is the button
Seat 1: Daklien_Poke ($1.93 in chips) 
Seat 3: Myatnyj_Zayats ($3.30 in chips) 
Seat 4: misterdenister ($2.21 in chips) 
Seat 5: baligo666 ($7.50 in chips) 
Seat 6: Lorpugo ($1.66 in chips) 
Lorpugo: posts small blind $0.01
Daklien_Poke: posts big blind $0.02
*** HOLE CARDS ***
Dealt to Lorpugo [4h Kh]
Akira515 joins the table at seat #2 
Myatnyj_Zayats: folds 
misterdenister: folds 
baligo666: folds 
Lorpugo: raises $0.03 to $0.05
Daklien_Poke: calls $0.03
*** FLOP *** [Qc Js 6h]
Lorpugo: checks 
Daklien_Poke: checks 
*** TURN *** [Qc Js 6h] [Kd]
Lorpugo: bets $0.14
Daklien_Poke: calls $0.14
*** RIVER *** [Qc Js 6h Kd] [Qd]
Lorpugo: checks 
Daklien_Poke: checks 
*** SHOW DOWN ***
Lorpugo: shows [4h Kh] (two pair, Kings and Queens)
Daklien_Poke: shows [Th Ks] (two pair, Kings and Queens)
Lorpugo collected $0.19 from pot
Daklien_Poke collected $0.18 from pot
*** SUMMARY ***
Total pot $0.38 | Rake $0.01 
Board [Qc Js 6h Kd Qd]
Seat 1: Daklien_Poke (big blind) showed [Th Ks] and won ($0.18) with two pair, Kings and Queens
Seat 3: Myatnyj_Zayats folded before Flop (didn't bet)
Seat 4: misterdenister folded before Flop (didn't bet)
Seat 5: baligo666 (button) folded before Flop (didn't bet)
Seat 6: Lorpugo (small blind) showed [4h Kh] and won ($0.19) with two pair, Kings and Queens



PokerStars Hand #241316423115:  Hold'em No Limit ($0.01/$0.02 USD) - 2023/01/22 8:14:41 ET
Table 'Abetti' 6-max Seat #6 is the button
Seat 1: Daklien_Poke ($1.92 in chips) 
Seat 2: Akira515 ($1.60 in chips) 
Seat 3: Myatnyj_Zayats ($3.30 in chips) 
Seat 4: misterdenister ($2.21 in chips) 
Seat 5: baligo666 ($7.50 in chips) 
Seat 6: Lorpugo ($1.66 in chips) 
Daklien_Poke: posts small blind $0.01
Akira515: posts big blind $0.02
*** HOLE CARDS ***
Dealt to Lorpugo [Ks Ac]
Myatnyj_Zayats: folds 
misterdenister: calls $0.02
baligo666: folds 
Lorpugo: raises $0.10 to $0.12
Daklien_Poke: folds 
Akira515: folds 
misterdenister: folds 
Uncalled bet ($0.10) returned to Lorpugo
Lorpugo collected $0.07 from pot
Lorpugo: doesn't show hand 
*** SUMMARY ***
Total pot $0.07 | Rake $0 
Seat 1: Daklien_Poke (small blind) folded before Flop
Seat 2: Akira515 (big blind) folded before Flop
Seat 3: Myatnyj_Zayats folded before Flop (didn't bet)
Seat 4: misterdenister folded before Flop
Seat 5: baligo666 folded before Flop (didn't bet)
Seat 6: Lorpugo (button) collected ($0.07)



PokerStars Hand #241316429430:  Hold'em No Limit ($0.01/$0.02 USD) - 2023/01/22 8:15:07 ET
Table 'Abetti' 6-max Seat #1 is the button
Seat 1: Daklien_Poke ($1.91 in chips) 
Seat 2: Akira515 ($1.58 in chips) 
Seat 3: Myatnyj_Zayats ($3.30 in chips) 
Seat 4: misterdenister ($2.19 in chips) 
Seat 5: baligo666 ($7.50 in chips) 
Seat 6: Lorpugo ($1.71 in chips) 
Akira515: posts small blind $0.01
Myatnyj_Zayats: posts big blind $0.02
*** HOLE CARDS ***
Dealt to Lorpugo [4d 9s]
misterdenister: folds 
baligo666: folds 
Lorpugo: folds 
Daklien_Poke: folds 
Akira515: calls $0.01
Myatnyj_Zayats: raises $0.06 to $0.08
Akira515: folds 
Uncalled bet ($0.06) returned to Myatnyj_Zayats
Myatnyj_Zayats collected $0.04 from pot
Myatnyj_Zayats: doesn't show hand 
*** SUMMARY ***
Total pot $0.04 | Rake $0 
Seat 1: Daklien_Poke (button) folded before Flop (didn't bet)
Seat 2: Akira515 (small blind) folded before Flop
Seat 3: Myatnyj_Zayats (big blind) collected ($0.04)
Seat 4: misterdenister folded before Flop (didn't bet)
Seat 5: baligo666 folded before Flop (didn't bet)
Seat 6: Lorpugo folded before Flop (didn't bet)



PokerStars Hand #241316435482:  Hold'em No Limit ($0.01/$0.02 USD) - 2023/01/22 8:15:31 ET
Table 'Abetti' 6-max Seat #2 is the button
Seat 1: Daklien_Poke ($1.91 in chips) 
Seat 2: Akira515 ($1.56 in chips) 
Seat 3: Myatnyj_Zayats ($3.32 in chips) 
Seat 4: misterdenister ($2.19 in chips) 
Seat 5: baligo666 ($7.50 in chips) 
Seat 6: Lorpugo ($1.71 in chips) 
Myatnyj_Zayats: posts small blind $0.01
misterdenister: posts big blind $0.02
*** HOLE CARDS ***
Dealt to Lorpugo [8d 4d]
baligo666: folds 
Lorpugo: folds 
Daklien_Poke: raises $0.03 to $0.05
Akira515: folds 
Myatnyj_Zayats: folds 
misterdenister: folds 
Uncalled bet ($0.03) returned to Daklien_Poke
Daklien_Poke collected $0.05 from pot
Daklien_Poke: doesn't show hand 
*** SUMMARY ***
Total pot $0.05 | Rake $0 
Seat 1: Daklien_Poke collected ($0.05)
Seat 2: Akira515 (button) folded before Flop (didn't bet)
Seat 3: Myatnyj_Zayats (small blind) folded before Flop
Seat 4: misterdenister (big blind) folded before Flop
Seat 5: baligo666 folded before Flop (didn't bet)
Seat 6: Lorpugo folded before Flop (didn't bet)



PokerStars Hand #241316439693:  Hold'em No Limit ($0.01/$0.02 USD) - 2023/01/22 8:15:47 ET
Table 'Abetti' 6-max Seat #3 is the button
Seat 1: Daklien_Poke ($1.94 in chips) 
Seat 2: Akira515 ($1.56 in chips) 
Seat 3: Myatnyj_Zayats ($3.31 in chips) 
Seat 4: misterdenister ($2.17 in chips) 
Seat 5: baligo666 ($7.50 in chips) 
Seat 6: Lorpugo ($1.71 in chips) 
misterdenister: posts small blind $0.01
baligo666: posts big blind $0.02
*** HOLE CARDS ***
Dealt to Lorpugo [9s 7d]
Lorpugo: folds 
Daklien_Poke: folds 
Akira515: calls $0.02
Myatnyj_Zayats: folds 
misterdenister: folds 
baligo666: checks 
*** FLOP *** [4d Kh 2h]
baligo666: checks 
Akira515: bets $0.02
baligo666: folds 
Uncalled bet ($0.02) returned to Akira515
Akira515 collected $0.05 from pot
*** SUMMARY ***
Total pot $0.05 | Rake $0 
Board [4d Kh 2h]
Seat 1: Daklien_Poke folded before Flop (didn't bet)
Seat 2: Akira515 collected ($0.05)
Seat 3: Myatnyj_Zayats (button) folded before Flop (didn't bet)
Seat 4: misterdenister (small blind) folded before Flop
Seat 5: baligo666 (big blind) folded on the Flop
Seat 6: Lorpugo folded before Flop (didn't bet)



PokerStars Hand #241316446583:  Hold'em No Limit ($0.01/$0.02 USD) - 2023/01/22 8:16:15 ET
Table 'Abetti' 6-max Seat #4 is the button
Seat 1: Daklien_Poke ($1.94 in chips) 
Seat 2: Akira515 ($1.59 in chips) 
Seat 3: Myatnyj_Zayats ($3.31 in chips) 
Seat 4: misterdenister ($2.16 in chips) 
Seat 5: baligo666 ($7.48 in chips) 
Seat 6: Lorpugo ($1.71 in chips) 
baligo666: posts small blind $0.01
Lorpugo: posts big blind $0.02
*** HOLE CARDS ***
Dealt to Lorpugo [Ah Kc]
Daklien_Poke: folds 
Akira515: folds 
Myatnyj_Zayats: folds 
misterdenister: raises $0.03 to $0.05
baligo666: folds 
Lorpugo: raises $0.13 to $0.18
misterdenister: calls $0.13
*** FLOP *** [4s 9d 7c]
Lorpugo: bets $0.18
misterdenister: raises $0.19 to $0.37
Lorpugo: calls $0.19
*** TURN *** [4s 9d 7c] [5d]
Lorpugo: checks 
misterdenister: bets $0.51
Lorpugo: folds 
Uncalled bet ($0.51) returned to misterdenister
misterdenister collected $1.07 from pot
misterdenister: doesn't show hand 
*** SUMMARY ***
Total pot $1.11 | Rake $0.04 
Board [4s 9d 7c 5d]
Seat 1: Daklien_Poke folded before Flop (didn't bet)
Seat 2: Akira515 folded before Flop (didn't bet)
Seat 3: Myatnyj_Zayats folded before Flop (didn't bet)
Seat 4: misterdenister (button) collected ($1.07)
Seat 5: baligo666 (small blind) folded before Flop
Seat 6: Lorpugo (big blind) folded on the Turn



PokerStars Hand #241316459973:  Hold'em No Limit ($0.01/$0.02 USD) - 2023/01/22 8:17:08 ET
Table 'Abetti' 6-max Seat #5 is the button
Seat 1: Daklien_Poke ($1.94 in chips) 
Seat 2: Akira515 ($1.59 in chips) 
Seat 3: Myatnyj_Zayats ($3.31 in chips) 
Seat 4: misterdenister ($2.68 in chips) 
Seat 5: baligo666 ($7.47 in chips) 
Seat 6: Lorpugo ($1.16 in chips) 
Lorpugo: posts small blind $0.01
Daklien_Poke: posts big blind $0.02
*** HOLE CARDS ***
Dealt to Lorpugo [Qc Jd]
Akira515: folds 
Myatnyj_Zayats: folds 
misterdenister: folds 
baligo666: folds 
Lorpugo: raises $0.03 to $0.05
Daklien_Poke: calls $0.03
*** FLOP *** [8c 4s 7d]
Lorpugo: checks 
Daklien_Poke: bets $0.08
Lorpugo: calls $0.08
*** TURN *** [8c 4s 7d] [5c]
Lorpugo: checks 
Daklien_Poke: checks 
*** RIVER *** [8c 4s 7d 5c] [Ah]
Lorpugo: checks 
Daklien_Poke: checks 
*** SHOW DOWN ***
Lorpugo: shows [Qc Jd] (high card Ace)
Daklien_Poke: shows [9d 5d] (a pair of Fives)
Daklien_Poke collected $0.25 from pot
*** SUMMARY ***
Total pot $0.26 | Rake $0.01 
Board [8c 4s 7d 5c Ah]
Seat 1: Daklien_Poke (big blind) showed [9d 5d] and won ($0.25) with a pair of Fives
Seat 2: Akira515 folded before Flop (didn't bet)
Seat 3: Myatnyj_Zayats folded before Flop (didn't bet)
Seat 4: misterdenister folded before Flop (didn't bet)
Seat 5: baligo666 (button) folded before Flop (didn't bet)
Seat 6: Lorpugo (small blind) showed [Qc Jd] and lost with high card Ace



PokerStars Hand #241316473239:  Hold'em No Limit ($0.01/$0.02 USD) - 2023/01/22 8:18:01 ET
Table 'Abetti' 6-max Seat #6 is the button
Seat 1: Daklien_Poke ($2.06 in chips) 
Seat 2: Akira515 ($1.59 in chips) 
Seat 3: Myatnyj_Zayats ($3.31 in chips) 
Seat 4: misterdenister ($2.68 in chips) 
Seat 5: baligo666 ($7.47 in chips) 
Seat 6: Lorpugo ($1.03 in chips) 
Daklien_Poke: posts small blind $0.01
Akira515: posts big blind $0.02
*** HOLE CARDS ***
Dealt to Lorpugo [2h 6d]
Myatnyj_Zayats: folds 
misterdenister: folds 
baligo666: folds 
Lorpugo: folds 
Daklien_Poke: folds 
Uncalled bet ($0.01) returned to Akira515
Akira515 collected $0.02 from pot
*** SUMMARY ***
Total pot $0.02 | Rake $0 
Seat 1: Daklien_Poke (small blind) folded before Flop
Seat 2: Akira515 (big blind) collected ($0.02)
Seat 3: Myatnyj_Zayats folded before Flop (didn't bet)
Seat 4: misterdenister folded before Flop (didn't bet)
Seat 5: baligo666 folded before Flop (didn't bet)
Seat 6: Lorpugo (button) folded before Flop (didn't bet)



PokerStars Hand #241316475601:  Hold'em No Limit ($0.01/$0.02 USD) - 2023/01/22 8:18:11 ET
Table 'Abetti' 6-max Seat #1 is the button
Seat 1: Daklien_Poke ($2.05 in chips) 
Seat 2: Akira515 ($1.60 in chips) 
Seat 3: Myatnyj_Zayats ($3.31 in chips) 
Seat 4: misterdenister ($2.68 in chips) 
Seat 5: baligo666 ($7.47 in chips) 
Seat 6: Lorpugo ($1.03 in chips) 
Akira515: posts small blind $0.01
Myatnyj_Zayats: posts big blind $0.02
*** HOLE CARDS ***
Dealt to Lorpugo [Qh 4c]
misterdenister: folds 
baligo666: folds 
Lorpugo: folds 
Daklien_Poke: raises $0.03 to $0.05
Akira515: folds 
Myatnyj_Zayats: folds 
Uncalled bet ($0.03) returned to Daklien_Poke
Daklien_Poke collected $0.05 from pot
Daklien_Poke: doesn't show hand 
*** SUMMARY ***
Total pot $0.05 | Rake $0 
Seat 1: Daklien_Poke (button) collected ($0.05)
Seat 2: Akira515 (small blind) folded before Flop
Seat 3: Myatnyj_Zayats (big blind) folded before Flop
Seat 4: misterdenister folded before Flop (didn't bet)
Seat 5: baligo666 folded before Flop (didn't bet)
Seat 6: Lorpugo folded before Flop (didn't bet)



PokerStars Hand #241316480104:  Hold'em No Limit ($0.01/$0.02 USD) - 2023/01/22 8:18:29 ET
Table 'Abetti' 6-max Seat #2 is the button
Seat 1: Daklien_Poke ($2.08 in chips) 
Seat 2: Akira515 ($1.59 in chips) 
Seat 3: Myatnyj_Zayats ($3.29 in chips) 
Seat 4: misterdenister ($2.68 in chips) 
Seat 5: baligo666 ($7.47 in chips) 
Seat 6: Lorpugo ($1.03 in chips) 
Myatnyj_Zayats: posts small blind $0.01
misterdenister: posts big blind $0.02
*** HOLE CARDS ***
Dealt to Lorpugo [6c 9c]
baligo666: folds 
Lorpugo: folds 
Daklien_Poke: folds 
Akira515: calls $0.02
Myatnyj_Zayats: folds 
misterdenister: checks 
*** FLOP *** [5s Kd 5d]
misterdenister: checks 
Akira515: checks 
*** TURN *** [5s Kd 5d] [Ad]
misterdenister: checks 
Akira515: bets $0.02
misterdenister: calls $0.02
*** RIVER *** [5s Kd 5d Ad] [9d]
misterdenister: checks 
Akira515: bets $0.06
misterdenister: folds 
Uncalled bet ($0.06) returned to Akira515
Akira515 collected $0.09 from pot
*** SUMMARY ***
Total pot $0.09 | Rake $0 
Board [5s Kd 5d Ad 9d]
Seat 1: Daklien_Poke folded before Flop (didn't bet)
Seat 2: Akira515 (button) collected ($0.09)
Seat 3: Myatnyj_Zayats (small blind) folded before Flop
Seat 4: misterdenister (big blind) folded on the River
Seat 5: baligo666 folded before Flop (didn't bet)
Seat 6: Lorpugo folded before Flop (didn't bet)



PokerStars Hand #241316489816:  Hold'em No Limit ($0.01/$0.02 USD) - 2023/01/22 8:19:08 ET
Table 'Abetti' 6-max Seat #3 is the button
Seat 1: Daklien_Poke ($2.08 in chips) 
Seat 2: Akira515 ($1.64 in chips) 
Seat 3: Myatnyj_Zayats ($3.28 in chips) 
Seat 4: misterdenister ($2.64 in chips) 
Seat 5: baligo666 ($7.47 in chips) 
Seat 6: Lorpugo ($1.83 in chips) 
misterdenister: posts small blind $0.01
baligo666: posts big blind $0.02
*** HOLE CARDS ***
Dealt to Lorpugo [6h 8s]
Lorpugo: folds 
Daklien_Poke: folds 
Akira515: folds 
Myatnyj_Zayats: folds 
misterdenister: calls $0.01
baligo666: checks 
*** FLOP *** [4c 3d 4d]
misterdenister: bets $0.03
baligo666: folds 
Uncalled bet ($0.03) returned to misterdenister
misterdenister collected $0.04 from pot
misterdenister: doesn't show hand 
*** SUMMARY ***
Total pot $0.04 | Rake $0 
Board [4c 3d 4d]
Seat 1: Daklien_Poke folded before Flop (didn't bet)
Seat 2: Akira515 folded before Flop (didn't bet)
Seat 3: Myatnyj_Zayats (button) folded before Flop (didn't bet)
Seat 4: misterdenister (small blind) collected ($0.04)
Seat 5: baligo666 (big blind) folded on the Flop
Seat 6: Lorpugo folded before Flop (didn't bet)



PokerStars Hand #241316494748:  Hold'em No Limit ($0.01/$0.02 USD) - 2023/01/22 8:19:28 ET
Table 'Abetti' 6-max Seat #4 is the button
Seat 1: Daklien_Poke ($2.08 in chips) 
Seat 2: Akira515 ($1.64 in chips) 
Seat 3: Myatnyj_Zayats ($3.28 in chips) 
Seat 4: misterdenister ($2.66 in chips) 
Seat 5: baligo666 ($7.45 in chips) 
Seat 6: Lorpugo ($1.83 in chips) 
baligo666: posts small blind $0.01
Lorpugo: posts big blind $0.02
*** HOLE CARDS ***
Dealt to Lorpugo [5d Ks]
Daklien_Poke: folds 
Akira515: calls $0.02
Myatnyj_Zayats: folds 
misterdenister: folds 
baligo666: folds 
Lorpugo: checks 
*** FLOP *** [2c 4s 2h]
Lorpugo: checks 
Akira515: checks 
*** TURN *** [2c 4s 2h] [5c]
Lorpugo: bets $0.03
Akira515: folds 
Uncalled bet ($0.03) returned to Lorpugo
Lorpugo collected $0.05 from pot
Lorpugo: doesn't show hand 
*** SUMMARY ***
Total pot $0.05 | Rake $0 
Board [2c 4s 2h 5c]
Seat 1: Daklien_Poke folded before Flop (didn't bet)
Seat 2: Akira515 folded on the Turn
Seat 3: Myatnyj_Zayats folded before Flop (didn't bet)
Seat 4: misterdenister (button) folded before Flop (didn't bet)
Seat 5: baligo666 (small blind) folded before Flop
Seat 6: Lorpugo (big blind) collected ($0.05)



PokerStars Hand #241316503966:  Hold'em No Limit ($0.01/$0.02 USD) - 2023/01/22 8:20:05 ET
Table 'Abetti' 6-max Seat #5 is the button
Seat 1: Daklien_Poke ($2.08 in chips) 
Seat 2: Akira515 ($1.62 in chips) 
Seat 3: Myatnyj_Zayats ($3.28 in chips) 
Seat 4: misterdenister ($2.66 in chips) 
Seat 5: baligo666 ($7.44 in chips) 
Seat 6: Lorpugo ($1.86 in chips) 
Lorpugo: posts small blind $0.01
Daklien_Poke: posts big blind $0.02
*** HOLE CARDS ***
Dealt to Lorpugo [2c 8s]
Akira515: calls $0.02
Myatnyj_Zayats: folds 
misterdenister: folds 
baligo666: calls $0.02
Lorpugo: folds 
Daklien_Poke: checks 
*** FLOP *** [Td 3h 5d]
Daklien_Poke: checks 
Akira515: checks 
baligo666: bets $0.07
Daklien_Poke: calls $0.07
Akira515: folds 
*** TURN *** [Td 3h 5d] [Ks]
Daklien_Poke: checks 
baligo666: bets $0.14
Daklien_Poke: calls $0.14
*** RIVER *** [Td 3h 5d Ks] [Kc]
Daklien_Poke: checks 
baligo666: checks 
*** SHOW DOWN ***
Daklien_Poke: shows [Tc 4h] (two pair, Kings and Tens)
baligo666: shows [3d 3s] (a full house, Threes full of Kings)
baligo666 collected $0.47 from pot
*** SUMMARY ***
Total pot $0.49 | Rake $0.02 
Board [Td 3h 5d Ks Kc]
Seat 1: Daklien_Poke (big blind) showed [Tc 4h] and lost with two pair, Kings and Tens
Seat 2: Akira515 folded on the Flop
Seat 3: Myatnyj_Zayats folded before Flop (didn't bet)
Seat 4: misterdenister folded before Flop (didn't bet)
Seat 5: baligo666 (button) showed [3d 3s] and won ($0.47) with a full house, Threes full of Kings
Seat 6: Lorpugo (small blind) folded before Flop



PokerStars Hand #241316519191:  Hold'em No Limit ($0.01/$0.02 USD) - 2023/01/22 8:21:05 ET
Table 'Abetti' 6-max Seat #6 is the button
Seat 1: Daklien_Poke ($1.85 in chips) 
Seat 2: Akira515 ($1.60 in chips) 
Seat 3: Myatnyj_Zayats ($3.28 in chips) 
Seat 4: misterdenister ($2.66 in chips) 
Seat 5: baligo666 ($7.68 in chips) 
Seat 6: Lorpugo ($1.85 in chips) 
Daklien_Poke: posts small blind $0.01
Akira515: posts big blind $0.02
*** HOLE CARDS ***
Dealt to Lorpugo [2c Js]
Myatnyj_Zayats: folds 
misterdenister: folds 
baligo666: folds 
Lorpugo: folds 
Daklien_Poke: folds 
Uncalled bet ($0.01) returned to Akira515
Akira515 collected $0.02 from pot
*** SUMMARY ***
Total pot $0.02 | Rake $0 
Seat 1: Daklien_Poke (small blind) folded before Flop
Seat 2: Akira515 (big blind) collected ($0.02)
Seat 3: Myatnyj_Zayats folded before Flop (didn't bet)
Seat 4: misterdenister folded before Flop (didn't bet)
Seat 5: baligo666 folded before Flop (didn't bet)
Seat 6: Lorpugo (button) folded before Flop (didn't bet)



PokerStars Hand #241316521996:  Hold'em No Limit ($0.01/$0.02 USD) - 2023/01/22 8:21:16 ET
Table 'Abetti' 6-max Seat #1 is the button
Seat 1: Daklien_Poke ($1.84 in chips) 
Seat 2: Akira515 ($1.61 in chips) 
Seat 3: Myatnyj_Zayats ($3.28 in chips) 
Seat 4: misterdenister ($2.66 in chips) 
Seat 5: baligo666 ($7.68 in chips) 
Seat 6: Lorpugo ($1.85 in chips) 
Akira515: posts small blind $0.01
Myatnyj_Zayats: posts big blind $0.02
*** HOLE CARDS ***
Dealt to Lorpugo [Qc Ks]
misterdenister: calls $0.02
baligo666: folds 
Lorpugo: raises $0.10 to $0.12
Daklien_Poke: folds 
Akira515: folds 
Myatnyj_Zayats: folds 
misterdenister: folds 
Uncalled bet ($0.10) returned to Lorpugo
Lorpugo collected $0.07 from pot
Lorpugo: doesn't show hand 
*** SUMMARY ***
Total pot $0.07 | Rake $0 
Seat 1: Daklien_Poke (button) folded before Flop (didn't bet)
Seat 2: Akira515 (small blind) folded before Flop
Seat 3: Myatnyj_Zayats (big blind) folded before Flop
Seat 4: misterdenister folded before Flop
Seat 5: baligo666 folded before Flop (didn't bet)
Seat 6: Lorpugo collected ($0.07)



PokerStars Hand #241316528066:  Hold'em No Limit ($0.01/$0.02 USD) - 2023/01/22 8:21:39 ET
Table 'Abetti' 6-max Seat #2 is the button
Seat 1: Daklien_Poke ($1.84 in chips) 
Seat 2: Akira515 ($1.60 in chips) 
Seat 3: Myatnyj_Zayats ($3.26 in chips) 
Seat 4: misterdenister ($2.64 in chips) 
Seat 5: baligo666 ($7.68 in chips) 
Seat 6: Lorpugo ($1.90 in chips) 
Myatnyj_Zayats: posts small blind $0.01
misterdenister: posts big blind $0.02
*** HOLE CARDS ***
Dealt to Lorpugo [Tc 9h]
baligo666: folds 
Lorpugo: raises $0.03 to $0.05
Daklien_Poke: folds 
Akira515: folds 
Myatnyj_Zayats: folds 
misterdenister: calls $0.03
*** FLOP *** [7c 4s 6s]
misterdenister: checks 
Lorpugo: checks 
*** TURN *** [7c 4s 6s] [2s]
misterdenister: bets $0.05
Lorpugo: calls $0.05
*** RIVER *** [7c 4s 6s 2s] [9d]
misterdenister: checks 
Lorpugo: bets $0.02
misterdenister: raises $0.06 to $0.08
Lorpugo: calls $0.06
*** SHOW DOWN ***
misterdenister: shows [5c 8c] (a straight, Five to Nine)
Lorpugo: mucks hand 
misterdenister collected $0.36 from pot
*** SUMMARY ***
Total pot $0.37 | Rake $0.01 
Board [7c 4s 6s 2s 9d]
Seat 1: Daklien_Poke folded before Flop (didn't bet)
Seat 2: Akira515 (button) folded before Flop (didn't bet)
Seat 3: Myatnyj_Zayats (small blind) folded before Flop
Seat 4: misterdenister (big blind) showed [5c 8c] and won ($0.36) with a straight, Five to Nine
Seat 5: baligo666 folded before Flop (didn't bet)
Seat 6: Lorpugo mucked [Tc 9h]



PokerStars Hand #241316542665:  Hold'em No Limit ($0.01/$0.02 USD) - 2023/01/22 8:22:37 ET
Table 'Abetti' 6-max Seat #3 is the button
Seat 1: Daklien_Poke ($1.84 in chips) 
Seat 2: Akira515 ($1.60 in chips) 
Seat 3: Myatnyj_Zayats ($3.25 in chips) 
Seat 4: misterdenister ($2.82 in chips) 
Seat 5: baligo666 ($7.68 in chips) 
Seat 6: Lorpugo ($1.72 in chips) 
misterdenister: posts small blind $0.01
baligo666: posts big blind $0.02
*** HOLE CARDS ***
Dealt to Lorpugo [5c 2c]
Lorpugo: folds 
Daklien_Poke: folds 
Akira515: calls $0.02
Myatnyj_Zayats: folds 
misterdenister: folds 
baligo666: checks 
*** FLOP *** [6s 9c 4s]
baligo666: checks 
Akira515: bets $0.04
baligo666: calls $0.04
*** TURN *** [6s 9c 4s] [7s]
baligo666: checks 
Akira515: bets $0.07
baligo666: calls $0.07
*** RIVER *** [6s 9c 4s 7s] [9h]
baligo666: checks 
Akira515: checks 
*** SHOW DOWN ***
baligo666: shows [Qs Jd] (a pair of Nines)
Akira515: shows [3d 4d] (two pair, Nines and Fours)
Akira515 collected $0.26 from pot
*** SUMMARY ***
Total pot $0.27 | Rake $0.01 
Board [6s 9c 4s 7s 9h]
Seat 1: Daklien_Poke folded before Flop (didn't bet)
Seat 2: Akira515 showed [3d 4d] and won ($0.26) with two pair, Nines and Fours
Seat 3: Myatnyj_Zayats (button) folded before Flop (didn't bet)
Seat 4: misterdenister (small blind) folded before Flop
Seat 5: baligo666 (big blind) showed [Qs Jd] and lost with a pair of Nines
Seat 6: Lorpugo folded before Flop (didn't bet)



PokerStars Hand #241316552606:  Hold'em No Limit ($0.01/$0.02 USD) - 2023/01/22 8:23:15 ET
Table 'Abetti' 6-max Seat #4 is the button
Seat 1: Daklien_Poke ($1.84 in chips) 
Seat 2: Akira515 ($1.73 in chips) 
Seat 3: Myatnyj_Zayats ($3.25 in chips) 
Seat 4: misterdenister ($2.81 in chips) 
Seat 5: baligo666 ($7.55 in chips) 
Seat 6: Lorpugo ($1.72 in chips) 
baligo666: posts small blind $0.01
Lorpugo: posts big blind $0.02
*** HOLE CARDS ***
Dealt to Lorpugo [Ad 4s]
Daklien_Poke: folds 
Akira515: calls $0.02
Myatnyj_Zayats: raises $0.06 to $0.08
misterdenister: folds 
baligo666: folds 
Lorpugo: folds 
Akira515: folds 
Uncalled bet ($0.06) returned to Myatnyj_Zayats
Myatnyj_Zayats collected $0.07 from pot
Myatnyj_Zayats: doesn't show hand 
*** SUMMARY ***
Total pot $0.07 | Rake $0 
Seat 1: Daklien_Poke folded before Flop (didn't bet)
Seat 2: Akira515 folded before Flop
Seat 3: Myatnyj_Zayats collected ($0.07)
Seat 4: misterdenister (button) folded before Flop (didn't bet)
Seat 5: baligo666 (small blind) folded before Flop
Seat 6: Lorpugo (big blind) folded before Flop



PokerStars Hand #241316557726:  Hold'em No Limit ($0.01/$0.02 USD) - 2023/01/22 8:23:35 ET
Table 'Abetti' 6-max Seat #5 is the button
Seat 1: Daklien_Poke ($1.84 in chips) 
Seat 2: Akira515 ($1.71 in chips) 
Seat 3: Myatnyj_Zayats ($3.30 in chips) 
Seat 4: misterdenister ($2.81 in chips) 
Seat 5: baligo666 ($7.54 in chips) 
Seat 6: Lorpugo ($1.70 in chips) 
Lorpugo: posts small blind $0.01
Daklien_Poke: posts big blind $0.02
*** HOLE CARDS ***
Dealt to Lorpugo [Jc 7c]
Akira515: raises $0.02 to $0.04
Myatnyj_Zayats: folds 
misterdenister: folds 
baligo666: folds 
Lorpugo: calls $0.03
Daklien_Poke: folds 
*** FLOP *** [Kd 5h 8s]
Lorpugo: checks 
Akira515: checks 
*** TURN *** [Kd 5h 8s] [6c]
Lorpugo: bets $0.07
Akira515: folds 
Uncalled bet ($0.07) returned to Lorpugo
Lorpugo collected $0.10 from pot
Lorpugo: doesn't show hand 
*** SUMMARY ***
Total pot $0.10 | Rake $0 
Board [Kd 5h 8s 6c]
Seat 1: Daklien_Poke (big blind) folded before Flop
Seat 2: Akira515 folded on the Turn
Seat 3: Myatnyj_Zayats folded before Flop (didn't bet)
Seat 4: misterdenister folded before Flop (didn't bet)
Seat 5: baligo666 (button) folded before Flop (didn't bet)
Seat 6: Lorpugo (small blind) collected ($0.10)



PokerStars Hand #241316568450:  Hold'em No Limit ($0.01/$0.02 USD) - 2023/01/22 8:24:16 ET
Table 'Abetti' 6-max Seat #6 is the button
Seat 1: Daklien_Poke ($1.82 in chips) 
Seat 2: Akira515 ($1.67 in chips) 
Seat 3: Myatnyj_Zayats ($3.30 in chips) 
Seat 4: misterdenister ($2.81 in chips) 
Seat 5: baligo666 ($7.54 in chips) 
Seat 6: Lorpugo ($1.76 in chips) 
Daklien_Poke: posts small blind $0.01
Akira515: posts big blind $0.02
*** HOLE CARDS ***
Dealt to Lorpugo [Ts 4d]
Myatnyj_Zayats: raises $0.04 to $0.06
misterdenister: folds 
baligo666: folds 
Lorpugo: folds 
Daklien_Poke: folds 
Akira515: calls $0.04
*** FLOP *** [Qs 7d 2c]
Akira515: checks 
Myatnyj_Zayats: bets $0.04
Akira515: calls $0.04
*** TURN *** [Qs 7d 2c] [6h]
Akira515: checks 
Myatnyj_Zayats: checks 
*** RIVER *** [Qs 7d 2c 6h] [Th]
Akira515: checks 
Myatnyj_Zayats: checks 
*** SHOW DOWN ***
Akira515: shows [3c 3d] (a pair of Threes)
Myatnyj_Zayats: mucks hand 
Akira515 collected $0.20 from pot
*** SUMMARY ***
Total pot $0.21 | Rake $0.01 
Board [Qs 7d 2c 6h Th]
Seat 1: Daklien_Poke (small blind) folded before Flop
Seat 2: Akira515 (big blind) showed [3c 3d] and won ($0.20) with a pair of Threes
Seat 3: Myatnyj_Zayats mucked [8s As]
Seat 4: misterdenister folded before Flop (didn't bet)
Seat 5: baligo666 folded before Flop (didn't bet)
Seat 6: Lorpugo (button) folded before Flop (didn't bet)



PokerStars Hand #241316578728:  Hold'em No Limit ($0.01/$0.02 USD) - 2023/01/22 8:24:55 ET
Table 'Abetti' 6-max Seat #1 is the button
Seat 1: Daklien_Poke ($1.81 in chips) 
Seat 2: Akira515 ($1.77 in chips) 
Seat 3: Myatnyj_Zayats ($3.20 in chips) 
Seat 4: misterdenister ($2.81 in chips) 
Seat 5: baligo666 ($7.54 in chips) 
Seat 6: Lorpugo ($1.76 in chips) 
Akira515: posts small blind $0.01
Myatnyj_Zayats: posts big blind $0.02
*** HOLE CARDS ***
Dealt to Lorpugo [Kh 5h]
misterdenister: folds 
baligo666: folds 
Lorpugo: raises $0.03 to $0.05
Daklien_Poke: calls $0.05
Akira515: folds 
Myatnyj_Zayats: folds 
*** FLOP *** [Qc 9s 6s]
Lorpugo: checks 
Daklien_Poke: checks 
*** TURN *** [Qc 9s 6s] [Ah]
Lorpugo: checks 
Daklien_Poke: bets $0.05
Lorpugo: folds 
Uncalled bet ($0.05) returned to Daklien_Poke
Daklien_Poke collected $0.13 from pot
Daklien_Poke: doesn't show hand 
*** SUMMARY ***
Total pot $0.13 | Rake $0 
Board [Qc 9s 6s Ah]
Seat 1: Daklien_Poke (button) collected ($0.13)
Seat 2: Akira515 (small blind) folded before Flop
Seat 3: Myatnyj_Zayats (big blind) folded before Flop
Seat 4: misterdenister folded before Flop (didn't bet)
Seat 5: baligo666 folded before Flop (didn't bet)
Seat 6: Lorpugo folded on the Turn



PokerStars Hand #241316585190:  Hold'em No Limit ($0.01/$0.02 USD) - 2023/01/22 8:25:20 ET
Table 'Abetti' 6-max Seat #2 is the button
Seat 1: Daklien_Poke ($1.89 in chips) 
Seat 2: Akira515 ($1.76 in chips) 
Seat 3: Myatnyj_Zayats ($3.18 in chips) 
Seat 4: misterdenister ($2.81 in chips) 
Seat 5: baligo666 ($7.54 in chips) 
Seat 6: Lorpugo ($1.71 in chips) 
Myatnyj_Zayats: posts small blind $0.01
misterdenister: posts big blind $0.02
*** HOLE CARDS ***
Dealt to Lorpugo [7s 5d]
baligo666: folds 
Lorpugo: folds 
Daklien_Poke: folds 
Akira515: folds 
Myatnyj_Zayats: folds 
Uncalled bet ($0.01) returned to misterdenister
misterdenister collected $0.02 from pot
misterdenister: doesn't show hand 
*** SUMMARY ***
Total pot $0.02 | Rake $0 
Seat 1: Daklien_Poke folded before Flop (didn't bet)
Seat 2: Akira515 (button) folded before Flop (didn't bet)
Seat 3: Myatnyj_Zayats (small blind) folded before Flop
Seat 4: misterdenister (big blind) collected ($0.02)
Seat 5: baligo666 folded before Flop (didn't bet)
Seat 6: Lorpugo folded before Flop (didn't bet)



PokerStars Hand #241316588575:  Hold'em No Limit ($0.01/$0.02 USD) - 2023/01/22 8:25:33 ET
Table 'Abetti' 6-max Seat #3 is the button
Seat 1: Daklien_Poke ($1.89 in chips) 
Seat 2: Akira515 ($1.76 in chips) 
Seat 3: Myatnyj_Zayats ($3.17 in chips) 
Seat 4: misterdenister ($2.82 in chips) 
Seat 5: baligo666 ($7.54 in chips) 
Seat 6: Lorpugo ($1.71 in chips) 
misterdenister: posts small blind $0.01
baligo666: posts big blind $0.02
*** HOLE CARDS ***
Dealt to Lorpugo [2h Td]
Lorpugo: folds 
Daklien_Poke: folds 
Akira515: folds 
Myatnyj_Zayats: raises $0.04 to $0.06
misterdenister: folds 
baligo666: folds 
Uncalled bet ($0.04) returned to Myatnyj_Zayats
Myatnyj_Zayats collected $0.05 from pot
Myatnyj_Zayats: doesn't show hand 
*** SUMMARY ***
Total pot $0.05 | Rake $0 
Seat 1: Daklien_Poke folded before Flop (didn't bet)
Seat 2: Akira515 folded before Flop (didn't bet)
Seat 3: Myatnyj_Zayats (button) collected ($0.05)
Seat 4: misterdenister (small blind) folded before Flop
Seat 5: baligo666 (big blind) folded before Flop
Seat 6: Lorpugo folded before Flop (didn't bet)



PokerStars Hand #241316591641:  Hold'em No Limit ($0.01/$0.02 USD) - 2023/01/22 8:25:45 ET
Table 'Abetti' 6-max Seat #4 is the button
Seat 1: Daklien_Poke ($1.89 in chips) 
Seat 2: Akira515 ($1.76 in chips) 
Seat 3: Myatnyj_Zayats ($3.20 in chips) 
Seat 4: misterdenister ($2.81 in chips) 
Seat 5: baligo666 ($7.52 in chips) 
Seat 6: Lorpugo ($1.71 in chips) 
baligo666: posts small blind $0.01
Lorpugo: posts big blind $0.02
*** HOLE CARDS ***
Dealt to Lorpugo [As Ts]
Daklien_Poke: folds 
Akira515: folds 
Myatnyj_Zayats: raises $0.04 to $0.06
misterdenister: calls $0.06
baligo666: folds 
Lorpugo: calls $0.04
*** FLOP *** [Td Kd Jh]
Lorpugo: checks 
Myatnyj_Zayats: bets $0.12
misterdenister: folds 
Lorpugo: folds 
Uncalled bet ($0.12) returned to Myatnyj_Zayats
Myatnyj_Zayats collected $0.18 from pot
Myatnyj_Zayats: doesn't show hand 
*** SUMMARY ***
Total pot $0.19 | Rake $0.01 
Board [Td Kd Jh]
Seat 1: Daklien_Poke folded before Flop (didn't bet)
Seat 2: Akira515 folded before Flop (didn't bet)
Seat 3: Myatnyj_Zayats collected ($0.18)
Seat 4: misterdenister (button) folded on the Flop
Seat 5: baligo666 (small blind) folded before Flop
Seat 6: Lorpugo (big blind) folded on the Flop



PokerStars Hand #241316601768:  Hold'em No Limit ($0.01/$0.02 USD) - 2023/01/22 8:26:24 ET
Table 'Abetti' 6-max Seat #5 is the button
Seat 1: Daklien_Poke ($1.89 in chips) 
Seat 2: Akira515 ($1.76 in chips) 
Seat 3: Myatnyj_Zayats ($3.32 in chips) 
Seat 4: misterdenister ($2.75 in chips) 
Seat 5: baligo666 ($7.51 in chips) 
Seat 6: Lorpugo ($1.65 in chips) 
Lorpugo: posts small blind $0.01
Daklien_Poke: posts big blind $0.02
*** HOLE CARDS ***
Dealt to Lorpugo [7d Jh]
Akira515: calls $0.02
Myatnyj_Zayats: folds 
misterdenister: folds 
baligo666: folds 
Lorpugo: folds 
Daklien_Poke: checks 
*** FLOP *** [7c 4c 5d]
Daklien_Poke: checks 
Akira515: checks 
*** TURN *** [7c 4c 5d] [3h]
Daklien_Poke: bets $0.04
Akira515: calls $0.04
*** RIVER *** [7c 4c 5d 3h] [6h]
Daklien_Poke: bets $0.13
Akira515: folds 
Uncalled bet ($0.13) returned to Daklien_Poke
Daklien_Poke collected $0.13 from pot
Daklien_Poke: doesn't show hand 
*** SUMMARY ***
Total pot $0.13 | Rake $0 
Board [7c 4c 5d 3h 6h]
Seat 1: Daklien_Poke (big blind) collected ($0.13)
Seat 2: Akira515 folded on the River
Seat 3: Myatnyj_Zayats folded before Flop (didn't bet)
Seat 4: misterdenister folded before Flop (didn't bet)
Seat 5: baligo666 (button) folded before Flop (didn't bet)
Seat 6: Lorpugo (small blind) folded before Flop



PokerStars Hand #241316614635:  Hold'em No Limit ($0.01/$0.02 USD) - 2023/01/22 8:27:14 ET
Table 'Abetti' 6-max Seat #6 is the button
Seat 1: Daklien_Poke ($1.96 in chips) 
Seat 2: Akira515 ($1.70 in chips) 
Seat 3: Myatnyj_Zayats ($3.32 in chips) 
Seat 4: misterdenister ($2.75 in chips) 
Seat 5: baligo666 ($7.51 in chips) 
Seat 6: Lorpugo ($1.64 in chips) 
Daklien_Poke: posts small blind $0.01
Akira515: posts big blind $0.02
*** HOLE CARDS ***
Dealt to Lorpugo [8h 9d]
Myatnyj_Zayats: folds 
misterdenister: calls $0.02
baligo666: raises $0.03 to $0.05
Lorpugo: folds 
Daklien_Poke: folds 
Akira515: folds 
misterdenister: calls $0.03
*** FLOP *** [2c 7h Td]
misterdenister: checks 
baligo666: checks 
*** TURN *** [2c 7h Td] [Qh]
misterdenister: checks 
baligo666: bets $0.09
misterdenister: folds 
Uncalled bet ($0.09) returned to baligo666
baligo666 collected $0.13 from pot
baligo666: doesn't show hand 
*** SUMMARY ***
Total pot $0.13 | Rake $0 
Board [2c 7h Td Qh]
Seat 1: Daklien_Poke (small blind) folded before Flop
Seat 2: Akira515 (big blind) folded before Flop
Seat 3: Myatnyj_Zayats folded before Flop (didn't bet)
Seat 4: misterdenister folded on the Turn
Seat 5: baligo666 collected ($0.13)
Seat 6: Lorpugo (button) folded before Flop (didn't bet)



PokerStars Hand #241316624836:  Hold'em No Limit ($0.01/$0.02 USD) - 2023/01/22 8:27:54 ET
Table 'Abetti' 6-max Seat #1 is the button
Seat 1: Daklien_Poke ($1.95 in chips) 
Seat 2: Akira515 ($1.68 in chips) 
Seat 3: Myatnyj_Zayats ($3.32 in chips) 
Seat 4: misterdenister ($2.70 in chips) 
Seat 5: baligo666 ($7.59 in chips) 
Seat 6: Lorpugo ($1.64 in chips) 
Akira515: posts small blind $0.01
Myatnyj_Zayats: posts big blind $0.02
*** HOLE CARDS ***
Dealt to Lorpugo [Ks Ah]
misterdenister: calls $0.02
baligo666: folds 
Lorpugo has timed out
Lorpugo: folds 
Daklien_Poke: folds 
Akira515: calls $0.01
Myatnyj_Zayats: checks 
*** FLOP *** [Qd Qh Tc]
Akira515: checks 
Myatnyj_Zayats: checks 
misterdenister: checks 
*** TURN *** [Qd Qh Tc] [3h]
Akira515: checks 
Myatnyj_Zayats: checks 
misterdenister: checks 
*** RIVER *** [Qd Qh Tc 3h] [Qs]
Akira515: checks 
Myatnyj_Zayats: checks 
misterdenister: checks 
*** SHOW DOWN ***
Akira515: shows [4h 5s] (three of a kind, Queens)
Myatnyj_Zayats: shows [6d 2d] (three of a kind, Queens - Ten+Six kicker)
misterdenister: shows [Ad 8s] (three of a kind, Queens - Ace kicker)
misterdenister collected $0.06 from pot
*** SUMMARY ***
Total pot $0.06 | Rake $0 
Board [Qd Qh Tc 3h Qs]
Seat 1: Daklien_Poke (button) folded before Flop (didn't bet)
Seat 2: Akira515 (small blind) showed [4h 5s] and lost with three of a kind, Queens
Seat 3: Myatnyj_Zayats (big blind) showed [6d 2d] and lost with three of a kind, Queens
Seat 4: misterdenister showed [Ad 8s] and won ($0.06) with three of a kind, Queens
Seat 5: baligo666 folded before Flop (didn't bet)
Seat 6: Lorpugo folded before Flop (didn't bet)



PokerStars Hand #241316634528:  Hold'em No Limit ($0.01/$0.02 USD) - 2023/01/22 8:28:32 ET
Table 'Abetti' 6-max Seat #2 is the button
Seat 1: Daklien_Poke ($1.95 in chips) 
Seat 2: Akira515 ($1.66 in chips) 
Seat 3: Myatnyj_Zayats ($3.30 in chips) 
Seat 4: misterdenister ($2.74 in chips) 
Seat 5: baligo666 ($7.59 in chips) 
Seat 6: Lorpugo ($1.64 in chips) 
Myatnyj_Zayats: posts small blind $0.01
misterdenister: posts big blind $0.02
*** HOLE CARDS ***
Dealt to Lorpugo [Jc 5s]
baligo666: folds 
Lorpugo: folds 
Daklien_Poke: folds 
Akira515: raises $0.02 to $0.04
Myatnyj_Zayats: raises $0.16 to $0.20
misterdenister: calls $0.18
Akira515: calls $0.16
*** FLOP *** [2d 7c Td]
Myatnyj_Zayats: checks 
misterdenister: checks 
Akira515: bets $1.46 and is all-in
Myatnyj_Zayats: folds 
misterdenister: folds 
Uncalled bet ($1.46) returned to Akira515
Akira515 collected $0.58 from pot
*** SUMMARY ***
Total pot $0.60 | Rake $0.02 
Board [2d 7c Td]
Seat 1: Daklien_Poke folded before Flop (didn't bet)
Seat 2: Akira515 (button) collected ($0.58)
Seat 3: Myatnyj_Zayats (small blind) folded on the Flop
Seat 4: misterdenister (big blind) folded on the Flop
Seat 5: baligo666 folded before Flop (didn't bet)
Seat 6: Lorpugo folded before Flop (didn't bet)



PokerStars Hand #241316647603:  Hold'em No Limit ($0.01/$0.02 USD) - 2023/01/22 8:29:23 ET
Table 'Abetti' 6-max Seat #3 is the button
Seat 1: Daklien_Poke ($1.95 in chips) 
Seat 2: Akira515 ($2.04 in chips) 
Seat 3: Myatnyj_Zayats ($3.10 in chips) 
Seat 4: misterdenister ($2.54 in chips) 
Seat 5: baligo666 ($7.59 in chips) 
Seat 6: Lorpugo ($1.64 in chips) 
misterdenister: posts small blind $0.01
baligo666: posts big blind $0.02
*** HOLE CARDS ***
Dealt to Lorpugo [Ah 7d]
Lorpugo: folds 
Daklien_Poke: raises $0.03 to $0.05
Akira515: folds 
Myatnyj_Zayats: folds 
misterdenister: calls $0.04
baligo666: calls $0.03
*** FLOP *** [2s 7c Ts]
misterdenister: checks 
baligo666: bets $0.07
Daklien_Poke: folds 
misterdenister: folds 
Uncalled bet ($0.07) returned to baligo666
baligo666 collected $0.14 from pot
baligo666: doesn't show hand 
*** SUMMARY ***
Total pot $0.15 | Rake $0.01 
Board [2s 7c Ts]
Seat 1: Daklien_Poke folded on the Flop
Seat 2: Akira515 folded before Flop (didn't bet)
Seat 3: Myatnyj_Zayats (button) folded before Flop (didn't bet)
Seat 4: misterdenister (small blind) folded on the Flop
Seat 5: baligo666 (big blind) collected ($0.14)
Seat 6: Lorpugo folded before Flop (didn't bet)



PokerStars Hand #241316655183:  Hold'em No Limit ($0.01/$0.02 USD) - 2023/01/22 8:29:53 ET
Table 'Abetti' 6-max Seat #4 is the button
Seat 1: Daklien_Poke ($1.90 in chips) 
Seat 2: Akira515 ($2.04 in chips) 
Seat 3: Myatnyj_Zayats ($3.10 in chips) 
Seat 4: misterdenister ($2.49 in chips) 
Seat 5: baligo666 ($7.68 in chips) 
Seat 6: Lorpugo ($1.64 in chips) 
baligo666: posts small blind $0.01
Lorpugo: posts big blind $0.02
*** HOLE CARDS ***
Dealt to Lorpugo [6d 9c]
Daklien_Poke: folds 
Akira515: folds 
Myatnyj_Zayats: folds 
misterdenister: raises $0.02 to $0.04
baligo666: folds 
Lorpugo: folds 
Uncalled bet ($0.02) returned to misterdenister
misterdenister collected $0.05 from pot
misterdenister: doesn't show hand 
*** SUMMARY ***
Total pot $0.05 | Rake $0 
Seat 1: Daklien_Poke folded before Flop (didn't bet)
Seat 2: Akira515 folded before Flop (didn't bet)
Seat 3: Myatnyj_Zayats folded before Flop (didn't bet)
Seat 4: misterdenister (button) collected ($0.05)
Seat 5: baligo666 (small blind) folded before Flop
Seat 6: Lorpugo (big blind) folded before Flop



PokerStars Hand #241316658267:  Hold'em No Limit ($0.01/$0.02 USD) - 2023/01/22 8:30:05 ET
Table 'Abetti' 6-max Seat #5 is the button
Seat 1: Daklien_Poke ($1.90 in chips) 
Seat 2: Akira515 ($2.04 in chips) 
Seat 3: Myatnyj_Zayats ($3.10 in chips) 
Seat 4: misterdenister ($2.52 in chips) 
Seat 5: baligo666 ($7.67 in chips) 
Seat 6: Lorpugo ($1.62 in chips) 
Lorpugo: posts small blind $0.01
Daklien_Poke: posts big blind $0.02
*** HOLE CARDS ***
Dealt to Lorpugo [5s Qh]
Akira515: folds 
Myatnyj_Zayats: raises $0.03 to $0.05
misterdenister: calls $0.05
baligo666: raises $0.20 to $0.25
Lorpugo: folds 
Daklien_Poke: folds 
Myatnyj_Zayats: folds 
misterdenister: folds 
Uncalled bet ($0.20) returned to baligo666
Myatnyj_Zayats leaves the table
baligo666 collected $0.18 from pot
baligo666: doesn't show hand 
*** SUMMARY ***
Total pot $0.18 | Rake $0 
Seat 1: Daklien_Poke (big blind) folded before Flop
Seat 2: Akira515 folded before Flop (didn't bet)
Seat 3: Myatnyj_Zayats folded before Flop
Seat 4: misterdenister folded before Flop
Seat 5: baligo666 (button) collected ($0.18)
Seat 6: Lorpugo (small blind) folded before Flop



PokerStars Hand #241316663808:  Hold'em No Limit ($0.01/$0.02 USD) - 2023/01/22 8:30:26 ET
Table 'Abetti' 6-max Seat #6 is the button
Seat 1: Daklien_Poke ($1.88 in chips) 
Seat 4: misterdenister ($2.47 in chips) 
Seat 5: baligo666 ($7.80 in chips) 
Seat 6: Lorpugo ($1.61 in chips) 
Daklien_Poke: posts small blind $0.01
misterdenister: posts big blind $0.02
*** HOLE CARDS ***
Dealt to Lorpugo [6d 7c]
baligo666: raises $0.02 to $0.04
Lorpugo: folds 
Daklien_Poke: folds 
Akira515 leaves the table
misterdenister: folds 
Uncalled bet ($0.02) returned to baligo666
baligo666 collected $0.05 from pot
baligo666: doesn't show hand 
*** SUMMARY ***
Total pot $0.05 | Rake $0 
Seat 1: Daklien_Poke (small blind) folded before Flop
Seat 4: misterdenister (big blind) folded before Flop
Seat 5: baligo666 collected ($0.05)
Seat 6: Lorpugo (button) folded before Flop (didn't bet)



PokerStars Hand #241316666393:  Hold'em No Limit ($0.01/$0.02 USD) - 2023/01/22 8:30:36 ET
Table 'Abetti' 6-max Seat #1 is the button
Seat 1: Daklien_Poke ($1.87 in chips) 
Seat 4: misterdenister ($2.45 in chips) 
Seat 5: baligo666 ($7.83 in chips) 
Seat 6: Lorpugo ($1.61 in chips) 
misterdenister: posts small blind $0.01
baligo666: posts big blind $0.02
*** HOLE CARDS ***
Dealt to Lorpugo [Qh 6d]
Lorpugo: folds 
Daklien_Poke: folds 
misterdenister: folds 
Uncalled bet ($0.01) returned to baligo666
baligo666 collected $0.02 from pot
baligo666: doesn't show hand 
*** SUMMARY ***
Total pot $0.02 | Rake $0 
Seat 1: Daklien_Poke (button) folded before Flop (didn't bet)
Seat 4: misterdenister (small blind) folded before Flop
Seat 5: baligo666 (big blind) collected ($0.02)
Seat 6: Lorpugo folded before Flop (didn't bet)



PokerStars Hand #241316668655:  Hold'em No Limit ($0.01/$0.02 USD) - 2023/01/22 8:30:44 ET
Table 'Abetti' 6-max Seat #4 is the button
Seat 1: Daklien_Poke ($1.87 in chips) 
Seat 4: misterdenister ($2.44 in chips) 
Seat 5: baligo666 ($7.84 in chips) 
Seat 6: Lorpugo ($1.61 in chips) 
baligo666: posts small blind $0.01
Lorpugo: posts big blind $0.02
*** HOLE CARDS ***
Dealt to Lorpugo [7h 2s]
Daklien_Poke: folds 
misterdenister: raises $0.02 to $0.04
baligo666: folds 
Lorpugo: folds 
Uncalled bet ($0.02) returned to misterdenister
misterdenister collected $0.05 from pot
misterdenister: doesn't show hand 
*** SUMMARY ***
Total pot $0.05 | Rake $0 
Seat 1: Daklien_Poke folded before Flop (didn't bet)
Seat 4: misterdenister (button) collected ($0.05)
Seat 5: baligo666 (small blind) folded before Flop
Seat 6: Lorpugo (big blind) folded before Flop



PokerStars Hand #241316670681:  Hold'em No Limit ($0.01/$0.02 USD) - 2023/01/22 8:30:52 ET
Table 'Abetti' 6-max Seat #5 is the button
Seat 1: Daklien_Poke ($1.87 in chips) 
Seat 4: misterdenister ($2.47 in chips) 
Seat 5: baligo666 ($7.83 in chips) 
Seat 6: Lorpugo ($1.59 in chips) 
Lorpugo: posts small blind $0.01
Daklien_Poke: posts big blind $0.02
*** HOLE CARDS ***
Dealt to Lorpugo [Qs Qd]
misterdenister: folds 
baligo666: raises $0.04 to $0.06
Lorpugo: raises $0.14 to $0.20
Daklien_Poke: folds 
baligo666: calls $0.14
*** FLOP *** [9s Ah 3h]
Lorpugo: checks 
baligo666: bets $0.21
Lorpugo: calls $0.21
*** TURN *** [9s Ah 3h] [5d]
Lorpugo: checks 
baligo666: checks 
*** RIVER *** [9s Ah 3h 5d] [6d]
Lorpugo: checks 
baligo666: bets $0.41
Lorpugo: calls $0.41
*** SHOW DOWN ***
baligo666: shows [As Qc] (a pair of Aces)
Lorpugo: mucks hand 
baligo666 collected $1.60 from pot
*** SUMMARY ***
Total pot $1.66 | Rake $0.06 
Board [9s Ah 3h 5d 6d]
Seat 1: Daklien_Poke (big blind) folded before Flop
Seat 4: misterdenister folded before Flop (didn't bet)
Seat 5: baligo666 (button) showed [As Qc] and won ($1.60) with a pair of Aces
Seat 6: Lorpugo (small blind) mucked [Qs Qd]



PokerStars Hand #241316678414:  Hold'em No Limit ($0.01/$0.02 USD) - 2023/01/22 8:31:21 ET
Table 'Abetti' 6-max Seat #6 is the button
Seat 1: Daklien_Poke ($1.85 in chips) 
Seat 4: misterdenister ($2.47 in chips) 
Seat 6: Lorpugo ($0.77 in chips) 
Daklien_Poke: posts small blind $0.01
misterdenister: posts big blind $0.02
*** HOLE CARDS ***
Dealt to Lorpugo [8s Kd]
Lorpugo: raises $0.03 to $0.05
Daklien_Poke: folds 
misterdenister: raises $0.12 to $0.17
baligo666 leaves the table
Lorpugo: folds 
Uncalled bet ($0.12) returned to misterdenister
misterdenister collected $0.11 from pot
misterdenister: doesn't show hand 
*** SUMMARY ***
Total pot $0.11 | Rake $0 
Seat 1: Daklien_Poke (small blind) folded before Flop
Seat 4: misterdenister (big blind) collected ($0.11)
Seat 6: Lorpugo (button) folded before Flop



PokerStars Hand #241316683036:  Hold'em No Limit ($0.01/$0.02 USD) - 2023/01/22 8:31:39 ET
Table 'Abetti' 6-max Seat #1 is the button
Seat 1: Daklien_Poke ($1.84 in chips) 
Seat 4: misterdenister ($2.53 in chips) 
Seat 6: Lorpugo ($1.52 in chips) 
misterdenister: posts small blind $0.01
Lorpugo: posts big blind $0.02
*** HOLE CARDS ***
Dealt to Lorpugo [5s 5h]
Daklien_Poke: folds 
misterdenister: raises $0.03 to $0.05
Lorpugo: calls $0.03
*** FLOP *** [Th Kd Jd]
misterdenister: checks 
Lorpugo: checks 
*** TURN *** [Th Kd Jd] [6h]
misterdenister: checks 
Lorpugo: checks 
*** RIVER *** [Th Kd Jd 6h] [4c]
misterdenister: checks 
Lorpugo: checks 
*** SHOW DOWN ***
misterdenister: shows [7c 7s] (a pair of Sevens)
Lorpugo: mucks hand 
misterdenister collected $0.10 from pot
*** SUMMARY ***
Total pot $0.10 | Rake $0 
Board [Th Kd Jd 6h 4c]
Seat 1: Daklien_Poke (button) folded before Flop (didn't bet)
Seat 4: misterdenister (small blind) showed [7c 7s] and won ($0.10) with a pair of Sevens
Seat 6: Lorpugo (big blind) mucked [5s 5h]



PokerStars Hand #241316691603:  Hold'em No Limit ($0.01/$0.02 USD) - 2023/01/22 8:32:11 ET
Table 'Abetti' 6-max Seat #4 is the button
Seat 1: Daklien_Poke ($1.84 in chips) 
Seat 4: misterdenister ($2.58 in chips) 
Seat 6: Lorpugo ($1.47 in chips) 
Lorpugo: posts small blind $0.01
Daklien_Poke: posts big blind $0.02
*** HOLE CARDS ***
Dealt to Lorpugo [7c 5h]
misterdenister: folds 
Lorpugo: raises $0.03 to $0.05
Daklien_Poke: folds 
Uncalled bet ($0.03) returned to Lorpugo
Lorpugo collected $0.04 from pot
Lorpugo: doesn't show hand 
*** SUMMARY ***
Total pot $0.04 | Rake $0 
Seat 1: Daklien_Poke (big blind) folded before Flop
Seat 4: misterdenister (button) folded before Flop (didn't bet)
Seat 6: Lorpugo (small blind) collected ($0.04)



PokerStars Hand #241316694269:  Hold'em No Limit ($0.01/$0.02 USD) - 2023/01/22 8:32:21 ET
Table 'Abetti' 6-max Seat #6 is the button
Seat 1: Daklien_Poke ($1.82 in chips) 
Seat 4: misterdenister ($2.58 in chips) 
Seat 6: Lorpugo ($1.49 in chips) 
Daklien_Poke: posts small blind $0.01
misterdenister: posts big blind $0.02
*** HOLE CARDS ***
Dealt to Lorpugo [5c Ts]
Lorpugo: folds 
Daklien_Poke: calls $0.01
misterdenister: raises $0.03 to $0.05
Daklien_Poke: calls $0.03
*** FLOP *** [Ah Js Ad]
Daklien_Poke: checks 
misterdenister: checks 
*** TURN *** [Ah Js Ad] [As]
Daklien_Poke: bets $0.03
misterdenister: calls $0.03
*** RIVER *** [Ah Js Ad As] [9d]
Daklien_Poke: bets $0.08
misterdenister: folds 
Uncalled bet ($0.08) returned to Daklien_Poke
Daklien_Poke collected $0.15 from pot
Daklien_Poke: doesn't show hand 
*** SUMMARY ***
Total pot $0.16 | Rake $0.01 
Board [Ah Js Ad As 9d]
Seat 1: Daklien_Poke (small blind) collected ($0.15)
Seat 4: misterdenister (big blind) folded on the River
Seat 6: Lorpugo (button) folded before Flop (didn't bet)



PokerStars Hand #241316705319:  Hold'em No Limit ($0.01/$0.02 USD) - 2023/01/22 8:33:04 ET
Table 'Abetti' 6-max Seat #1 is the button
Seat 1: Daklien_Poke ($1.89 in chips) 
Seat 4: misterdenister ($2.50 in chips) 
Seat 6: Lorpugo ($1.49 in chips) 
misterdenister: posts small blind $0.01
Lorpugo: posts big blind $0.02
*** HOLE CARDS ***
Dealt to Lorpugo [3c 3d]
Daklien_Poke: folds 
misterdenister: folds 
Uncalled bet ($0.01) returned to Lorpugo
Lorpugo collected $0.02 from pot
Lorpugo: doesn't show hand 
*** SUMMARY ***
Total pot $0.02 | Rake $0 
Seat 1: Daklien_Poke (button) folded before Flop (didn't bet)
Seat 4: misterdenister (small blind) folded before Flop
Seat 6: Lorpugo (big blind) collected ($0.02)



PokerStars Hand #241316706698:  Hold'em No Limit ($0.01/$0.02 USD) - 2023/01/22 8:33:09 ET
Table 'Abetti' 6-max Seat #4 is the button
Seat 1: Daklien_Poke ($1.89 in chips) 
Seat 4: misterdenister ($2.49 in chips) 
Seat 6: Lorpugo ($1.50 in chips) 
Lorpugo: posts small blind $0.01
Daklien_Poke: posts big blind $0.02
*** HOLE CARDS ***
Dealt to Lorpugo [Kh 8s]
misterdenister: folds 
Lorpugo: raises $0.03 to $0.05
Daklien_Poke: folds 
Uncalled bet ($0.03) returned to Lorpugo
Lorpugo collected $0.04 from pot
Lorpugo: doesn't show hand 
*** SUMMARY ***
Total pot $0.04 | Rake $0 
Seat 1: Daklien_Poke (big blind) folded before Flop
Seat 4: misterdenister (button) folded before Flop (didn't bet)
Seat 6: Lorpugo (small blind) collected ($0.04)



PokerStars Hand #241316708116:  Hold'em No Limit ($0.01/$0.02 USD) - 2023/01/22 8:33:14 ET
Table 'Abetti' 6-max Seat #6 is the button
Seat 1: Daklien_Poke ($1.87 in chips) 
Seat 4: misterdenister ($2.49 in chips) 
Seat 6: Lorpugo ($1.52 in chips) 
Daklien_Poke: posts small blind $0.01
misterdenister: posts big blind $0.02
*** HOLE CARDS ***
Dealt to Lorpugo [7d Qd]
Lorpugo: raises $0.03 to $0.05
Daklien_Poke: folds 
misterdenister: calls $0.03
*** FLOP *** [5d 3c 3d]
misterdenister: checks 
Zaqaa joins the table at seat #2 
Lorpugo: bets $0.07
misterdenister: folds 
Uncalled bet ($0.07) returned to Lorpugo
Lorpugo collected $0.11 from pot
Lorpugo: doesn't show hand 
*** SUMMARY ***
Total pot $0.11 | Rake $0 
Board [5d 3c 3d]
Seat 1: Daklien_Poke (small blind) folded before Flop
Seat 4: misterdenister (big blind) folded on the Flop
Seat 6: Lorpugo (button) collected ($0.11)



PokerStars Hand #241316711918:  Hold'em No Limit ($0.01/$0.02 USD) - 2023/01/22 8:33:29 ET
Table 'Abetti' 6-max Seat #1 is the button
Seat 1: Daklien_Poke ($1.86 in chips) 
Seat 4: misterdenister ($2.44 in chips) 
Seat 6: Lorpugo ($1.58 in chips) 
misterdenister: posts small blind $0.01
Lorpugo: posts big blind $0.02
*** HOLE CARDS ***
Dealt to Lorpugo [Kd 2s]
Daklien_Poke: raises $0.03 to $0.05
misterdenister: calls $0.04
Lorpugo: folds 
*** FLOP *** [8s Js 8c]
misterdenister: checks 
Daklien_Poke: bets $0.06
misterdenister: folds 
Uncalled bet ($0.06) returned to Daklien_Poke
Daklien_Poke collected $0.12 from pot
Daklien_Poke: doesn't show hand 
*** SUMMARY ***
Total pot $0.12 | Rake $0 
Board [8s Js 8c]
Seat 1: Daklien_Poke (button) collected ($0.12)
Seat 4: misterdenister (small blind) folded on the Flop
Seat 6: Lorpugo (big blind) folded before Flop



PokerStars Hand #241316715135:  Hold'em No Limit ($0.01/$0.02 USD) - 2023/01/22 8:33:41 ET
Table 'Abetti' 6-max Seat #4 is the button
Seat 1: Daklien_Poke ($1.93 in chips) 
Seat 4: misterdenister ($2.39 in chips) 
Seat 6: Lorpugo ($1.56 in chips) 
Lorpugo: posts small blind $0.01
Daklien_Poke: posts big blind $0.02
*** HOLE CARDS ***
Dealt to Lorpugo [2s Jc]
misterdenister: raises $0.02 to $0.04
Lorpugo: folds 
Daklien_Poke: folds 
Uncalled bet ($0.02) returned to misterdenister
misterdenister collected $0.05 from pot
misterdenister: doesn't show hand 
*** SUMMARY ***
Total pot $0.05 | Rake $0 
Seat 1: Daklien_Poke (big blind) folded before Flop
Seat 4: misterdenister (button) collected ($0.05)
Seat 6: Lorpugo (small blind) folded before Flop



PokerStars Hand #241316716733:  Hold'em No Limit ($0.01/$0.02 USD) - 2023/01/22 8:33:47 ET
Table 'Abetti' 6-max Seat #6 is the button
Seat 1: Daklien_Poke ($1.91 in chips) 
Seat 2: Zaqaa ($2 in chips) 
Seat 4: misterdenister ($2.42 in chips) 
Seat 6: Lorpugo ($1.55 in chips) 
Daklien_Poke: posts small blind $0.01
Zaqaa: posts big blind $0.02
*** HOLE CARDS ***
Dealt to Lorpugo [Kd 6d]
misterdenister: calls $0.02
Lorpugo: calls $0.02
Daklien_Poke: folds 
Zaqaa: checks 
*** FLOP *** [4d 2h 6s]
Zaqaa: checks 
misterdenister: checks 
Lorpugo: bets $0.05
Zaqaa: raises $0.10 to $0.15
misterdenister: folds 
Lorpugo: calls $0.10
*** TURN *** [4d 2h 6s] [5c]
Zaqaa: checks 
Lorpugo: checks 
*** RIVER *** [4d 2h 6s 5c] [Qs]
Zaqaa: bets $0.07
Lorpugo: calls $0.07
*** SHOW DOWN ***
Zaqaa: shows [5d Qh] (two pair, Queens and Fives)
Lorpugo: mucks hand 
Zaqaa collected $0.49 from pot
*** SUMMARY ***
Total pot $0.51 | Rake $0.02 
Board [4d 2h 6s 5c Qs]
Seat 1: Daklien_Poke (small blind) folded before Flop
Seat 2: Zaqaa (big blind) showed [5d Qh] and won ($0.49) with two pair, Queens and Fives
Seat 4: misterdenister folded on the Flop
Seat 6: Lorpugo (button) mucked [Kd 6d]



PokerStars Hand #241316728218:  Hold'em No Limit ($0.01/$0.02 USD) - 2023/01/22 8:34:30 ET
Table 'Abetti' 6-max Seat #1 is the button
Seat 1: Daklien_Poke ($1.90 in chips) 
Seat 2: Zaqaa ($2.25 in chips) 
Seat 4: misterdenister ($2.40 in chips) 
Seat 6: Lorpugo ($1.31 in chips) 
Zaqaa: posts small blind $0.01
misterdenister: posts big blind $0.02
*** HOLE CARDS ***
Dealt to Lorpugo [Ac Ah]
Lorpugo: raises $0.03 to $0.05
Daklien_Poke: folds 
Zaqaa: calls $0.04
misterdenister: folds 
*** FLOP *** [Js 6h 8d]
Zaqaa: checks 
Lorpugo: bets $0.06
Zaqaa: calls $0.06
*** TURN *** [Js 6h 8d] [3c]
Zaqaa: checks 
Lorpugo: bets $0.15
Zaqaa: calls $0.15
*** RIVER *** [Js 6h 8d 3c] [Qd]
Zaqaa: checks 
Lorpugo: bets $1.05 and is all-in
Zaqaa: folds 
Uncalled bet ($1.05) returned to Lorpugo
Lorpugo collected $0.52 from pot
Lorpugo: doesn't show hand 
*** SUMMARY ***
Total pot $0.54 | Rake $0.02 
Board [Js 6h 8d 3c Qd]
Seat 1: Daklien_Poke (button) folded before Flop (didn't bet)
Seat 2: Zaqaa (small blind) folded on the River
Seat 4: misterdenister (big blind) folded before Flop
Seat 6: Lorpugo collected ($0.52)



PokerStars Hand #241316740537:  Hold'em No Limit ($0.01/$0.02 USD) - 2023/01/22 8:35:17 ET
Table 'Abetti' 6-max Seat #2 is the button
Seat 1: Daklien_Poke ($1.90 in chips) 
Seat 2: Zaqaa ($2 in chips) 
Seat 4: misterdenister ($2.38 in chips) 
Seat 6: Lorpugo ($1.57 in chips) 
misterdenister: posts small blind $0.01
Lorpugo: posts big blind $0.02
*** HOLE CARDS ***
Dealt to Lorpugo [6s 6h]
Daklien_Poke: folds 
Zaqaa: raises $0.06 to $0.08
misterdenister: folds 
Lorpugo: calls $0.06
*** FLOP *** [6c 5h 5c]
Lorpugo: checks 
Zaqaa: checks 
*** TURN *** [6c 5h 5c] [8s]
Lorpugo: bets $0.04
Zaqaa: calls $0.04
*** RIVER *** [6c 5h 5c 8s] [9h]
Lorpugo: bets $0.08
Zaqaa: calls $0.08
*** SHOW DOWN ***
Lorpugo: shows [6s 6h] (a full house, Sixes full of Fives)
Zaqaa: mucks hand 
Lorpugo collected $0.40 from pot
*** SUMMARY ***
Total pot $0.41 | Rake $0.01 
Board [6c 5h 5c 8s 9h]
Seat 1: Daklien_Poke folded before Flop (didn't bet)
Seat 2: Zaqaa (button) mucked [Td Ad]
Seat 4: misterdenister (small blind) folded before Flop
Seat 6: Lorpugo (big blind) showed [6s 6h] and won ($0.40) with a full house, Sixes full of Fives



PokerStars Hand #241316749152:  Hold'em No Limit ($0.01/$0.02 USD) - 2023/01/22 8:35:49 ET
Table 'Abetti' 6-max Seat #4 is the button
Seat 1: Daklien_Poke ($1.90 in chips) 
Seat 2: Zaqaa ($2 in chips) 
Seat 4: misterdenister ($2.37 in chips) 
Seat 6: Lorpugo ($1.77 in chips) 
Lorpugo: posts small blind $0.01
Daklien_Poke: posts big blind $0.02
*** HOLE CARDS ***
Dealt to Lorpugo [2h 4c]
superRODRI joins the table at seat #3 
Zaqaa: folds 
misterdenister: folds 
Lorpugo: folds 
Uncalled bet ($0.01) returned to Daklien_Poke
Daklien_Poke collected $0.02 from pot
Daklien_Poke: doesn't show hand 
*** SUMMARY ***
Total pot $0.02 | Rake $0 
Seat 1: Daklien_Poke (big blind) collected ($0.02)
Seat 2: Zaqaa folded before Flop (didn't bet)
Seat 4: misterdenister (button) folded before Flop (didn't bet)
Seat 6: Lorpugo (small blind) folded before Flop



PokerStars Hand #241316750709:  Hold'em No Limit ($0.01/$0.02 USD) - 2023/01/22 8:35:55 ET
Table 'Abetti' 6-max Seat #6 is the button
Seat 1: Daklien_Poke ($1.91 in chips) 
Seat 2: Zaqaa ($2 in chips) 
Seat 4: misterdenister ($2.37 in chips) 
Seat 6: Lorpugo ($1.76 in chips) 
Daklien_Poke: posts small blind $0.01
Zaqaa: posts big blind $0.02
superRODRI is connected 
*** HOLE CARDS ***
Dealt to Lorpugo [6d 2s]
misterdenister: folds 
Lorpugo: folds 
Daklien_Poke: calls $0.01
Zaqaa: checks 
*** FLOP *** [Qd 5s Tc]
Daklien_Poke: bets $0.02
Zaqaa: calls $0.02
*** TURN *** [Qd 5s Tc] [9s]
Daklien_Poke: bets $0.05
Zaqaa: calls $0.05
*** RIVER *** [Qd 5s Tc 9s] [2c]
Daklien_Poke: bets $0.13
Zaqaa: calls $0.13
*** SHOW DOWN ***
Daklien_Poke: shows [9d Td] (two pair, Tens and Nines)
Zaqaa: mucks hand 
Daklien_Poke collected $0.42 from pot
*** SUMMARY ***
Total pot $0.44 | Rake $0.02 
Board [Qd 5s Tc 9s 2c]
Seat 1: Daklien_Poke (small blind) showed [9d Td] and won ($0.42) with two pair, Tens and Nines
Seat 2: Zaqaa (big blind) mucked [6c 9h]
Seat 4: misterdenister folded before Flop (didn't bet)
Seat 6: Lorpugo (button) folded before Flop (didn't bet)



PokerStars Hand #241316758823:  Hold'em No Limit ($0.01/$0.02 USD) - 2023/01/22 8:36:25 ET
Table 'Abetti' 6-max Seat #1 is the button
Seat 1: Daklien_Poke ($2.11 in chips) 
Seat 2: Zaqaa ($2 in chips) 
Seat 3: superRODRI ($1.18 in chips) 
Seat 4: misterdenister ($2.37 in chips) 
Seat 6: Lorpugo ($1.76 in chips) 
Zaqaa: posts small blind $0.01
superRODRI: posts big blind $0.02
*** HOLE CARDS ***
Dealt to Lorpugo [Kh Th]
misterdenister: raises $0.02 to $0.04
Lorpugo: calls $0.04
Daklien_Poke: folds 
Zaqaa: folds 
superRODRI: folds 
*** FLOP *** [6h 9d Qs]
misterdenister: checks 
Lorpugo: checks 
*** TURN *** [6h 9d Qs] [Tc]
misterdenister: checks 
Lorpugo: bets $0.07
misterdenister: folds 
Uncalled bet ($0.07) returned to Lorpugo
Lorpugo collected $0.11 from pot
Lorpugo: doesn't show hand 
*** SUMMARY ***
Total pot $0.11 | Rake $0 
Board [6h 9d Qs Tc]
Seat 1: Daklien_Poke (button) folded before Flop (didn't bet)
Seat 2: Zaqaa (small blind) folded before Flop
Seat 3: superRODRI (big blind) folded before Flop
Seat 4: misterdenister folded on the Turn
Seat 6: Lorpugo collected ($0.11)



PokerStars Hand #241316766360:  Hold'em No Limit ($0.01/$0.02 USD) - 2023/01/22 8:36:53 ET
Table 'Abetti' 6-max Seat #2 is the button
Seat 1: Daklien_Poke ($2.11 in chips) 
Seat 2: Zaqaa ($2 in chips) 
Seat 3: superRODRI ($1.18 in chips) 
Seat 4: misterdenister ($2.33 in chips) 
Seat 6: Lorpugo ($1.83 in chips) 
superRODRI: posts small blind $0.01
misterdenister: posts big blind $0.02
*** HOLE CARDS ***
Dealt to Lorpugo [5c 3h]
Lorpugo: folds 
Daklien_Poke: raises $0.03 to $0.05
<jig a jug> joins the table at seat #5 
Zaqaa: folds 
superRODRI: folds 
misterdenister: folds 
Uncalled bet ($0.03) returned to Daklien_Poke
Daklien_Poke collected $0.05 from pot
Daklien_Poke: doesn't show hand 
*** SUMMARY ***
Total pot $0.05 | Rake $0 
Seat 1: Daklien_Poke collected ($0.05)
Seat 2: Zaqaa (button) folded before Flop (didn't bet)
Seat 3: superRODRI (small blind) folded before Flop
Seat 4: misterdenister (big blind) folded before Flop
Seat 6: Lorpugo folded before Flop (didn't bet)



PokerStars Hand #241316772691:  Hold'em No Limit ($0.01/$0.02 USD) - 2023/01/22 8:37:16 ET
Table 'Abetti' 6-max Seat #3 is the button
Seat 1: Daklien_Poke ($2.14 in chips) 
Seat 2: Zaqaa ($2 in chips) 
Seat 3: superRODRI ($1.18 in chips) 
Seat 4: misterdenister ($2.31 in chips) 
Seat 5: <jig a jug> ($2 in chips) 
Seat 6: Lorpugo ($1.83 in chips) 
misterdenister: posts small blind $0.01
<jig a jug>: posts big blind $0.02
*** HOLE CARDS ***
Dealt to Lorpugo [9h 2d]
Lorpugo: folds 
Daklien_Poke: folds 
Zaqaa: raises $0.03 to $0.05
superRODRI: folds 
misterdenister: folds 
<jig a jug>: calls $0.03
*** FLOP *** [Kh 2h 3h]
<jig a jug>: checks 
Zaqaa: checks 
*** TURN *** [Kh 2h 3h] [9c]
<jig a jug>: checks 
Zaqaa: bets $0.07
<jig a jug>: folds 
Uncalled bet ($0.07) returned to Zaqaa
Zaqaa collected $0.11 from pot
Zaqaa: doesn't show hand 
*** SUMMARY ***
Total pot $0.11 | Rake $0 
Board [Kh 2h 3h 9c]
Seat 1: Daklien_Poke folded before Flop (didn't bet)
Seat 2: Zaqaa collected ($0.11)
Seat 3: superRODRI (button) folded before Flop (didn't bet)
Seat 4: misterdenister (small blind) folded before Flop
Seat 5: <jig a jug> (big blind) folded on the Turn
Seat 6: Lorpugo folded before Flop (didn't bet)



PokerStars Hand #241316780400:  Hold'em No Limit ($0.01/$0.02 USD) - 2023/01/22 8:37:45 ET
Table 'Abetti' 6-max Seat #4 is the button
Seat 1: Daklien_Poke ($2.14 in chips) 
Seat 2: Zaqaa ($2.06 in chips) 
Seat 3: superRODRI ($1.18 in chips) 
Seat 4: misterdenister ($2.30 in chips) 
Seat 5: <jig a jug> ($2 in chips) 
Seat 6: Lorpugo ($1.83 in chips) 
<jig a jug>: posts small blind $0.01
Lorpugo: posts big blind $0.02
*** HOLE CARDS ***
Dealt to Lorpugo [4d 4s]
Daklien_Poke: folds 
Zaqaa: folds 
superRODRI: folds 
misterdenister: folds 
<jig a jug>: folds 
Uncalled bet ($0.01) returned to Lorpugo
Lorpugo collected $0.02 from pot
Lorpugo: doesn't show hand 
*** SUMMARY ***
Total pot $0.02 | Rake $0 
Seat 1: Daklien_Poke folded before Flop (didn't bet)
Seat 2: Zaqaa folded before Flop (didn't bet)
Seat 3: superRODRI folded before Flop (didn't bet)
Seat 4: misterdenister (button) folded before Flop (didn't bet)
Seat 5: <jig a jug> (small blind) folded before Flop
Seat 6: Lorpugo (big blind) collected ($0.02)



PokerStars Hand #241316783891:  Hold'em No Limit ($0.01/$0.02 USD) - 2023/01/22 8:37:58 ET
Table 'Abetti' 6-max Seat #5 is the button
Seat 1: Daklien_Poke ($2.14 in chips) 
Seat 2: Zaqaa ($2.06 in chips) 
Seat 3: superRODRI ($1.18 in chips) 
Seat 4: misterdenister ($2.30 in chips) 
Seat 5: <jig a jug> ($2 in chips) 
Seat 6: Lorpugo ($1.84 in chips) 
Lorpugo: posts small blind $0.01
Daklien_Poke: posts big blind $0.02
*** HOLE CARDS ***
Dealt to Lorpugo [Qs 4s]
Zaqaa: folds 
superRODRI: folds 
misterdenister: folds 
<jig a jug>: folds 
Lorpugo: raises $0.03 to $0.05
Daklien_Poke: calls $0.03
*** FLOP *** [Kc 5d 6s]
Lorpugo: checks 
Daklien_Poke: bets $0.04
Lorpugo: folds 
Uncalled bet ($0.04) returned to Daklien_Poke
Daklien_Poke collected $0.10 from pot
Daklien_Poke: doesn't show hand 
*** SUMMARY ***
Total pot $0.10 | Rake $0 
Board [Kc 5d 6s]
Seat 1: Daklien_Poke (big blind) collected ($0.10)
Seat 2: Zaqaa folded before Flop (didn't bet)
Seat 3: superRODRI folded before Flop (didn't bet)
Seat 4: misterdenister folded before Flop (didn't bet)
Seat 5: <jig a jug> (button) folded before Flop (didn't bet)
Seat 6: Lorpugo (small blind) folded on the Flop



PokerStars Hand #241316793782:  Hold'em No Limit ($0.01/$0.02 USD) - 2023/01/22 8:38:35 ET
Table 'Abetti' 6-max Seat #6 is the button
Seat 1: Daklien_Poke ($2.19 in chips) 
Seat 2: Zaqaa ($2.06 in chips) 
Seat 3: superRODRI ($1.18 in chips) 
Seat 4: misterdenister ($2.30 in chips) 
Seat 5: <jig a jug> ($2 in chips) 
Seat 6: Lorpugo ($1.79 in chips) 
Daklien_Poke: posts small blind $0.01
Zaqaa: posts big blind $0.02
*** HOLE CARDS ***
Dealt to Lorpugo [8c 5s]
superRODRI: folds 
misterdenister: calls $0.02
<jig a jug>: folds 
Lorpugo: folds 
Daklien_Poke: folds 
Zaqaa: checks 
*** FLOP *** [Th Kc Jc]
Zaqaa: checks 
misterdenister: checks 
*** TURN *** [Th Kc Jc] [As]
Zaqaa: checks 
misterdenister: checks 
*** RIVER *** [Th Kc Jc As] [4c]
Zaqaa: checks 
misterdenister: checks 
*** SHOW DOWN ***
Zaqaa: shows [4s 9c] (a pair of Fours)
misterdenister: shows [3d 4d] (a pair of Fours)
Zaqaa collected $0.03 from pot
misterdenister collected $0.02 from pot
*** SUMMARY ***
Total pot $0.05 | Rake $0 
Board [Th Kc Jc As 4c]
Seat 1: Daklien_Poke (small blind) folded before Flop
Seat 2: Zaqaa (big blind) showed [4s 9c] and won ($0.03) with a pair of Fours
Seat 3: superRODRI folded before Flop (didn't bet)
Seat 4: misterdenister showed [3d 4d] and won ($0.02) with a pair of Fours
Seat 5: <jig a jug> folded before Flop (didn't bet)
Seat 6: Lorpugo (button) folded before Flop (didn't bet)



PokerStars Hand #241316802098:  Hold'em No Limit ($0.01/$0.02 USD) - 2023/01/22 8:39:06 ET
Table 'Abetti' 6-max Seat #1 is the button
Seat 1: Daklien_Poke ($2.18 in chips) 
Seat 2: Zaqaa ($2.07 in chips) 
Seat 3: superRODRI ($1.18 in chips) 
Seat 4: misterdenister ($2.30 in chips) 
Seat 5: <jig a jug> ($2 in chips) 
Seat 6: Lorpugo ($1.79 in chips) 
Zaqaa: posts small blind $0.01
superRODRI: posts big blind $0.02
*** HOLE CARDS ***
Dealt to Lorpugo [3d 7h]
misterdenister: folds 
<jig a jug>: folds 
Lorpugo: folds 
Daklien_Poke: folds 
Zaqaa: folds 
Uncalled bet ($0.01) returned to superRODRI
superRODRI collected $0.02 from pot
superRODRI: doesn't show hand 
*** SUMMARY ***
Total pot $0.02 | Rake $0 
Seat 1: Daklien_Poke (button) folded before Flop (didn't bet)
Seat 2: Zaqaa (small blind) folded before Flop
Seat 3: superRODRI (big blind) collected ($0.02)
Seat 4: misterdenister folded before Flop (didn't bet)
Seat 5: <jig a jug> folded before Flop (didn't bet)
Seat 6: Lorpugo folded before Flop (didn't bet)



PokerStars Hand #241316808174:  Hold'em No Limit ($0.01/$0.02 USD) - 2023/01/22 8:39:29 ET
Table 'Abetti' 6-max Seat #3 is the button
Seat 1: Daklien_Poke ($2.18 in chips) 
Seat 3: superRODRI ($1.19 in chips) 
Seat 4: misterdenister ($2.30 in chips) 
Seat 5: <jig a jug> ($2 in chips) 
Seat 6: Lorpugo ($1.79 in chips) 
misterdenister: posts small blind $0.01
<jig a jug>: posts big blind $0.02
*** HOLE CARDS ***
Dealt to Lorpugo [7c 9d]
Zaqaa leaves the table
Lorpugo: folds 
Daklien_Poke: folds 
superRODRI: folds 
misterdenister: folds 
Uncalled bet ($0.01) returned to <jig a jug>
<jig a jug> collected $0.02 from pot
<jig a jug>: doesn't show hand 
*** SUMMARY ***
Total pot $0.02 | Rake $0 
Seat 1: Daklien_Poke folded before Flop (didn't bet)
Seat 3: superRODRI (button) folded before Flop (didn't bet)
Seat 4: misterdenister (small blind) folded before Flop
Seat 5: <jig a jug> (big blind) collected ($0.02)
Seat 6: Lorpugo folded before Flop (didn't bet)



PokerStars Hand #241316810656:  Hold'em No Limit ($0.01/$0.02 USD) - 2023/01/22 8:39:38 ET
Table 'Abetti' 6-max Seat #4 is the button
Seat 1: Daklien_Poke ($2.18 in chips) 
Seat 3: superRODRI ($1.19 in chips) 
Seat 4: misterdenister ($2.29 in chips) 
Seat 5: <jig a jug> ($2.01 in chips) 
Seat 6: Lorpugo ($1.79 in chips) 
<jig a jug>: posts small blind $0.01
Lorpugo: posts big blind $0.02
*** HOLE CARDS ***
Dealt to Lorpugo [Th 2d]
dinmamma3 joins the table at seat #2 
Daklien_Poke: folds 
superRODRI: folds 
misterdenister: folds 
<jig a jug>: raises $0.04 to $0.06
Lorpugo: folds 
Uncalled bet ($0.04) returned to <jig a jug>
<jig a jug> collected $0.04 from pot
<jig a jug>: doesn't show hand 
*** SUMMARY ***
Total pot $0.04 | Rake $0 
Seat 1: Daklien_Poke folded before Flop (didn't bet)
Seat 3: superRODRI folded before Flop (didn't bet)
Seat 4: misterdenister (button) folded before Flop (didn't bet)
Seat 5: <jig a jug> (small blind) collected ($0.04)
Seat 6: Lorpugo (big blind) folded before Flop



PokerStars Hand #241316815504:  Hold'em No Limit ($0.01/$0.02 USD) - 2023/01/22 8:39:56 ET
Table 'Abetti' 6-max Seat #5 is the button
Seat 1: Daklien_Poke ($2.18 in chips) 
Seat 2: dinmamma3 ($1.60 in chips) 
Seat 3: superRODRI ($1.19 in chips) 
Seat 4: misterdenister ($2.29 in chips) 
Seat 5: <jig a jug> ($2.03 in chips) 
Seat 6: Lorpugo ($1.77 in chips) 
Lorpugo: posts small blind $0.01
Daklien_Poke: posts big blind $0.02
dinmamma3: posts big blind $0.02
*** HOLE CARDS ***
Dealt to Lorpugo [Kc 9d]
dinmamma3: raises $0.04 to $0.06
superRODRI: folds 
misterdenister: folds 
<jig a jug>: folds 
Lorpugo: folds 
Daklien_Poke: folds 
Uncalled bet ($0.04) returned to dinmamma3
dinmamma3 collected $0.05 from pot
*** SUMMARY ***
Total pot $0.05 | Rake $0 
Seat 1: Daklien_Poke (big blind) folded before Flop
Seat 2: dinmamma3 collected ($0.05)
Seat 3: superRODRI folded before Flop (didn't bet)
Seat 4: misterdenister folded before Flop (didn't bet)
Seat 5: <jig a jug> (button) folded before Flop (didn't bet)
Seat 6: Lorpugo (small blind) folded before Flop



PokerStars Hand #241316819580:  Hold'em No Limit ($0.01/$0.02 USD) - 2023/01/22 8:40:11 ET
Table 'Abetti' 6-max Seat #6 is the button
Seat 1: Daklien_Poke ($2.16 in chips) 
Seat 2: dinmamma3 ($1.63 in chips) 
Seat 3: superRODRI ($1.19 in chips) 
Seat 4: misterdenister ($2.29 in chips) 
Seat 5: <jig a jug> ($2.03 in chips) 
Seat 6: Lorpugo ($1.76 in chips) 
Daklien_Poke: posts small blind $0.01
dinmamma3: posts big blind $0.02
*** HOLE CARDS ***
Dealt to Lorpugo [9s 7d]
superRODRI: folds 
misterdenister: calls $0.02
<jig a jug>: folds 
Lorpugo: folds 
Daklien_Poke: folds 
dinmamma3: checks 
*** FLOP *** [6s Jc 7c]
dinmamma3: checks 
misterdenister: bets $0.03
dinmamma3: calls $0.03
*** TURN *** [6s Jc 7c] [2c]
dinmamma3: checks 
misterdenister: checks 
*** RIVER *** [6s Jc 7c 2c] [Ad]
dinmamma3: bets $0.06
misterdenister: folds 
Uncalled bet ($0.06) returned to dinmamma3
dinmamma3 collected $0.11 from pot
*** SUMMARY ***
Total pot $0.11 | Rake $0 
Board [6s Jc 7c 2c Ad]
Seat 1: Daklien_Poke (small blind) folded before Flop
Seat 2: dinmamma3 (big blind) collected ($0.11)
Seat 3: superRODRI folded before Flop (didn't bet)
Seat 4: misterdenister folded on the River
Seat 5: <jig a jug> folded before Flop (didn't bet)
Seat 6: Lorpugo (button) folded before Flop (didn't bet)



PokerStars Hand #241316829393:  Hold'em No Limit ($0.01/$0.02 USD) - 2023/01/22 8:40:48 ET
Table 'Abetti' 6-max Seat #1 is the button
Seat 1: Daklien_Poke ($2.15 in chips) 
Seat 2: dinmamma3 ($1.69 in chips) 
Seat 3: superRODRI ($1.19 in chips) 
Seat 4: misterdenister ($2.24 in chips) 
Seat 5: <jig a jug> ($2.03 in chips) 
Seat 6: Lorpugo ($1.76 in chips) 
dinmamma3: posts small blind $0.01
superRODRI: posts big blind $0.02
*** HOLE CARDS ***
Dealt to Lorpugo [Jc 4s]
misterdenister: calls $0.02
<jig a jug>: folds 
Lorpugo: folds 
Daklien_Poke: folds 
dinmamma3: raises $0.04 to $0.06
superRODRI: folds 
misterdenister: calls $0.04
*** FLOP *** [4h 4c 2c]
dinmamma3: checks 
misterdenister: bets $0.05
dinmamma3: calls $0.05
*** TURN *** [4h 4c 2c] [8d]
dinmamma3: checks 
misterdenister: bets $0.08
dinmamma3: folds 
Uncalled bet ($0.08) returned to misterdenister
misterdenister collected $0.23 from pot
misterdenister: doesn't show hand 
*** SUMMARY ***
Total pot $0.24 | Rake $0.01 
Board [4h 4c 2c 8d]
Seat 1: Daklien_Poke (button) folded before Flop (didn't bet)
Seat 2: dinmamma3 (small blind) folded on the Turn
Seat 3: superRODRI (big blind) folded before Flop
Seat 4: misterdenister collected ($0.23)
Seat 5: <jig a jug> folded before Flop (didn't bet)
Seat 6: Lorpugo folded before Flop (didn't bet)



PokerStars Hand #241316839044:  Hold'em No Limit ($0.01/$0.02 USD) - 2023/01/22 8:41:23 ET
Table 'Abetti' 6-max Seat #2 is the button
Seat 1: Daklien_Poke ($2.15 in chips) 
Seat 2: dinmamma3 ($1.58 in chips) 
Seat 3: superRODRI ($1.17 in chips) 
Seat 4: misterdenister ($2.36 in chips) 
Seat 5: <jig a jug> ($2.03 in chips) 
Seat 6: Lorpugo ($1.76 in chips) 
superRODRI: posts small blind $0.01
misterdenister: posts big blind $0.02
*** HOLE CARDS ***
Dealt to Lorpugo [Js Ts]
<jig a jug>: folds 
Lorpugo: raises $0.03 to $0.05
Daklien_Poke: folds 
dinmamma3: folds 
superRODRI: folds 
misterdenister: calls $0.03
*** FLOP *** [Qd 8d 8s]
misterdenister: checks 
Lorpugo: bets $0.04
misterdenister: calls $0.04
*** TURN *** [Qd 8d 8s] [8h]
misterdenister: checks 
Lorpugo: checks 
*** RIVER *** [Qd 8d 8s 8h] [Jh]
misterdenister: checks 
Lorpugo: bets $0.02
misterdenister: folds 
Uncalled bet ($0.02) returned to Lorpugo
Lorpugo collected $0.18 from pot
Lorpugo: doesn't show hand 
*** SUMMARY ***
Total pot $0.19 | Rake $0.01 
Board [Qd 8d 8s 8h Jh]
Seat 1: Daklien_Poke folded before Flop (didn't bet)
Seat 2: dinmamma3 (button) folded before Flop (didn't bet)
Seat 3: superRODRI (small blind) folded before Flop
Seat 4: misterdenister (big blind) folded on the River
Seat 5: <jig a jug> folded before Flop (didn't bet)
Seat 6: Lorpugo collected ($0.18)



PokerStars Hand #241316849697:  Hold'em No Limit ($0.01/$0.02 USD) - 2023/01/22 8:42:02 ET
Table 'Abetti' 6-max Seat #3 is the button
Seat 1: Daklien_Poke ($2.15 in chips) 
Seat 2: dinmamma3 ($1.58 in chips) 
Seat 3: superRODRI ($1.16 in chips) 
Seat 4: misterdenister ($2.27 in chips) 
Seat 5: <jig a jug> ($2.03 in chips) 
Seat 6: Lorpugo ($1.85 in chips) 
misterdenister: posts small blind $0.01
<jig a jug>: posts big blind $0.02
*** HOLE CARDS ***
Dealt to Lorpugo [6s 9h]
Lorpugo: folds 
Daklien_Poke: folds 
dinmamma3: raises $0.04 to $0.06
superRODRI: folds 
misterdenister: folds 
<jig a jug>: calls $0.04
*** FLOP *** [2s 7d Qd]
<jig a jug>: checks 
dinmamma3: bets $0.07
<jig a jug>: folds 
Uncalled bet ($0.07) returned to dinmamma3
dinmamma3 collected $0.13 from pot
*** SUMMARY ***
Total pot $0.13 | Rake $0 
Board [2s 7d Qd]
Seat 1: Daklien_Poke folded before Flop (didn't bet)
Seat 2: dinmamma3 collected ($0.13)
Seat 3: superRODRI (button) folded before Flop (didn't bet)
Seat 4: misterdenister (small blind) folded before Flop
Seat 5: <jig a jug> (big blind) folded on the Flop
Seat 6: Lorpugo folded before Flop (didn't bet)



PokerStars Hand #241316862315:  Hold'em No Limit ($0.01/$0.02 USD) - 2023/01/22 8:42:49 ET
Table 'Abetti' 6-max Seat #4 is the button
Seat 1: Daklien_Poke ($2.15 in chips) 
Seat 2: dinmamma3 ($1.65 in chips) 
Seat 3: superRODRI ($1.16 in chips) 
Seat 4: misterdenister ($2.26 in chips) 
Seat 5: <jig a jug> ($2 in chips) 
Seat 6: Lorpugo ($1.85 in chips) 
<jig a jug>: posts small blind $0.01
Lorpugo: posts big blind $0.02
*** HOLE CARDS ***
Dealt to Lorpugo [6h Qh]
Daklien_Poke: raises $0.03 to $0.05
dinmamma3: folds 
superRODRI: folds 
misterdenister: folds 
<jig a jug>: folds 
Lorpugo: folds 
Uncalled bet ($0.03) returned to Daklien_Poke
Daklien_Poke collected $0.05 from pot
Daklien_Poke: doesn't show hand 
*** SUMMARY ***
Total pot $0.05 | Rake $0 
Seat 1: Daklien_Poke collected ($0.05)
Seat 2: dinmamma3 folded before Flop (didn't bet)
Seat 3: superRODRI folded before Flop (didn't bet)
Seat 4: misterdenister (button) folded before Flop (didn't bet)
Seat 5: <jig a jug> (small blind) folded before Flop
Seat 6: Lorpugo (big blind) folded before Flop



PokerStars Hand #241316867022:  Hold'em No Limit ($0.01/$0.02 USD) - 2023/01/22 8:43:07 ET
Table 'Abetti' 6-max Seat #5 is the button
Seat 1: Daklien_Poke ($2.18 in chips) 
Seat 2: dinmamma3 ($1.65 in chips) 
Seat 3: superRODRI ($1.16 in chips) 
Seat 4: misterdenister ($2.26 in chips) 
Seat 5: <jig a jug> ($2 in chips) 
Seat 6: Lorpugo ($1.83 in chips) 
Lorpugo: posts small blind $0.01
Daklien_Poke: posts big blind $0.02
*** HOLE CARDS ***
Dealt to Lorpugo [Tc Qc]
dinmamma3: raises $0.04 to $0.06
superRODRI: calls $0.06
misterdenister: folds 
<jig a jug>: folds 
Lorpugo: calls $0.05
Daklien_Poke: calls $0.04
*** FLOP *** [3s 9d 8c]
Lorpugo: checks 
Daklien_Poke: checks 
dinmamma3: bets $0.14
superRODRI: folds 
Lorpugo: calls $0.14
Daklien_Poke: calls $0.14
*** TURN *** [3s 9d 8c] [Td]
Lorpugo: checks 
Daklien_Poke: checks 
dinmamma3: bets $0.32
Lorpugo: raises $1.31 to $1.63 and is all-in
Daklien_Poke: folds 
dinmamma3: calls $1.13 and is all-in
Uncalled bet ($0.18) returned to Lorpugo
*** RIVER *** [3s 9d 8c Td] [Th]
*** SHOW DOWN ***
Lorpugo: shows [Tc Qc] (three of a kind, Tens)
dinmamma3: shows [Ah 7d] (a pair of Tens)
Lorpugo collected $3.44 from pot
*** SUMMARY ***
Total pot $3.56 | Rake $0.12 
Board [3s 9d 8c Td Th]
Seat 1: Daklien_Poke (big blind) folded on the Turn
Seat 2: dinmamma3 showed [Ah 7d] and lost with a pair of Tens
Seat 3: superRODRI folded on the Flop
Seat 4: misterdenister folded before Flop (didn't bet)
Seat 5: <jig a jug> (button) folded before Flop (didn't bet)
Seat 6: Lorpugo (small blind) showed [Tc Qc] and won ($3.44) with three of a kind, Tens



PokerStars Hand #241316878567:  Hold'em No Limit ($0.01/$0.02 USD) - 2023/01/22 8:43:49 ET
Table 'Abetti' 6-max Seat #6 is the button
Seat 1: Daklien_Poke ($1.98 in chips) 
Seat 3: superRODRI ($1.10 in chips) 
Seat 4: misterdenister ($2.26 in chips) 
Seat 5: <jig a jug> ($2 in chips) 
Seat 6: Lorpugo ($3.62 in chips) 
Daklien_Poke: posts small blind $0.01
superRODRI: posts big blind $0.02
*** HOLE CARDS ***
Dealt to Lorpugo [7c 2h]
misterdenister: raises $0.03 to $0.05
<jig a jug>: folds 
Lorpugo: folds 
Daklien_Poke: calls $0.04
superRODRI: folds 
*** FLOP *** [Td Qc Kd]
Daklien_Poke: bets $0.05
misterdenister: folds 
Uncalled bet ($0.05) returned to Daklien_Poke
Daklien_Poke collected $0.12 from pot
Daklien_Poke: doesn't show hand 
*** SUMMARY ***
Total pot $0.12 | Rake $0 
Board [Td Qc Kd]
Seat 1: Daklien_Poke (small blind) collected ($0.12)
Seat 3: superRODRI (big blind) folded before Flop
Seat 4: misterdenister folded on the Flop
Seat 5: <jig a jug> folded before Flop (didn't bet)
Seat 6: Lorpugo (button) folded before Flop (didn't bet)



PokerStars Hand #241316882337:  Hold'em No Limit ($0.01/$0.02 USD) - 2023/01/22 8:44:03 ET
Table 'Abetti' 6-max Seat #1 is the button
Seat 1: Daklien_Poke ($2.05 in chips) 
Seat 3: superRODRI ($1.08 in chips) 
Seat 4: misterdenister ($2.21 in chips) 
Seat 5: <jig a jug> ($2 in chips) 
Seat 6: Lorpugo ($3.62 in chips) 
superRODRI: posts small blind $0.01
misterdenister: posts big blind $0.02
*** HOLE CARDS ***
Dealt to Lorpugo [Qs Jd]
<jig a jug>: folds 
Lorpugo: raises $0.03 to $0.05
Daklien_Poke: raises $0.09 to $0.14
superRODRI: folds 
misterdenister: folds 
Lorpugo: folds 
Uncalled bet ($0.09) returned to Daklien_Poke
Daklien_Poke collected $0.13 from pot
Daklien_Poke: doesn't show hand 
*** SUMMARY ***
Total pot $0.13 | Rake $0 
Seat 1: Daklien_Poke (button) collected ($0.13)
Seat 3: superRODRI (small blind) folded before Flop
Seat 4: misterdenister (big blind) folded before Flop
Seat 5: <jig a jug> folded before Flop (didn't bet)
Seat 6: Lorpugo folded before Flop



PokerStars Hand #241316887311:  Hold'em No Limit ($0.01/$0.02 USD) - 2023/01/22 8:44:21 ET
Table 'Abetti' 6-max Seat #3 is the button
Seat 1: Daklien_Poke ($2.13 in chips) 
Seat 2: dinmamma3 ($1.61 in chips) 
Seat 3: superRODRI ($1.07 in chips) 
Seat 4: misterdenister ($2.19 in chips) 
Seat 5: <jig a jug> ($2 in chips) 
Seat 6: Lorpugo ($3.57 in chips) 
misterdenister: posts small blind $0.01
<jig a jug>: posts big blind $0.02
dinmamma3: posts small & big blinds $0.03
*** HOLE CARDS ***
Dealt to Lorpugo [3s Ks]
Lorpugo: folds 
Daklien_Poke: folds 
dinmamma3: raises $0.04 to $0.06
superRODRI has timed out
superRODRI: folds 
misterdenister: folds 
<jig a jug>: calls $0.04
*** FLOP *** [Td 3h 4c]
<jig a jug>: checks 
dinmamma3: checks 
*** TURN *** [Td 3h 4c] [Ac]
<jig a jug>: checks 
dinmamma3: bets $0.09
<jig a jug>: folds 
Uncalled bet ($0.09) returned to dinmamma3
dinmamma3 collected $0.14 from pot
*** SUMMARY ***
Total pot $0.14 | Rake $0 
Board [Td 3h 4c Ac]
Seat 1: Daklien_Poke folded before Flop (didn't bet)
Seat 2: dinmamma3 collected ($0.14)
Seat 3: superRODRI (button) folded before Flop (didn't bet)
Seat 4: misterdenister (small blind) folded before Flop
Seat 5: <jig a jug> (big blind) folded on the Turn
Seat 6: Lorpugo folded before Flop (didn't bet)



PokerStars Hand #241316901572:  Hold'em No Limit ($0.01/$0.02 USD) - 2023/01/22 8:45:13 ET
Table 'Abetti' 6-max Seat #4 is the button
Seat 1: Daklien_Poke ($2.13 in chips) 
Seat 2: dinmamma3 ($1.68 in chips) 
Seat 3: superRODRI ($1.07 in chips) 
Seat 4: misterdenister ($2.18 in chips) 
Seat 5: <jig a jug> ($2 in chips) 
Seat 6: Lorpugo ($3.57 in chips) 
<jig a jug>: posts small blind $0.01
Lorpugo: posts big blind $0.02
*** HOLE CARDS ***
Dealt to Lorpugo [7d 6c]
Daklien_Poke: folds 
dinmamma3: folds 
superRODRI has timed out
superRODRI: folds 
misterdenister: folds 
<jig a jug>: folds 
Uncalled bet ($0.01) returned to Lorpugo
Lorpugo collected $0.02 from pot
Lorpugo: doesn't show hand 
*** SUMMARY ***
Total pot $0.02 | Rake $0 
Seat 1: Daklien_Poke folded before Flop (didn't bet)
Seat 2: dinmamma3 folded before Flop (didn't bet)
Seat 3: superRODRI folded before Flop (didn't bet)
Seat 4: misterdenister (button) folded before Flop (didn't bet)
Seat 5: <jig a jug> (small blind) folded before Flop
Seat 6: Lorpugo (big blind) collected ($0.02)



PokerStars Hand #241316906715:  Hold'em No Limit ($0.01/$0.02 USD) - 2023/01/22 8:45:32 ET
Table 'Abetti' 6-max Seat #5 is the button
Seat 1: Daklien_Poke ($2.13 in chips) 
Seat 2: dinmamma3 ($1.68 in chips) 
Seat 3: superRODRI ($1.07 in chips) 
Seat 4: misterdenister ($2.18 in chips) 
Seat 5: <jig a jug> ($2 in chips) 
Seat 6: Lorpugo ($3.58 in chips) 
Lorpugo: posts small blind $0.01
Daklien_Poke: posts big blind $0.02
*** HOLE CARDS ***
Dealt to Lorpugo [Kd 3d]
dinmamma3: folds 
superRODRI: folds 
misterdenister: folds 
<jig a jug>: raises $0.03 to $0.05
Lorpugo: folds 
Daklien_Poke: folds 
Uncalled bet ($0.03) returned to <jig a jug>
<jig a jug> collected $0.05 from pot
<jig a jug>: doesn't show hand 
*** SUMMARY ***
Total pot $0.05 | Rake $0 
Seat 1: Daklien_Poke (big blind) folded before Flop
Seat 2: dinmamma3 folded before Flop (didn't bet)
Seat 3: superRODRI folded before Flop (didn't bet)
Seat 4: misterdenister folded before Flop (didn't bet)
Seat 5: <jig a jug> (button) collected ($0.05)
Seat 6: Lorpugo (small blind) folded before Flop



PokerStars Hand #241316912190:  Hold'em No Limit ($0.01/$0.02 USD) - 2023/01/22 8:45:52 ET
Table 'Abetti' 6-max Seat #6 is the button
Seat 1: Daklien_Poke ($2.11 in chips) 
Seat 2: dinmamma3 ($1.68 in chips) 
Seat 3: superRODRI ($1.18 in chips) 
Seat 4: misterdenister ($2.18 in chips) 
Seat 5: <jig a jug> ($2.03 in chips) 
Seat 6: Lorpugo ($3.57 in chips) 
Daklien_Poke: posts small blind $0.01
dinmamma3: posts big blind $0.02
*** HOLE CARDS ***
Dealt to Lorpugo [Td 3h]
superRODRI: raises $0.05 to $0.07
misterdenister: folds 
<jig a jug>: folds 
Lorpugo: folds 
Daklien_Poke: calls $0.06
dinmamma3: folds 
*** FLOP *** [Ad 2h Kh]
Daklien_Poke: checks 
superRODRI: checks 
*** TURN *** [Ad 2h Kh] [Ts]
Daklien_Poke: checks 
superRODRI: checks 
*** RIVER *** [Ad 2h Kh Ts] [Js]
Daklien_Poke: checks 
superRODRI: checks 
*** SHOW DOWN ***
Daklien_Poke: shows [6c 7c] (high card Ace)
superRODRI: shows [9s 9h] (a pair of Nines)
superRODRI collected $0.15 from pot
*** SUMMARY ***
Total pot $0.16 | Rake $0.01 
Board [Ad 2h Kh Ts Js]
Seat 1: Daklien_Poke (small blind) showed [6c 7c] and lost with high card Ace
Seat 2: dinmamma3 (big blind) folded before Flop
Seat 3: superRODRI showed [9s 9h] and won ($0.15) with a pair of Nines
Seat 4: misterdenister folded before Flop (didn't bet)
Seat 5: <jig a jug> folded before Flop (didn't bet)
Seat 6: Lorpugo (button) folded before Flop (didn't bet)



PokerStars Hand #241316921845:  Hold'em No Limit ($0.01/$0.02 USD) - 2023/01/22 8:46:27 ET
Table 'Abetti' 6-max Seat #1 is the button
Seat 1: Daklien_Poke ($2.04 in chips) 
Seat 2: dinmamma3 ($1.66 in chips) 
Seat 3: superRODRI ($1.26 in chips) 
Seat 4: misterdenister ($2.18 in chips) 
Seat 5: <jig a jug> ($2.03 in chips) 
Seat 6: Lorpugo ($3.57 in chips) 
dinmamma3: posts small blind $0.01
superRODRI: posts big blind $0.02
*** HOLE CARDS ***
Dealt to Lorpugo [7s 6h]
misterdenister: folds 
<jig a jug>: raises $0.04 to $0.06
Lorpugo: folds 
Daklien_Poke: folds 
dinmamma3: folds 
superRODRI: folds 
Uncalled bet ($0.04) returned to <jig a jug>
<jig a jug> collected $0.05 from pot
<jig a jug>: doesn't show hand 
*** SUMMARY ***
Total pot $0.05 | Rake $0 
Seat 1: Daklien_Poke (button) folded before Flop (didn't bet)
Seat 2: dinmamma3 (small blind) folded before Flop
Seat 3: superRODRI (big blind) folded before Flop
Seat 4: misterdenister folded before Flop (didn't bet)
Seat 5: <jig a jug> collected ($0.05)
Seat 6: Lorpugo folded before Flop (didn't bet)



PokerStars Hand #241316926120:  Hold'em No Limit ($0.01/$0.02 USD) - 2023/01/22 8:46:43 ET
Table 'Abetti' 6-max Seat #2 is the button
Seat 1: Daklien_Poke ($2.04 in chips) 
Seat 2: dinmamma3 ($1.65 in chips) 
Seat 3: superRODRI ($1.24 in chips) 
Seat 4: misterdenister ($2.18 in chips) 
Seat 5: <jig a jug> ($2.06 in chips) 
Seat 6: Lorpugo ($3.57 in chips) 
superRODRI: posts small blind $0.01
misterdenister: posts big blind $0.02
*** HOLE CARDS ***
Dealt to Lorpugo [Tc 2s]
<jig a jug>: folds 
Lorpugo: folds 
Daklien_Poke: folds 
dinmamma3: folds 
superRODRI: folds 
Uncalled bet ($0.01) returned to misterdenister
misterdenister collected $0.02 from pot
misterdenister: doesn't show hand 
*** SUMMARY ***
Total pot $0.02 | Rake $0 
Seat 1: Daklien_Poke folded before Flop (didn't bet)
Seat 2: dinmamma3 (button) folded before Flop (didn't bet)
Seat 3: superRODRI (small blind) folded before Flop
Seat 4: misterdenister (big blind) collected ($0.02)
Seat 5: <jig a jug> folded before Flop (didn't bet)
Seat 6: Lorpugo folded before Flop (didn't bet)



PokerStars Hand #241316928611:  Hold'em No Limit ($0.01/$0.02 USD) - 2023/01/22 8:46:52 ET
Table 'Abetti' 6-max Seat #3 is the button
Seat 1: Daklien_Poke ($2.04 in chips) 
Seat 2: dinmamma3 ($1.65 in chips) 
Seat 3: superRODRI ($1.23 in chips) 
Seat 4: misterdenister ($2.19 in chips) 
Seat 5: <jig a jug> ($2.06 in chips) 
Seat 6: Lorpugo ($3.57 in chips) 
misterdenister: posts small blind $0.01
<jig a jug>: posts big blind $0.02
*** HOLE CARDS ***
Dealt to Lorpugo [4h 7h]
Lorpugo: folds 
Daklien_Poke: raises $0.03 to $0.05
dinmamma3: calls $0.05
superRODRI: calls $0.05
misterdenister: calls $0.04
<jig a jug>: calls $0.03
*** FLOP *** [3s Th 8d]
misterdenister: checks 
<jig a jug>: checks 
Daklien_Poke: checks 
dinmamma3: bets $0.24
superRODRI: raises $0.94 to $1.18 and is all-in
misterdenister: folds 
<jig a jug>: folds 
Daklien_Poke: folds 
dinmamma3: calls $0.94
*** TURN *** [3s Th 8d] [3h]
*** RIVER *** [3s Th 8d 3h] [3c]
*** SHOW DOWN ***
dinmamma3: shows [9h Ts] (a full house, Threes full of Tens)
superRODRI: shows [Qd Qh] (a full house, Threes full of Queens)
superRODRI cashed out the hand for $1.96 | Cash Out Fee $0.02
*** SUMMARY ***
Total pot $2.61 | Rake $0.09 
Board [3s Th 8d 3h 3c]
Seat 1: Daklien_Poke folded on the Flop
Seat 2: dinmamma3 showed [9h Ts] and lost with a full house, Threes full of Tens
Seat 3: superRODRI (button) showed [Qd Qh] and won ($2.52) with a full house, Threes full of Queens (pot not awarded as player cashed out)
Seat 4: misterdenister (small blind) folded on the Flop
Seat 5: <jig a jug> (big blind) folded on the Flop
Seat 6: Lorpugo folded before Flop (didn't bet)



PokerStars Hand #241316939672:  Hold'em No Limit ($0.01/$0.02 USD) - 2023/01/22 8:47:33 ET
Table 'Abetti' 6-max Seat #4 is the button
Seat 1: Daklien_Poke ($1.99 in chips) 
Seat 2: dinmamma3 ($0.42 in chips) 
Seat 3: superRODRI ($1.96 in chips) 
Seat 4: misterdenister ($2.14 in chips) 
Seat 5: <jig a jug> ($2.01 in chips) 
Seat 6: Lorpugo ($3.57 in chips) 
<jig a jug>: posts small blind $0.01
Lorpugo: posts big blind $0.02
*** HOLE CARDS ***
Dealt to Lorpugo [9d 3h]
Daklien_Poke: folds 
dinmamma3: folds 
dinmamma3 leaves the table
superRODRI: raises $0.05 to $0.07
misterdenister: calls $0.07
<jig a jug>: folds 
Lorpugo: folds 
*** FLOP *** [Ac 5d 3s]
superRODRI: checks 
misterdenister: checks 
*** TURN *** [Ac 5d 3s] [Ah]
superRODRI: checks 
misterdenister: checks 
*** RIVER *** [Ac 5d 3s Ah] [7c]
superRODRI: checks 
misterdenister: bets $0.16
superRODRI: folds 
Uncalled bet ($0.16) returned to misterdenister
misterdenister collected $0.16 from pot
misterdenister: doesn't show hand 
*** SUMMARY ***
Total pot $0.17 | Rake $0.01 
Board [Ac 5d 3s Ah 7c]
Seat 1: Daklien_Poke folded before Flop (didn't bet)
Seat 2: dinmamma3 folded before Flop (didn't bet)
Seat 3: superRODRI folded on the River
Seat 4: misterdenister (button) collected ($0.16)
Seat 5: <jig a jug> (small blind) folded before Flop
Seat 6: Lorpugo (big blind) folded before Flop



PokerStars Hand #241316947626:  Hold'em No Limit ($0.01/$0.02 USD) - 2023/01/22 8:48:02 ET
Table 'Abetti' 6-max Seat #5 is the button
Seat 1: Daklien_Poke ($1.99 in chips) 
Seat 3: superRODRI ($1.89 in chips) 
Seat 4: misterdenister ($2.23 in chips) 
Seat 5: <jig a jug> ($2 in chips) 
Seat 6: Lorpugo ($3.55 in chips) 
Lorpugo: posts small blind $0.01
Daklien_Poke: posts big blind $0.02
*** HOLE CARDS ***
Dealt to Lorpugo [2s Tc]
superRODRI: folds 
misterdenister: folds 
<jig a jug>: folds 
Lorpugo: folds 
Uncalled bet ($0.01) returned to Daklien_Poke
Daklien_Poke collected $0.02 from pot
Daklien_Poke: doesn't show hand 
*** SUMMARY ***
Total pot $0.02 | Rake $0 
Seat 1: Daklien_Poke (big blind) collected ($0.02)
Seat 3: superRODRI folded before Flop (didn't bet)
Seat 4: misterdenister folded before Flop (didn't bet)
Seat 5: <jig a jug> (button) folded before Flop (didn't bet)
Seat 6: Lorpugo (small blind) folded before Flop



PokerStars Hand #241316950222:  Hold'em No Limit ($0.01/$0.02 USD) - 2023/01/22 8:48:12 ET
Table 'Abetti' 6-max Seat #6 is the button
Seat 1: Daklien_Poke ($2 in chips) 
Seat 4: misterdenister ($2.23 in chips) 
Seat 5: <jig a jug> ($2 in chips) 
Seat 6: Lorpugo ($3.54 in chips) 
Daklien_Poke: posts small blind $0.01
misterdenister: posts big blind $0.02
*** HOLE CARDS ***
Dealt to Lorpugo [9s 3h]
<jig a jug>: folds 
superRODRI leaves the table
Lorpugo: folds 
Daklien_Poke: calls $0.01
misterdenister: checks 
*** FLOP *** [As 4d 4s]
Daklien_Poke: bets $0.02
misterdenister: folds 
Uncalled bet ($0.02) returned to Daklien_Poke
Daklien_Poke collected $0.04 from pot
Daklien_Poke: doesn't show hand 
*** SUMMARY ***
Total pot $0.04 | Rake $0 
Board [As 4d 4s]
Seat 1: Daklien_Poke (small blind) collected ($0.04)
Seat 4: misterdenister (big blind) folded on the Flop
Seat 5: <jig a jug> folded before Flop (didn't bet)
Seat 6: Lorpugo (button) folded before Flop (didn't bet)



PokerStars Hand #241316957932:  Hold'em No Limit ($0.01/$0.02 USD) - 2023/01/22 8:48:40 ET
Table 'Abetti' 6-max Seat #1 is the button
Seat 1: Daklien_Poke ($2.02 in chips) 
Seat 4: misterdenister ($2.21 in chips) 
Seat 5: <jig a jug> ($2 in chips) 
Seat 6: Lorpugo ($3.54 in chips) 
misterdenister: posts small blind $0.01
<jig a jug>: posts big blind $0.02
*** HOLE CARDS ***
Dealt to Lorpugo [3s 9h]
Lorpugo: folds 
Daklien_Poke: folds 
misterdenister: folds 
Uncalled bet ($0.01) returned to <jig a jug>
<jig a jug> collected $0.02 from pot
<jig a jug>: doesn't show hand 
*** SUMMARY ***
Total pot $0.02 | Rake $0 
Seat 1: Daklien_Poke (button) folded before Flop (didn't bet)
Seat 4: misterdenister (small blind) folded before Flop
Seat 5: <jig a jug> (big blind) collected ($0.02)
Seat 6: Lorpugo folded before Flop (didn't bet)



PokerStars Hand #241316961645:  Hold'em No Limit ($0.01/$0.02 USD) - 2023/01/22 8:48:53 ET
Table 'Abetti' 6-max Seat #4 is the button
Seat 1: Daklien_Poke ($2.02 in chips) 
Seat 4: misterdenister ($2.20 in chips) 
Seat 5: <jig a jug> ($2.01 in chips) 
Seat 6: Lorpugo ($3.54 in chips) 
<jig a jug>: posts small blind $0.01
Lorpugo: posts big blind $0.02
*** HOLE CARDS ***
Dealt to Lorpugo [Kh 6s]
Daklien_Poke: folds 
misterdenister: folds 
<jig a jug>: raises $0.04 to $0.06
Lorpugo: calls $0.04
*** FLOP *** [2d Js Qh]
<jig a jug>: bets $0.04
Lorpugo: folds 
Uncalled bet ($0.04) returned to <jig a jug>
<jig a jug> collected $0.12 from pot
<jig a jug>: doesn't show hand 
*** SUMMARY ***
Total pot $0.12 | Rake $0 
Board [2d Js Qh]
Seat 1: Daklien_Poke folded before Flop (didn't bet)
Seat 4: misterdenister (button) folded before Flop (didn't bet)
Seat 5: <jig a jug> (small blind) collected ($0.12)
Seat 6: Lorpugo (big blind) folded on the Flop



PokerStars Hand #241316968389:  Hold'em No Limit ($0.01/$0.02 USD) - 2023/01/22 8:49:18 ET
Table 'Abetti' 6-max Seat #5 is the button
Seat 1: Daklien_Poke ($2.02 in chips) 
Seat 4: misterdenister ($2.20 in chips) 
Seat 5: <jig a jug> ($2.07 in chips) 
Seat 6: Lorpugo ($3.48 in chips) 
Lorpugo: posts small blind $0.01
Daklien_Poke: posts big blind $0.02
*** HOLE CARDS ***
Dealt to Lorpugo [Tc 9h]
misterdenister: folds 
<jig a jug>: raises $0.03 to $0.05
Lorpugo: calls $0.04
Daklien_Poke: calls $0.03
*** FLOP *** [Jd Kc 2d]
Lorpugo: checks 
Daklien_Poke: checks 
<jig a jug>: bets $0.04
Lorpugo: folds 
Daklien_Poke: folds 
Uncalled bet ($0.04) returned to <jig a jug>
aurefran joins the table at seat #2 
<jig a jug> collected $0.14 from pot
monniH joins the table at seat #3 
<jig a jug>: doesn't show hand 
*** SUMMARY ***
Total pot $0.15 | Rake $0.01 
Board [Jd Kc 2d]
Seat 1: Daklien_Poke (big blind) folded on the Flop
Seat 4: misterdenister folded before Flop (didn't bet)
Seat 5: <jig a jug> (button) collected ($0.14)
Seat 6: Lorpugo (small blind) folded on the Flop



PokerStars Hand #241316974710:  Hold'em No Limit ($0.01/$0.02 USD) - 2023/01/22 8:49:42 ET
Table 'Abetti' 6-max Seat #6 is the button
Seat 1: Daklien_Poke ($1.97 in chips) 
Seat 2: aurefran ($2 in chips) 
Seat 4: misterdenister ($2.20 in chips) 
Seat 5: <jig a jug> ($2.16 in chips) 
Seat 6: Lorpugo ($3.43 in chips) 
Daklien_Poke: posts small blind $0.01
aurefran is connected 
aurefran: posts big blind $0.02
*** HOLE CARDS ***
Dealt to Lorpugo [Qd 4c]
misterdenister: folds 
<jig a jug>: raises $0.04 to $0.06
Lorpugo: folds 
Daklien_Poke: folds 
aurefran: folds 
Uncalled bet ($0.04) returned to <jig a jug>
<jig a jug> collected $0.05 from pot
<jig a jug>: doesn't show hand 
*** SUMMARY ***
Total pot $0.05 | Rake $0 
Seat 1: Daklien_Poke (small blind) folded before Flop
Seat 2: aurefran (big blind) folded before Flop
Seat 4: misterdenister folded before Flop (didn't bet)
Seat 5: <jig a jug> collected ($0.05)
Seat 6: Lorpugo (button) folded before Flop (didn't bet)



PokerStars Hand #241316978753:  Hold'em No Limit ($0.01/$0.02 USD) - 2023/01/22 8:49:56 ET
Table 'Abetti' 6-max Seat #1 is the button
Seat 1: Daklien_Poke ($1.96 in chips) 
Seat 2: aurefran ($2 in chips) 
Seat 3: monniH ($2 in chips) 
Seat 4: misterdenister ($2.20 in chips) 
Seat 5: <jig a jug> ($2.19 in chips) 
Seat 6: Lorpugo ($3.43 in chips) 
aurefran: posts small blind $0.01
monniH: posts big blind $0.02
*** HOLE CARDS ***
Dealt to Lorpugo [4h 5s]
misterdenister: calls $0.02
<jig a jug>: folds 
Lorpugo: folds 
Daklien_Poke: folds 
aurefran: calls $0.01
monniH: checks 
*** FLOP *** [As Jd Jh]
aurefran: checks 
monniH: bets $0.02
misterdenister: calls $0.02
aurefran: folds 
*** TURN *** [As Jd Jh] [3h]
monniH: bets $0.03
misterdenister: folds 
Uncalled bet ($0.03) returned to monniH
monniH collected $0.10 from pot
monniH: doesn't show hand 
*** SUMMARY ***
Total pot $0.10 | Rake $0 
Board [As Jd Jh 3h]
Seat 1: Daklien_Poke (button) folded before Flop (didn't bet)
Seat 2: aurefran (small blind) folded on the Flop
Seat 3: monniH (big blind) collected ($0.10)
Seat 4: misterdenister folded on the Turn
Seat 5: <jig a jug> folded before Flop (didn't bet)
Seat 6: Lorpugo folded before Flop (didn't bet)



PokerStars Hand #241316986430:  Hold'em No Limit ($0.01/$0.02 USD) - 2023/01/22 8:50:25 ET
Table 'Abetti' 6-max Seat #2 is the button
Seat 1: Daklien_Poke ($1.96 in chips) 
Seat 2: aurefran ($2 in chips) 
Seat 3: monniH ($2.06 in chips) 
Seat 4: misterdenister ($2.16 in chips) 
Seat 5: <jig a jug> ($2.19 in chips) 
Seat 6: Lorpugo ($3.43 in chips) 
monniH: posts small blind $0.01
misterdenister: posts big blind $0.02
*** HOLE CARDS ***
Dealt to Lorpugo [2s Qs]
<jig a jug>: folds 
Lorpugo: folds 
Daklien_Poke: folds 
aurefran: folds 
monniH: raises $0.06 to $0.08
misterdenister: calls $0.06
*** FLOP *** [2d Jc Td]
monniH: checks 
misterdenister: bets $0.07
monniH: calls $0.07
*** TURN *** [2d Jc Td] [Kd]
monniH: checks 
misterdenister: checks 
*** RIVER *** [2d Jc Td Kd] [Ah]
monniH: checks 
misterdenister: checks 
*** SHOW DOWN ***
monniH: shows [6c 6d] (a pair of Sixes)
misterdenister: shows [Ts Ad] (two pair, Aces and Tens)
misterdenister collected $0.29 from pot
*** SUMMARY ***
Total pot $0.30 | Rake $0.01 
Board [2d Jc Td Kd Ah]
Seat 1: Daklien_Poke folded before Flop (didn't bet)
Seat 2: aurefran (button) folded before Flop (didn't bet)
Seat 3: monniH (small blind) showed [6c 6d] and lost with a pair of Sixes
Seat 4: misterdenister (big blind) showed [Ts Ad] and won ($0.29) with two pair, Aces and Tens
Seat 5: <jig a jug> folded before Flop (didn't bet)
Seat 6: Lorpugo folded before Flop (didn't bet)



PokerStars Hand #241316997554:  Hold'em No Limit ($0.01/$0.02 USD) - 2023/01/22 8:51:06 ET
Table 'Abetti' 6-max Seat #3 is the button
Seat 1: Daklien_Poke ($1.96 in chips) 
Seat 2: aurefran ($2 in chips) 
Seat 3: monniH ($1.91 in chips) 
Seat 4: misterdenister ($2.30 in chips) 
Seat 5: <jig a jug> ($2.19 in chips) 
Seat 6: Lorpugo ($3.43 in chips) 
misterdenister: posts small blind $0.01
<jig a jug>: posts big blind $0.02
*** HOLE CARDS ***
Dealt to Lorpugo [6d 5h]
Lorpugo: folds 
Daklien_Poke: folds 
aurefran: folds 
monniH: raises $0.04 to $0.06
misterdenister: folds 
<jig a jug>: folds 
Uncalled bet ($0.04) returned to monniH
monniH collected $0.05 from pot
monniH: doesn't show hand 
*** SUMMARY ***
Total pot $0.05 | Rake $0 
Seat 1: Daklien_Poke folded before Flop (didn't bet)
Seat 2: aurefran folded before Flop (didn't bet)
Seat 3: monniH (button) collected ($0.05)
Seat 4: misterdenister (small blind) folded before Flop
Seat 5: <jig a jug> (big blind) folded before Flop
Seat 6: Lorpugo folded before Flop (didn't bet)



PokerStars Hand #241317000814:  Hold'em No Limit ($0.01/$0.02 USD) - 2023/01/22 8:51:18 ET
Table 'Abetti' 6-max Seat #4 is the button
Seat 1: Daklien_Poke ($1.96 in chips) 
Seat 2: aurefran ($2 in chips) 
Seat 3: monniH ($2 in chips) 
Seat 4: misterdenister ($2.29 in chips) 
Seat 5: <jig a jug> ($2.17 in chips) 
Seat 6: Lorpugo ($3.43 in chips) 
<jig a jug>: posts small blind $0.01
Lorpugo: posts big blind $0.02
*** HOLE CARDS ***
Dealt to Lorpugo [Th 3c]
Daklien_Poke: folds 
aurefran: folds 
monniH: raises $0.04 to $0.06
misterdenister: calls $0.06
<jig a jug>: folds 
Lorpugo: folds 
*** FLOP *** [Jd Qs 8c]
monniH: bets $0.12
misterdenister: folds 
Uncalled bet ($0.12) returned to monniH
monniH collected $0.14 from pot
monniH: doesn't show hand 
*** SUMMARY ***
Total pot $0.15 | Rake $0.01 
Board [Jd Qs 8c]
Seat 1: Daklien_Poke folded before Flop (didn't bet)
Seat 2: aurefran folded before Flop (didn't bet)
Seat 3: monniH collected ($0.14)
Seat 4: misterdenister (button) folded on the Flop
Seat 5: <jig a jug> (small blind) folded before Flop
Seat 6: Lorpugo (big blind) folded before Flop



PokerStars Hand #241317007481:  Hold'em No Limit ($0.01/$0.02 USD) - 2023/01/22 8:51:43 ET
Table 'Abetti' 6-max Seat #5 is the button
Seat 1: Daklien_Poke ($1.96 in chips) 
Seat 2: aurefran ($2 in chips) 
Seat 3: monniH ($2.08 in chips) 
Seat 4: misterdenister ($2.23 in chips) 
Seat 5: <jig a jug> ($2.16 in chips) 
Seat 6: Lorpugo ($3.41 in chips) 
Lorpugo: posts small blind $0.01
Daklien_Poke: posts big blind $0.02
*** HOLE CARDS ***
Dealt to Lorpugo [Qs 6h]
aurefran: folds 
monniH: folds 
misterdenister: folds 
<jig a jug>: folds 
Lorpugo: raises $0.03 to $0.05
Daklien_Poke: folds 
Uncalled bet ($0.03) returned to Lorpugo
Lorpugo collected $0.04 from pot
Lorpugo: doesn't show hand 
*** SUMMARY ***
Total pot $0.04 | Rake $0 
Seat 1: Daklien_Poke (big blind) folded before Flop
Seat 2: aurefran folded before Flop (didn't bet)
Seat 3: monniH folded before Flop (didn't bet)
Seat 4: misterdenister folded before Flop (didn't bet)
Seat 5: <jig a jug> (button) folded before Flop (didn't bet)
Seat 6: Lorpugo (small blind) collected ($0.04)



PokerStars Hand #241317013320:  Hold'em No Limit ($0.01/$0.02 USD) - 2023/01/22 8:52:04 ET
Table 'Abetti' 6-max Seat #6 is the button
Seat 1: Daklien_Poke ($1.94 in chips) 
Seat 2: aurefran ($2 in chips) 
Seat 3: monniH ($2.08 in chips) 
Seat 4: misterdenister ($2.23 in chips) 
Seat 5: <jig a jug> ($2.16 in chips) 
Seat 6: Lorpugo ($3.43 in chips) 
Daklien_Poke: posts small blind $0.01
aurefran: posts big blind $0.02
*** HOLE CARDS ***
Dealt to Lorpugo [Qs 5d]
monniH: raises $0.04 to $0.06
misterdenister: calls $0.06
<jig a jug>: folds 
Lorpugo: folds 
Daklien_Poke: folds 
aurefran: folds 
*** FLOP *** [8c Qd Jc]
monniH: checks 
misterdenister: bets $0.08
monniH: calls $0.08
*** TURN *** [8c Qd Jc] [6h]
monniH: checks 
misterdenister: bets $0.15
monniH: folds 
Uncalled bet ($0.15) returned to misterdenister
misterdenister collected $0.30 from pot
misterdenister: doesn't show hand 
*** SUMMARY ***
Total pot $0.31 | Rake $0.01 
Board [8c Qd Jc 6h]
Seat 1: Daklien_Poke (small blind) folded before Flop
Seat 2: aurefran (big blind) folded before Flop
Seat 3: monniH folded on the Turn
Seat 4: misterdenister collected ($0.30)
Seat 5: <jig a jug> folded before Flop (didn't bet)
Seat 6: Lorpugo (button) folded before Flop (didn't bet)



PokerStars Hand #241317021607:  Hold'em No Limit ($0.01/$0.02 USD) - 2023/01/22 8:52:35 ET
Table 'Abetti' 6-max Seat #1 is the button
Seat 1: Daklien_Poke ($1.93 in chips) 
Seat 2: aurefran ($2 in chips) 
Seat 3: monniH ($1.94 in chips) 
Seat 4: misterdenister ($2.39 in chips) 
Seat 5: <jig a jug> ($2.16 in chips) 
Seat 6: Lorpugo ($3.43 in chips) 
aurefran: posts small blind $0.01
monniH: posts big blind $0.02
*** HOLE CARDS ***
Dealt to Lorpugo [4c Qd]
misterdenister: raises $0.03 to $0.05
<jig a jug>: folds 
Lorpugo: folds 
Daklien_Poke: folds 
aurefran: folds 
monniH: folds 
Uncalled bet ($0.03) returned to misterdenister
misterdenister collected $0.05 from pot
misterdenister: doesn't show hand 
*** SUMMARY ***
Total pot $0.05 | Rake $0 
Seat 1: Daklien_Poke (button) folded before Flop (didn't bet)
Seat 2: aurefran (small blind) folded before Flop
Seat 3: monniH (big blind) folded before Flop
Seat 4: misterdenister collected ($0.05)
Seat 5: <jig a jug> folded before Flop (didn't bet)
Seat 6: Lorpugo folded before Flop (didn't bet)



PokerStars Hand #241317023896:  Hold'em No Limit ($0.01/$0.02 USD) - 2023/01/22 8:52:44 ET
Table 'Abetti' 6-max Seat #2 is the button
Seat 1: Daklien_Poke ($1.93 in chips) 
Seat 2: aurefran ($2 in chips) 
Seat 3: monniH ($1.98 in chips) 
Seat 4: misterdenister ($2.42 in chips) 
Seat 5: <jig a jug> ($2.16 in chips) 
Seat 6: Lorpugo ($3.43 in chips) 
monniH: posts small blind $0.01
misterdenister: posts big blind $0.02
*** HOLE CARDS ***
Dealt to Lorpugo [Ts 2c]
<jig a jug>: folds 
Lorpugo: folds 
Daklien_Poke: folds 
aurefran: raises $0.04 to $0.06
monniH: raises $0.18 to $0.24
misterdenister: calls $0.22
aurefran: folds 
*** FLOP *** [3s 2h Kh]
monniH: bets $0.09
misterdenister: raises $0.16 to $0.25
monniH: calls $0.16
*** TURN *** [3s 2h Kh] [9s]
monniH: checks 
misterdenister: bets $0.20
monniH: raises $0.54 to $0.74
misterdenister: folds 
Uncalled bet ($0.54) returned to monniH
monniH collected $1.39 from pot
monniH: doesn't show hand 
*** SUMMARY ***
Total pot $1.44 | Rake $0.05 
Board [3s 2h Kh 9s]
Seat 1: Daklien_Poke folded before Flop (didn't bet)
Seat 2: aurefran (button) folded before Flop
Seat 3: monniH (small blind) collected ($1.39)
Seat 4: misterdenister (big blind) folded on the Turn
Seat 5: <jig a jug> folded before Flop (didn't bet)
Seat 6: Lorpugo folded before Flop (didn't bet)



PokerStars Hand #241317042365:  Hold'em No Limit ($0.01/$0.02 USD) - 2023/01/22 8:53:52 ET
Table 'Abetti' 6-max Seat #3 is the button
Seat 1: Daklien_Poke ($1.93 in chips) 
Seat 2: aurefran ($2 in chips) 
Seat 3: monniH ($2.68 in chips) 
Seat 4: misterdenister ($1.73 in chips) 
Seat 5: <jig a jug> ($2.16 in chips) 
Seat 6: Lorpugo ($3.43 in chips) 
misterdenister: posts small blind $0.01
<jig a jug>: posts big blind $0.02
*** HOLE CARDS ***
Dealt to Lorpugo [Qc 6h]
Lorpugo: folds 
Daklien_Poke: folds 
aurefran: folds 
monniH: raises $0.04 to $0.06
misterdenister: raises $0.11 to $0.17
<jig a jug>: folds 
monniH: calls $0.11
*** FLOP *** [8s 4c 5d]
misterdenister: checks 
monniH: checks 
*** TURN *** [8s 4c 5d] [2c]
misterdenister: bets $0.12
monniH: calls $0.12
*** RIVER *** [8s 4c 5d 2c] [Th]
misterdenister: checks 
monniH: checks 
*** SHOW DOWN ***
misterdenister: shows [6c 6d] (a pair of Sixes)
monniH: mucks hand 
misterdenister collected $0.58 from pot
*** SUMMARY ***
Total pot $0.60 | Rake $0.02 
Board [8s 4c 5d 2c Th]
Seat 1: Daklien_Poke folded before Flop (didn't bet)
Seat 2: aurefran folded before Flop (didn't bet)
Seat 3: monniH (button) mucked [5s Ks]
Seat 4: misterdenister (small blind) showed [6c 6d] and won ($0.58) with a pair of Sixes
Seat 5: <jig a jug> (big blind) folded before Flop
Seat 6: Lorpugo folded before Flop (didn't bet)



PokerStars Hand #241317053440:  Hold'em No Limit ($0.01/$0.02 USD) - 2023/01/22 8:54:33 ET
Table 'Abetti' 6-max Seat #4 is the button
Seat 1: Daklien_Poke ($1.93 in chips) 
Seat 2: aurefran ($2 in chips) 
Seat 3: monniH ($2.39 in chips) 
Seat 4: misterdenister ($2.02 in chips) 
Seat 6: Lorpugo ($3.43 in chips) 
Lorpugo: posts small blind $0.01
Daklien_Poke: posts big blind $0.02
*** HOLE CARDS ***
Dealt to Lorpugo [Js 8h]
aurefran: folds 
monniH: folds 
misterdenister: calls $0.02
Lorpugo: calls $0.01
Daklien_Poke: checks 
*** FLOP *** [8s Ah 5c]
Lorpugo: checks 
Daklien_Poke: checks 
misterdenister: checks 
*** TURN *** [8s Ah 5c] [Jd]
Lorpugo: bets $0.03
Daklien_Poke: folds 
misterdenister: calls $0.03
*** RIVER *** [8s Ah 5c Jd] [3s]
Lorpugo: bets $0.12
misterdenister: folds 
Uncalled bet ($0.12) returned to Lorpugo
Lorpugo collected $0.12 from pot
Lorpugo: doesn't show hand 
*** SUMMARY ***
Total pot $0.12 | Rake $0 
Board [8s Ah 5c Jd 3s]
Seat 1: Daklien_Poke (big blind) folded on the Turn
Seat 2: aurefran folded before Flop (didn't bet)
Seat 3: monniH folded before Flop (didn't bet)
Seat 4: misterdenister (button) folded on the River
Seat 6: Lorpugo (small blind) collected ($0.12)



PokerStars Hand #241317063257:  Hold'em No Limit ($0.01/$0.02 USD) - 2023/01/22 8:55:09 ET
Table 'Abetti' 6-max Seat #6 is the button
Seat 1: Daklien_Poke ($1.91 in chips) 
Seat 2: aurefran ($2 in chips) 
Seat 3: monniH ($2.39 in chips) 
Seat 4: misterdenister ($1.97 in chips) 
Seat 6: Lorpugo ($3.50 in chips) 
Daklien_Poke: posts small blind $0.01
aurefran: posts big blind $0.02
*** HOLE CARDS ***
Dealt to Lorpugo [9h 2s]
monniH: folds 
misterdenister: folds 
Lorpugo: folds 
Daklien_Poke: calls $0.01
aurefran: raises $0.06 to $0.08
Daklien_Poke: calls $0.06
*** FLOP *** [Qs 4s 5s]
Daklien_Poke: bets $0.09
aurefran: calls $0.09
*** TURN *** [Qs 4s 5s] [9s]
Daklien_Poke: checks 
aurefran: checks 
*** RIVER *** [Qs 4s 5s 9s] [Kc]
Daklien_Poke: bets $0.24
aurefran: raises $0.24 to $0.48
Daklien_Poke: calls $0.24
*** SHOW DOWN ***
aurefran: shows [As Jc] (a flush, Ace high)
Daklien_Poke: mucks hand 
aurefran collected $1.25 from pot
*** SUMMARY ***
Total pot $1.30 | Rake $0.05 
Board [Qs 4s 5s 9s Kc]
Seat 1: Daklien_Poke (small blind) mucked [Qd Kh]
Seat 2: aurefran (big blind) showed [As Jc] and won ($1.25) with a flush, Ace high
Seat 3: monniH folded before Flop (didn't bet)
Seat 4: misterdenister folded before Flop (didn't bet)
Seat 6: Lorpugo (button) folded before Flop (didn't bet)



PokerStars Hand #241317070765:  Hold'em No Limit ($0.01/$0.02 USD) - 2023/01/22 8:55:43 ET
Table 'Abetti' 6-max Seat #1 is the button
Seat 1: Daklien_Poke ($1.26 in chips) 
Seat 2: aurefran ($2.60 in chips) 
Seat 3: monniH ($2.39 in chips) 
Seat 4: misterdenister ($1.97 in chips) 
Seat 6: Lorpugo ($3.50 in chips) 
aurefran: posts small blind $0.01
monniH: posts big blind $0.02
*** HOLE CARDS ***
Dealt to Lorpugo [Ts 6c]
misterdenister: folds 
Lorpugo: folds 
Daklien_Poke: folds 
aurefran: folds 
Uncalled bet ($0.01) returned to monniH
monniH collected $0.02 from pot
monniH: doesn't show hand 
*** SUMMARY ***
Total pot $0.02 | Rake $0 
Seat 1: Daklien_Poke (button) folded before Flop (didn't bet)
Seat 2: aurefran (small blind) folded before Flop
Seat 3: monniH (big blind) collected ($0.02)
Seat 4: misterdenister folded before Flop (didn't bet)
Seat 6: Lorpugo folded before Flop (didn't bet)



PokerStars Hand #241317073196:  Hold'em No Limit ($0.01/$0.02 USD) - 2023/01/22 8:55:54 ET
Table 'Abetti' 6-max Seat #2 is the button
Seat 1: Daklien_Poke ($1.26 in chips) 
Seat 2: aurefran ($2.59 in chips) 
Seat 3: monniH ($2.40 in chips) 
Seat 4: misterdenister ($1.97 in chips) 
Seat 6: Lorpugo ($3.50 in chips) 
monniH: posts small blind $0.01
misterdenister: posts big blind $0.02
*** HOLE CARDS ***
Dealt to Lorpugo [Qd Kh]
Lorpugo: raises $0.03 to $0.05
Daklien_Poke: folds 
aurefran: calls $0.05
monniH: folds 
misterdenister: calls $0.03
*** FLOP *** [5d Qc Td]
misterdenister: checks 
Lorpugo: bets $0.10
Daklien_Poke leaves the table
aurefran: calls $0.10
misterdenister: folds 
*** TURN *** [5d Qc Td] [4d]
Lorpugo: bets $0.18
aurefran: calls $0.18
*** RIVER *** [5d Qc Td 4d] [Ts]
Lorpugo: checks 
aurefran: bets $0.35
34kristian joins the table at seat #1 
Lorpugo: calls $0.35
*** SHOW DOWN ***
aurefran: shows [Ac Kd] (a pair of Tens)
Lorpugo: shows [Qd Kh] (two pair, Queens and Tens)
Lorpugo collected $1.37 from pot
*** SUMMARY ***
Total pot $1.42 | Rake $0.05 
Board [5d Qc Td 4d Ts]
Seat 1: Daklien_Poke folded before Flop (didn't bet)
Seat 2: aurefran (button) showed [Ac Kd] and lost with a pair of Tens
Seat 3: monniH (small blind) folded before Flop
Seat 4: misterdenister (big blind) folded on the Flop
Seat 6: Lorpugo showed [Qd Kh] and won ($1.37) with two pair, Queens and Tens



PokerStars Hand #241317081605:  Hold'em No Limit ($0.01/$0.02 USD) - 2023/01/22 8:56:33 ET
Table 'Abetti' 6-max Seat #3 is the button
Seat 2: aurefran ($2 in chips) 
Seat 3: monniH ($2.39 in chips) 
Seat 4: misterdenister ($1.92 in chips) 
Seat 6: Lorpugo ($4.19 in chips) 
misterdenister: posts small blind $0.01
Lorpugo: posts big blind $0.02
*** HOLE CARDS ***
Dealt to Lorpugo [9c 8c]
aurefran: raises $0.04 to $0.06
monniH: folds 
misterdenister: folds 
Lorpugo: calls $0.04
*** FLOP *** [6s Kd 8d]
Lorpugo: checks 
aurefran: bets $0.06
Lorpugo: calls $0.06
*** TURN *** [6s Kd 8d] [2s]
Lorpugo: checks 
aurefran: checks 
*** RIVER *** [6s Kd 8d 2s] [4h]
Lorpugo: checks 
aurefran: checks 
*** SHOW DOWN ***
Lorpugo: shows [9c 8c] (a pair of Eights)
aurefran: mucks hand 
Lorpugo collected $0.24 from pot
*** SUMMARY ***
Total pot $0.25 | Rake $0.01 
Board [6s Kd 8d 2s 4h]
Seat 2: aurefran mucked [As 4d]
Seat 3: monniH (button) folded before Flop (didn't bet)
Seat 4: misterdenister (small blind) folded before Flop
Seat 6: Lorpugo (big blind) showed [9c 8c] and won ($0.24) with a pair of Eights



PokerStars Hand #241317089672:  Hold'em No Limit ($0.01/$0.02 USD) - 2023/01/22 8:57:10 ET
Table 'Abetti' 6-max Seat #4 is the button
Seat 1: 34kristian ($2 in chips) 
Seat 2: aurefran ($2 in chips) 
Seat 3: monniH ($2.39 in chips) 
Seat 4: misterdenister ($1.91 in chips) 
Seat 6: Lorpugo ($4.31 in chips) 
Lorpugo: posts small blind $0.01
34kristian: posts big blind $0.02
*** HOLE CARDS ***
Dealt to Lorpugo [Td 8d]
aurefran: folds 
monniH: folds 
misterdenister: raises $0.03 to $0.05
Lorpugo: calls $0.04
34kristian: calls $0.03
*** FLOP *** [9d Th 7d]
Lorpugo: bets $0.09
34kristian: calls $0.09
misterdenister: calls $0.09
*** TURN *** [9d Th 7d] [6c]
Lorpugo: bets $0.27
34kristian: calls $0.27
misterdenister: folds 
*** RIVER *** [9d Th 7d 6c] [9s]
Lorpugo: bets $1.80
34kristian: calls $1.59 and is all-in
Uncalled bet ($0.21) returned to Lorpugo
*** SHOW DOWN ***
Lorpugo: shows [Td 8d] (a straight, Six to Ten)
34kristian: shows [Tc 6h] (two pair, Tens and Nines)
Lorpugo collected $4 from pot
*** SUMMARY ***
Total pot $4.14 | Rake $0.14 
Board [9d Th 7d 6c 9s]
Seat 1: 34kristian (big blind) showed [Tc 6h] and lost with two pair, Tens and Nines
Seat 2: aurefran folded before Flop (didn't bet)
Seat 3: monniH folded before Flop (didn't bet)
Seat 4: misterdenister (button) folded on the Turn
Seat 6: Lorpugo (small blind) showed [Td 8d] and won ($4) with a straight, Six to Ten



PokerStars Hand #241317097876:  Hold'em No Limit ($0.01/$0.02 USD) - 2023/01/22 8:57:48 ET
Table 'Abetti' 6-max Seat #6 is the button
Seat 2: aurefran ($2 in chips) 
Seat 3: monniH ($2.39 in chips) 
Seat 4: misterdenister ($1.77 in chips) 
Seat 6: Lorpugo ($6.31 in chips) 
aurefran: posts small blind $0.01
monniH: posts big blind $0.02
*** HOLE CARDS ***
Dealt to Lorpugo [6h 4h]
misterdenister: folds 
Lorpugo: raises $0.02 to $0.04
aurefran: folds 
monniH: folds 
Uncalled bet ($0.02) returned to Lorpugo
Lorpugo collected $0.05 from pot
Lorpugo: doesn't show hand 
*** SUMMARY ***
Total pot $0.05 | Rake $0 
Seat 2: aurefran (small blind) folded before Flop
Seat 3: monniH (big blind) folded before Flop
Seat 4: misterdenister folded before Flop (didn't bet)
Seat 6: Lorpugo (button) collected ($0.05)



PokerStars Hand #241317101008:  Hold'em No Limit ($0.01/$0.02 USD) - 2023/01/22 8:58:03 ET
Table 'Abetti' 6-max Seat #2 is the button
Seat 1: 34kristian ($2 in chips) 
Seat 2: aurefran ($2 in chips) 
Seat 3: monniH ($2.37 in chips) 
Seat 4: misterdenister ($1.77 in chips) 
Seat 6: Lorpugo ($6.34 in chips) 
monniH: posts small blind $0.01
misterdenister: posts big blind $0.02
34kristian: posts small blind $0.01
*** HOLE CARDS ***
Dealt to Lorpugo [Ts Jc]
Lorpugo: raises $0.03 to $0.05
34kristian: calls $0.05
aurefran: folds 
monniH: folds 
misterdenister: raises $0.15 to $0.20
Lorpugo: folds 
34kristian: calls $0.15
*** FLOP *** [Kh 3s Qc]
misterdenister: bets $0.13
34kristian: raises $0.13 to $0.26
misterdenister: calls $0.13
*** TURN *** [Kh 3s Qc] [9h]
misterdenister: bets $0.52
34kristian: raises $1.01 to $1.53 and is all-in
misterdenister: calls $0.79 and is all-in
Uncalled bet ($0.22) returned to 34kristian
*** RIVER *** [Kh 3s Qc 9h] [Jd]
*** SHOW DOWN ***
misterdenister: shows [Qd Qh] (three of a kind, Queens)
34kristian: shows [2c Kd] (a pair of Kings)
misterdenister collected $3.48 from pot
*** SUMMARY ***
Total pot $3.61 | Rake $0.13 
Board [Kh 3s Qc 9h Jd]
Seat 1: 34kristian showed [2c Kd] and lost with a pair of Kings
Seat 2: aurefran (button) folded before Flop (didn't bet)
Seat 3: monniH (small blind) folded before Flop
Seat 4: misterdenister (big blind) showed [Qd Qh] and won ($3.48) with three of a kind, Queens
Seat 6: Lorpugo folded before Flop



PokerStars Hand #241317110492:  Hold'em No Limit ($0.01/$0.02 USD) - 2023/01/22 8:58:46 ET
Table 'Abetti' 6-max Seat #3 is the button
Seat 1: 34kristian ($0.22 in chips) 
Seat 2: aurefran ($2 in chips) 
Seat 3: monniH ($2.36 in chips) 
Seat 4: misterdenister ($3.48 in chips) 
Seat 6: Lorpugo ($6.29 in chips) 
misterdenister: posts small blind $0.01
Lorpugo: posts big blind $0.02
*** HOLE CARDS ***
Dealt to Lorpugo [6d 2d]
34kristian: raises $0.20 to $0.22 and is all-in
aurefran: folds 
monniH: folds 
misterdenister: calls $0.21
Lorpugo: folds 
*** FLOP *** [8s Ad 2s]
*** TURN *** [8s Ad 2s] [2h]
*** RIVER *** [8s Ad 2s 2h] [3h]
*** SHOW DOWN ***
misterdenister: shows [Ks Ah] (two pair, Aces and Deuces)
34kristian: shows [6c 7h] (a pair of Deuces)
misterdenister collected $0.44 from pot
*** SUMMARY ***
Total pot $0.46 | Rake $0.02 
Board [8s Ad 2s 2h 3h]
Seat 1: 34kristian showed [6c 7h] and lost with a pair of Deuces
Seat 2: aurefran folded before Flop (didn't bet)
Seat 3: monniH (button) folded before Flop (didn't bet)
Seat 4: misterdenister (small blind) showed [Ks Ah] and won ($0.44) with two pair, Aces and Deuces
Seat 6: Lorpugo (big blind) folded before Flop



PokerStars Hand #241317114922:  Hold'em No Limit ($0.01/$0.02 USD) - 2023/01/22 8:59:06 ET
Table 'Abetti' 6-max Seat #4 is the button
Seat 2: aurefran ($2 in chips) 
Seat 3: monniH ($2.36 in chips) 
Seat 4: misterdenister ($3.70 in chips) 
Seat 6: Lorpugo ($6.27 in chips) 
Lorpugo: posts small blind $0.01
aurefran: posts big blind $0.02
*** HOLE CARDS ***
Dealt to Lorpugo [5s Qc]
monniH: folds 
misterdenister: raises $0.02 to $0.04
Lorpugo: folds 
aurefran: folds 
Uncalled bet ($0.02) returned to misterdenister
misterdenister collected $0.05 from pot
misterdenister: doesn't show hand 
*** SUMMARY ***
Total pot $0.05 | Rake $0 
Seat 2: aurefran (big blind) folded before Flop
Seat 3: monniH folded before Flop (didn't bet)
Seat 4: misterdenister (button) collected ($0.05)
Seat 6: Lorpugo (small blind) folded before Flop



PokerStars Hand #241317118093:  Hold'em No Limit ($0.01/$0.02 USD) - 2023/01/22 8:59:21 ET
Table 'Abetti' 6-max Seat #6 is the button
Seat 2: aurefran ($2 in chips) 
Seat 3: monniH ($2.36 in chips) 
Seat 4: misterdenister ($3.73 in chips) 
Seat 6: Lorpugo ($6.26 in chips) 
aurefran: posts small blind $0.01
monniH: posts big blind $0.02
*** HOLE CARDS ***
Dealt to Lorpugo [Qc Qh]
misterdenister: calls $0.02
Lorpugo: raises $0.07 to $0.09
aurefran: calls $0.08
monniH: folds 
misterdenister: folds 
*** FLOP *** [Kh 5s 7c]
aurefran: bets $0.10
Lorpugo: calls $0.10
*** TURN *** [Kh 5s 7c] [3s]
aurefran: bets $0.12
Lorpugo: calls $0.12
*** RIVER *** [Kh 5s 7c 3s] [4h]
aurefran: bets $0.10
Lorpugo: calls $0.10
*** SHOW DOWN ***
aurefran: shows [Jc Kd] (a pair of Kings)
Lorpugo: mucks hand 
aurefran collected $0.83 from pot
*** SUMMARY ***
Total pot $0.86 | Rake $0.03 
Board [Kh 5s 7c 3s 4h]
Seat 2: aurefran (small blind) showed [Jc Kd] and won ($0.83) with a pair of Kings
Seat 3: monniH (big blind) folded before Flop
Seat 4: misterdenister folded before Flop
Seat 6: Lorpugo (button) mucked [Qc Qh]



PokerStars Hand #241317127581:  Hold'em No Limit ($0.01/$0.02 USD) - 2023/01/22 9:00:05 ET
Table 'Abetti' 6-max Seat #2 is the button
Seat 1: 34kristian ($0.98 in chips) 
Seat 2: aurefran ($2.42 in chips) 
Seat 3: monniH ($2.34 in chips) 
Seat 4: misterdenister ($3.71 in chips) 
Seat 6: Lorpugo ($5.85 in chips) 
monniH: posts small blind $0.01
misterdenister: posts big blind $0.02
34kristian: posts small & big blinds $0.03
*** HOLE CARDS ***
Dealt to Lorpugo [4c Qd]
Lorpugo: folds 
34kristian: raises $0.02 to $0.04
aurefran: folds 
monniH: folds 
misterdenister: calls $0.02
*** FLOP *** [5c 6c 9s]
misterdenister: checks 
34kristian: bets $0.02
misterdenister: calls $0.02
*** TURN *** [5c 6c 9s] [Td]
misterdenister: checks 
34kristian: bets $0.91 and is all-in
misterdenister: folds 
Uncalled bet ($0.91) returned to 34kristian
34kristian collected $0.14 from pot
34kristian: doesn't show hand 
*** SUMMARY ***
Total pot $0.14 | Rake $0 
Board [5c 6c 9s Td]
Seat 1: 34kristian collected ($0.14)
Seat 2: aurefran (button) folded before Flop (didn't bet)
Seat 3: monniH (small blind) folded before Flop
Seat 4: misterdenister (big blind) folded on the Turn
Seat 6: Lorpugo folded before Flop (didn't bet)



PokerStars Hand #241317142591:  Hold'em No Limit ($0.01/$0.02 USD) - 2023/01/22 9:01:08 ET
Table 'Abetti' 6-max Seat #3 is the button
Seat 1: 34kristian ($1.05 in chips) 
Seat 2: aurefran ($2.42 in chips) 
Seat 3: monniH ($2.33 in chips) 
Seat 4: misterdenister ($3.65 in chips) 
Seat 6: Lorpugo ($5.85 in chips) 
misterdenister: posts small blind $0.01
Lorpugo: posts big blind $0.02
*** HOLE CARDS ***
Dealt to Lorpugo [9s 2h]
34kristian: folds 
aurefran: folds 
monniH: raises $0.04 to $0.06
misterdenister: folds 
Lorpugo: folds 
Uncalled bet ($0.04) returned to monniH
monniH collected $0.05 from pot
<jig a jug> leaves the table
monniH: doesn't show hand 
*** SUMMARY ***
Total pot $0.05 | Rake $0 
Seat 1: 34kristian folded before Flop (didn't bet)
Seat 2: aurefran folded before Flop (didn't bet)
Seat 3: monniH (button) collected ($0.05)
Seat 4: misterdenister (small blind) folded before Flop
Seat 6: Lorpugo (big blind) folded before Flop



PokerStars Hand #241317146085:  Hold'em No Limit ($0.01/$0.02 USD) - 2023/01/22 9:01:23 ET
Table 'Abetti' 6-max Seat #4 is the button
Seat 1: 34kristian ($1.05 in chips) 
Seat 2: aurefran ($2.42 in chips) 
Seat 3: monniH ($2.36 in chips) 
Seat 4: misterdenister ($3.64 in chips) 
Seat 6: Lorpugo ($5.83 in chips) 
Lorpugo: posts small blind $0.01
34kristian: posts big blind $0.02
*** HOLE CARDS ***
Dealt to Lorpugo [Qc As]
aurefran: folds 
monniH: folds 
misterdenister: folds 
TsolaridisSt joins the table at seat #5 
Lorpugo: raises $0.03 to $0.05
34kristian has timed out
34kristian: folds 
Uncalled bet ($0.03) returned to Lorpugo
Lorpugo collected $0.04 from pot
Lorpugo: doesn't show hand 
*** SUMMARY ***
Total pot $0.04 | Rake $0 
Seat 1: 34kristian (big blind) folded before Flop
Seat 2: aurefran folded before Flop (didn't bet)
Seat 3: monniH folded before Flop (didn't bet)
Seat 4: misterdenister (button) folded before Flop (didn't bet)
Seat 6: Lorpugo (small blind) collected ($0.04)



PokerStars Hand #241317154145:  Hold'em No Limit ($0.01/$0.02 USD) - 2023/01/22 9:01:53 ET
Table 'Abetti' 6-max Seat #6 is the button
Seat 2: aurefran ($2.42 in chips) 
Seat 3: monniH ($2.36 in chips) 
Seat 4: misterdenister ($3.64 in chips) 
Seat 6: Lorpugo ($5.85 in chips) 
aurefran: posts small blind $0.01
monniH: posts big blind $0.02
*** HOLE CARDS ***
Dealt to Lorpugo [8c 8s]
misterdenister: folds 
Lorpugo: raises $0.03 to $0.05
aurefran: folds 
monniH: folds 
Uncalled bet ($0.03) returned to Lorpugo
Lorpugo collected $0.05 from pot
Lorpugo: doesn't show hand 
*** SUMMARY ***
Total pot $0.05 | Rake $0 
Seat 2: aurefran (small blind) folded before Flop
Seat 3: monniH (big blind) folded before Flop
Seat 4: misterdenister folded before Flop (didn't bet)
Seat 6: Lorpugo (button) collected ($0.05)



PokerStars Hand #241317158217:  Hold'em No Limit ($0.01/$0.02 USD) - 2023/01/22 9:02:09 ET
Table 'Abetti' 6-max Seat #2 is the button
Seat 1: 34kristian ($1.03 in chips) 
Seat 2: aurefran ($2.41 in chips) 
Seat 3: monniH ($2.34 in chips) 
Seat 4: misterdenister ($3.64 in chips) 
Seat 6: Lorpugo ($5.88 in chips) 
monniH: posts small blind $0.01
misterdenister: posts big blind $0.02
34kristian: posts small blind $0.01
*** HOLE CARDS ***
Dealt to Lorpugo [8d Ac]
Lorpugo: raises $0.03 to $0.05
34kristian: raises $0.97 to $1.02 and is all-in
aurefran: folds 
monniH: folds 
misterdenister: folds 
Lorpugo: folds 
Uncalled bet ($0.97) returned to 34kristian
34kristian collected $0.14 from pot
34kristian: doesn't show hand 
*** SUMMARY ***
Total pot $0.14 | Rake $0 
Seat 1: 34kristian collected ($0.14)
Seat 2: aurefran (button) folded before Flop (didn't bet)
Seat 3: monniH (small blind) folded before Flop
Seat 4: misterdenister (big blind) folded before Flop
Seat 6: Lorpugo folded before Flop



PokerStars Hand #241317164067:  Hold'em No Limit ($0.01/$0.02 USD) - 2023/01/22 9:02:29 ET
Table 'Abetti' 6-max Seat #3 is the button
Seat 1: 34kristian ($1.11 in chips) 
Seat 2: aurefran ($2.41 in chips) 
Seat 3: monniH ($2.33 in chips) 
Seat 4: misterdenister ($3.62 in chips) 
Seat 5: TsolaridisSt ($2 in chips) 
Seat 6: Lorpugo ($5.83 in chips) 
misterdenister: posts small blind $0.01
TsolaridisSt: posts big blind $0.02
*** HOLE CARDS ***
Dealt to Lorpugo [9c 3d]
Lorpugo: folds 
34kristian: folds 
aurefran: folds 
34kristian leaves the table
monniH: raises $0.04 to $0.06
misterdenister: calls $0.05
TsolaridisSt: folds 
*** FLOP *** [2c Qc 3c]
misterdenister: checks 
monniH: checks 
*** TURN *** [2c Qc 3c] [5d]
misterdenister: checks 
sokkosal joins the table at seat #1 
monniH: checks 
*** RIVER *** [2c Qc 3c 5d] [Th]
misterdenister: checks 
monniH: checks 
*** SHOW DOWN ***
misterdenister: shows [Ad 8d] (high card Ace)
monniH: mucks hand 
misterdenister collected $0.14 from pot
*** SUMMARY ***
Total pot $0.14 | Rake $0 
Board [2c Qc 3c 5d Th]
Seat 1: 34kristian folded before Flop (didn't bet)
Seat 2: aurefran folded before Flop (didn't bet)
Seat 3: monniH (button) mucked [9s Jd]
Seat 4: misterdenister (small blind) showed [Ad 8d] and won ($0.14) with high card Ace
Seat 5: TsolaridisSt (big blind) folded before Flop
Seat 6: Lorpugo folded before Flop (didn't bet)



PokerStars Hand #241317173280:  Hold'em No Limit ($0.01/$0.02 USD) - 2023/01/22 9:03:03 ET
Table 'Abetti' 6-max Seat #4 is the button
Seat 1: sokkosal ($1.58 in chips) 
Seat 2: aurefran ($2.41 in chips) 
Seat 3: monniH ($2.27 in chips) 
Seat 4: misterdenister ($3.70 in chips) 
Seat 5: TsolaridisSt ($1.98 in chips) 
Seat 6: Lorpugo ($5.83 in chips) 
TsolaridisSt: posts small blind $0.01
Lorpugo: posts big blind $0.02
sokkosal: posts big blind $0.02
*** HOLE CARDS ***
Dealt to Lorpugo [4h Ah]
sokkosal: checks 
aurefran: raises $0.06 to $0.08
monniH: folds 
misterdenister: folds 
TsolaridisSt: folds 
Lorpugo: folds 
sokkosal: folds 
Uncalled bet ($0.06) returned to aurefran
aurefran collected $0.07 from pot
aurefran: doesn't show hand 
*** SUMMARY ***
Total pot $0.07 | Rake $0 
Seat 1: sokkosal folded before Flop (didn't bet)
Seat 2: aurefran collected ($0.07)
Seat 3: monniH folded before Flop (didn't bet)
Seat 4: misterdenister (button) folded before Flop (didn't bet)
Seat 5: TsolaridisSt (small blind) folded before Flop
Seat 6: Lorpugo (big blind) folded before Flop



PokerStars Hand #241317182589:  Hold'em No Limit ($0.01/$0.02 USD) - 2023/01/22 9:03:36 ET
Table 'Abetti' 6-max Seat #5 is the button
Seat 1: sokkosal ($1.56 in chips) 
Seat 2: aurefran ($2.46 in chips) 
Seat 3: monniH ($2.27 in chips) 
Seat 4: misterdenister ($3.70 in chips) 
Seat 5: TsolaridisSt ($1.97 in chips) 
Seat 6: Lorpugo ($5.81 in chips) 
Lorpugo: posts small blind $0.01
sokkosal: posts big blind $0.02
*** HOLE CARDS ***
Dealt to Lorpugo [6d Th]
aurefran: folds 
monniH: folds 
misterdenister: calls $0.02
TsolaridisSt: raises $0.07 to $0.09
Lorpugo: folds 
sokkosal: folds 
misterdenister: calls $0.07
*** FLOP *** [8c 2h Ad]
misterdenister: checks 
TsolaridisSt: bets $0.07
misterdenister: folds 
Uncalled bet ($0.07) returned to TsolaridisSt
TsolaridisSt collected $0.20 from pot
TsolaridisSt: doesn't show hand 
*** SUMMARY ***
Total pot $0.21 | Rake $0.01 
Board [8c 2h Ad]
Seat 1: sokkosal (big blind) folded before Flop
Seat 2: aurefran folded before Flop (didn't bet)
Seat 3: monniH folded before Flop (didn't bet)
Seat 4: misterdenister folded on the Flop
Seat 5: TsolaridisSt (button) collected ($0.20)
Seat 6: Lorpugo (small blind) folded before Flop



PokerStars Hand #241317189822:  Hold'em No Limit ($0.01/$0.02 USD) - 2023/01/22 9:04:02 ET
Table 'Abetti' 6-max Seat #6 is the button
Seat 1: sokkosal ($1.54 in chips) 
Seat 2: aurefran ($2.46 in chips) 
Seat 3: monniH ($2.27 in chips) 
Seat 4: misterdenister ($3.61 in chips) 
Seat 5: TsolaridisSt ($2.08 in chips) 
Seat 6: Lorpugo ($5.80 in chips) 
sokkosal: posts small blind $0.01
aurefran: posts big blind $0.02
*** HOLE CARDS ***
Dealt to Lorpugo [Jd Tc]
monniH: folds 
misterdenister: folds 
TsolaridisSt: raises $0.05 to $0.07
Lorpugo: calls $0.07
sokkosal: folds 
aurefran: folds 
*** FLOP *** [3h Td 9s]
TsolaridisSt: bets $0.08
Lorpugo: calls $0.08
*** TURN *** [3h Td 9s] [8d]
TsolaridisSt: bets $0.21
Lorpugo: calls $0.21
*** RIVER *** [3h Td 9s 8d] [4s]
TsolaridisSt: bets $0.80
misterdenister leaves the table
Lorpugo: folds 
Uncalled bet ($0.80) returned to TsolaridisSt
TsolaridisSt collected $0.72 from pot
TsolaridisSt: doesn't show hand 
*** SUMMARY ***
Total pot $0.75 | Rake $0.03 
Board [3h Td 9s 8d 4s]
Seat 1: sokkosal (small blind) folded before Flop
Seat 2: aurefran (big blind) folded before Flop
Seat 3: monniH folded before Flop (didn't bet)
Seat 4: misterdenister folded before Flop (didn't bet)
Seat 5: TsolaridisSt collected ($0.72)
Seat 6: Lorpugo (button) folded on the River



PokerStars Hand #241317212719:  Hold'em No Limit ($0.01/$0.02 USD) - 2023/01/22 9:05:24 ET
Table 'Abetti' 6-max Seat #1 is the button
Seat 1: sokkosal ($1.53 in chips) 
Seat 2: aurefran ($2.44 in chips) 
Seat 3: monniH ($2.27 in chips) 
Seat 5: TsolaridisSt ($2.44 in chips) 
Seat 6: Lorpugo ($5.44 in chips) 
aurefran: posts small blind $0.01
monniH: posts big blind $0.02
*** HOLE CARDS ***
Dealt to Lorpugo [Qs Ac]
TsolaridisSt: raises $0.04 to $0.06
Lis0ff joins the table at seat #4 
Lorpugo: raises $0.15 to $0.21
sokkosal: calls $0.21
aurefran: folds 
monniH: folds 
TsolaridisSt: calls $0.15
*** FLOP *** [3d 5d Qd]
TsolaridisSt: checks 
Lorpugo: bets $5.23 and is all-in
sokkosal: calls $1.32 and is all-in
TsolaridisSt: folds 
Uncalled bet ($3.91) returned to Lorpugo
*** TURN *** [3d 5d Qd] [3c]
*** RIVER *** [3d 5d Qd 3c] [7s]
*** SHOW DOWN ***
Lorpugo: shows [Qs Ac] (two pair, Queens and Threes)
sokkosal: shows [Ad 8d] (a flush, Ace high)
sokkosal collected $3.18 from pot
*** SUMMARY ***
Total pot $3.30 | Rake $0.12 
Board [3d 5d Qd 3c 7s]
Seat 1: sokkosal (button) showed [Ad 8d] and won ($3.18) with a flush, Ace high
Seat 2: aurefran (small blind) folded before Flop
Seat 3: monniH (big blind) folded before Flop
Seat 5: TsolaridisSt folded on the Flop
Seat 6: Lorpugo showed [Qs Ac] and lost with two pair, Queens and Threes



PokerStars Hand #241317223970:  Hold'em No Limit ($0.01/$0.02 USD) - 2023/01/22 9:06:03 ET
Table 'Abetti' 6-max Seat #2 is the button
Seat 1: sokkosal ($3.18 in chips) 
Seat 2: aurefran ($2.43 in chips) 
Seat 3: monniH ($2.25 in chips) 
Seat 4: Lis0ff ($2 in chips) 
Seat 5: TsolaridisSt ($2.23 in chips) 
Seat 6: Lorpugo ($3.91 in chips) 
monniH: posts small blind $0.01
Lis0ff: posts big blind $0.02
*** HOLE CARDS ***
Dealt to Lorpugo [7h 6s]
TsolaridisSt: raises $0.04 to $0.06
Lorpugo: folds 
sokkosal: raises $0.17 to $0.23
aurefran: folds 
monniH: folds 
Lis0ff: folds 
TsolaridisSt: calls $0.17
*** FLOP *** [4h 5s 4d]
TsolaridisSt: checks 
sokkosal: bets $0.24
TsolaridisSt: folds 
Uncalled bet ($0.24) returned to sokkosal
sokkosal collected $0.47 from pot
*** SUMMARY ***
Total pot $0.49 | Rake $0.02 
Board [4h 5s 4d]
Seat 1: sokkosal collected ($0.47)
Seat 2: aurefran (button) folded before Flop (didn't bet)
Seat 3: monniH (small blind) folded before Flop
Seat 4: Lis0ff (big blind) folded before Flop
Seat 5: TsolaridisSt folded on the Flop
Seat 6: Lorpugo folded before Flop (didn't bet)



PokerStars Hand #241317232915:  Hold'em No Limit ($0.01/$0.02 USD) - 2023/01/22 9:06:35 ET
Table 'Abetti' 6-max Seat #3 is the button
Seat 1: sokkosal ($3.42 in chips) 
Seat 2: aurefran ($2.43 in chips) 
Seat 3: monniH ($2.24 in chips) 
Seat 4: Lis0ff ($2 in chips) 
Seat 5: TsolaridisSt ($2 in chips) 
Seat 6: Lorpugo ($3.91 in chips) 
Lis0ff: posts small blind $0.01
TsolaridisSt: posts big blind $0.02
*** HOLE CARDS ***
Dealt to Lorpugo [8c 5c]
Lorpugo: folds 
sokkosal: calls $0.02
aurefran: folds 
monniH: folds 
Lis0ff: folds 
TsolaridisSt: checks 
*** FLOP *** [Jd Qc 9d]
TsolaridisSt: checks 
sokkosal: bets $0.05
TsolaridisSt: folds 
Uncalled bet ($0.05) returned to sokkosal
sokkosal collected $0.05 from pot
*** SUMMARY ***
Total pot $0.05 | Rake $0 
Board [Jd Qc 9d]
Seat 1: sokkosal collected ($0.05)
Seat 2: aurefran folded before Flop (didn't bet)
Seat 3: monniH (button) folded before Flop (didn't bet)
Seat 4: Lis0ff (small blind) folded before Flop
Seat 5: TsolaridisSt (big blind) folded on the Flop
Seat 6: Lorpugo folded before Flop (didn't bet)



PokerStars Hand #241317241928:  Hold'em No Limit ($0.01/$0.02 USD) - 2023/01/22 9:07:08 ET
Table 'Abetti' 6-max Seat #4 is the button
Seat 1: sokkosal ($3.45 in chips) 
Seat 2: aurefran ($2.43 in chips) 
Seat 3: monniH ($2.24 in chips) 
Seat 4: Lis0ff ($2 in chips) 
Seat 5: TsolaridisSt ($1.98 in chips) 
Seat 6: Lorpugo ($3.91 in chips) 
TsolaridisSt: posts small blind $0.01
Lorpugo: posts big blind $0.02
*** HOLE CARDS ***
Dealt to Lorpugo [Js 3d]
sokkosal: folds 
aurefran: folds 
monniH: raises $0.04 to $0.06
Lis0ff: folds 
TsolaridisSt: folds 
Lorpugo: folds 
Uncalled bet ($0.04) returned to monniH
monniH collected $0.05 from pot
monniH: doesn't show hand 
*** SUMMARY ***
Total pot $0.05 | Rake $0 
Seat 1: sokkosal folded before Flop (didn't bet)
Seat 2: aurefran folded before Flop (didn't bet)
Seat 3: monniH collected ($0.05)
Seat 4: Lis0ff (button) folded before Flop (didn't bet)
Seat 5: TsolaridisSt (small blind) folded before Flop
Seat 6: Lorpugo (big blind) folded before Flop



PokerStars Hand #241317246372:  Hold'em No Limit ($0.01/$0.02 USD) - 2023/01/22 9:07:24 ET
Table 'Abetti' 6-max Seat #5 is the button
Seat 1: sokkosal ($3.45 in chips) 
Seat 2: aurefran ($2.43 in chips) 
Seat 3: monniH ($2.27 in chips) 
Seat 4: Lis0ff ($2 in chips) 
Seat 5: TsolaridisSt ($1.97 in chips) 
Seat 6: Lorpugo ($3.89 in chips) 
Lorpugo: posts small blind $0.01
sokkosal: posts big blind $0.02
*** HOLE CARDS ***
Dealt to Lorpugo [2s 2d]
aurefran: folds 
monniH: folds 
Lis0ff: folds 
TsolaridisSt: raises $0.04 to $0.06
Lorpugo: calls $0.05
sokkosal: calls $0.04
*** FLOP *** [4c 8h 9d]
Lorpugo: checks 
sokkosal: bets $0.09
TsolaridisSt: calls $0.09
Lorpugo: folds 
*** TURN *** [4c 8h 9d] [Qc]
sokkosal: checks 
TsolaridisSt: checks 
*** RIVER *** [4c 8h 9d Qc] [Js]
sokkosal: checks 
TsolaridisSt: checks 
*** SHOW DOWN ***
sokkosal: shows [4s Ac] (a pair of Fours)
TsolaridisSt: shows [7d 7c] (a pair of Sevens)
TsolaridisSt collected $0.35 from pot
*** SUMMARY ***
Total pot $0.36 | Rake $0.01 
Board [4c 8h 9d Qc Js]
Seat 1: sokkosal (big blind) showed [4s Ac] and lost with a pair of Fours
Seat 2: aurefran folded before Flop (didn't bet)
Seat 3: monniH folded before Flop (didn't bet)
Seat 4: Lis0ff folded before Flop (didn't bet)
Seat 5: TsolaridisSt (button) showed [7d 7c] and won ($0.35) with a pair of Sevens
Seat 6: Lorpugo (small blind) folded on the Flop



PokerStars Hand #241317264635:  Hold'em No Limit ($0.01/$0.02 USD) - 2023/01/22 9:08:30 ET
Table 'Abetti' 6-max Seat #6 is the button
Seat 1: sokkosal ($3.30 in chips) 
Seat 2: aurefran ($2.43 in chips) 
Seat 3: monniH ($2.27 in chips) 
Seat 4: Lis0ff ($2 in chips) 
Seat 5: TsolaridisSt ($2.17 in chips) 
Seat 6: Lorpugo ($3.83 in chips) 
sokkosal: posts small blind $0.01
aurefran: posts big blind $0.02
*** HOLE CARDS ***
Dealt to Lorpugo [Ks Kd]
monniH: folds 
Lis0ff: folds 
TsolaridisSt: folds 
Lorpugo has timed out
Lorpugo: folds 
sokkosal: folds 
Uncalled bet ($0.01) returned to aurefran
aurefran collected $0.02 from pot
aurefran: doesn't show hand 
*** SUMMARY ***
Total pot $0.02 | Rake $0 
Seat 1: sokkosal (small blind) folded before Flop
Seat 2: aurefran (big blind) collected ($0.02)
Seat 3: monniH folded before Flop (didn't bet)
Seat 4: Lis0ff folded before Flop (didn't bet)
Seat 5: TsolaridisSt folded before Flop (didn't bet)
Seat 6: Lorpugo (button) folded before Flop (didn't bet)



PokerStars Hand #241317270701:  Hold'em No Limit ($0.01/$0.02 USD) - 2023/01/22 9:08:52 ET
Table 'Abetti' 6-max Seat #1 is the button
Seat 1: sokkosal ($3.29 in chips) 
Seat 2: aurefran ($2.44 in chips) 
Seat 3: monniH ($2.27 in chips) 
Seat 4: Lis0ff ($2 in chips) 
Seat 5: TsolaridisSt ($2.17 in chips) 
Seat 6: Lorpugo ($3.83 in chips) 
aurefran: posts small blind $0.01
monniH: posts big blind $0.02
*** HOLE CARDS ***
Dealt to Lorpugo [3s 6s]
Lis0ff: folds 
TsolaridisSt: folds 
Lorpugo: folds 
sokkosal: raises $0.04 to $0.06
aurefran: folds 
monniH: folds 
Uncalled bet ($0.04) returned to sokkosal
sokkosal collected $0.05 from pot
sokkosal: doesn't show hand 
*** SUMMARY ***
Total pot $0.05 | Rake $0 
Seat 1: sokkosal (button) collected ($0.05)
Seat 2: aurefran (small blind) folded before Flop
Seat 3: monniH (big blind) folded before Flop
Seat 4: Lis0ff folded before Flop (didn't bet)
Seat 5: TsolaridisSt folded before Flop (didn't bet)
Seat 6: Lorpugo folded before Flop (didn't bet)



PokerStars Hand #241317275395:  Hold'em No Limit ($0.01/$0.02 USD) - 2023/01/22 9:09:08 ET
Table 'Abetti' 6-max Seat #2 is the button
Seat 1: sokkosal ($3.32 in chips) 
Seat 2: aurefran ($2.43 in chips) 
Seat 3: monniH ($2.25 in chips) 
Seat 4: Lis0ff ($2 in chips) 
Seat 5: TsolaridisSt ($2.17 in chips) 
Seat 6: Lorpugo ($3.83 in chips) 
monniH: posts small blind $0.01
Lis0ff: posts big blind $0.02
*** HOLE CARDS ***
Dealt to Lorpugo [8h Jh]
TsolaridisSt: folds 
Lorpugo: raises $0.03 to $0.05
sokkosal: calls $0.05
aurefran: calls $0.05
monniH: raises $0.23 to $0.28
Lis0ff: folds 
Lorpugo: folds 
sokkosal: folds 
aurefran: folds 
Uncalled bet ($0.23) returned to monniH
monniH collected $0.22 from pot
monniH: doesn't show hand 
*** SUMMARY ***
Total pot $0.22 | Rake $0 
Seat 1: sokkosal folded before Flop
Seat 2: aurefran (button) folded before Flop
Seat 3: monniH (small blind) collected ($0.22)
Seat 4: Lis0ff (big blind) folded before Flop
Seat 5: TsolaridisSt folded before Flop (didn't bet)
Seat 6: Lorpugo folded before Flop



