PokerStars Zoom Hand #241353299997:  Hold'em No Limit ($0.25/$0.50) - 2023/01/23 18:55:52 ET
Table 'C Carinae' 2-max Seat #1 is the button
Seat 1: daisuke.ars ($53.20 in chips) 
Seat 2: Lorpugo ($27.66 in chips) 
daisuke.ars: posts small blind $0.25
Lorpugo: posts big blind $0.50
*** HOLE CARDS ***
Dealt to Lorpugo [Ac 6c]
daisuke.ars: raises $0.65 to $1.15
Lorpugo: calls $0.65
*** FLOP *** [5s 7d 5h]
Lorpugo: checks 
daisuke.ars: checks 
*** TURN *** [5s 7d 5h] [Qh]
Lorpugo: bets $1.50
daisuke.ars: folds 
Uncalled bet ($1.50) returned to Lorpugo
Lorpugo collected $2.18 from pot
Lorpugo: doesn't show hand 
*** SUMMARY ***
Total pot $2.30 | Rake $0.12 
Board [5s 7d 5h Qh]
Seat 1: daisuke.ars (button) (small blind) folded on the Turn
Seat 2: Lorpugo (big blind) collected ($2.18)



PokerStars Zoom Hand #241353306926:  Hold'em No Limit ($0.25/$0.50) - 2023/01/23 18:56:21 ET
Table 'C Carinae' 2-max Seat #1 is the button
Seat 1: kru2589 ($24.24 in chips) 
Seat 2: Lorpugo ($28.69 in chips) 
kru2589: posts small blind $0.25
Lorpugo: posts big blind $0.50
*** HOLE CARDS ***
Dealt to Lorpugo [As 7h]
kru2589: calls $0.25
Lorpugo: raises $1.50 to $2
kru2589: calls $1.50
*** FLOP *** [Ks Ah 7s]
Lorpugo: checks 
kru2589: bets $3.80
Lorpugo: raises $3.80 to $7.60
kru2589: calls $3.80
*** TURN *** [Ks Ah 7s] [Qs]
Lorpugo: checks 
kru2589: checks 
*** RIVER *** [Ks Ah 7s Qs] [Kc]
Lorpugo: checks 
kru2589: bets $14.64 and is all-in
Lorpugo: calls $14.64
*** SHOW DOWN ***
kru2589: shows [3c Kd] (three of a kind, Kings)
Lorpugo: shows [As 7h] (two pair, Aces and Kings)
kru2589 collected $47.73 from pot
*** SUMMARY ***
Total pot $48.48 | Rake $0.75 
Board [Ks Ah 7s Qs Kc]
Seat 1: kru2589 (button) (small blind) showed [3c Kd] and won ($47.73) with three of a kind, Kings
Seat 2: Lorpugo (big blind) showed [As 7h] and lost with two pair, Aces and Kings



PokerStars Zoom Hand #241353317358:  Hold'em No Limit ($0.25/$0.50) - 2023/01/23 18:57:04 ET
Table 'C Carinae' 2-max Seat #1 is the button
Seat 1: Lorpugo ($4.45 in chips) 
Seat 2: lucaslucas7 ($57.64 in chips) 
Lorpugo: posts small blind $0.25
lucaslucas7: posts big blind $0.50
*** HOLE CARDS ***
Dealt to Lorpugo [8s 9c]
Lorpugo: raises $3.95 to $4.45 and is all-in
lucaslucas7: folds 
Uncalled bet ($3.95) returned to Lorpugo
Lorpugo collected $1 from pot
Lorpugo: doesn't show hand 
*** SUMMARY ***
Total pot $1 | Rake $0 
Seat 1: Lorpugo (button) (small blind) collected ($1)
Seat 2: lucaslucas7 (big blind) folded before Flop



PokerStars Zoom Hand #241353319678:  Hold'em No Limit ($0.25/$0.50) - 2023/01/23 18:57:14 ET
Table 'C Carinae' 2-max Seat #1 is the button
Seat 1: Marcty62 ($24.15 in chips) 
Seat 2: Lorpugo ($4.95 in chips) 
Marcty62: posts small blind $0.25
Lorpugo: posts big blind $0.50
*** HOLE CARDS ***
Dealt to Lorpugo [2h Ad]
Marcty62: folds 
Uncalled bet ($0.25) returned to Lorpugo
Lorpugo collected $0.50 from pot
Lorpugo: doesn't show hand 
*** SUMMARY ***
Total pot $0.50 | Rake $0 
Seat 1: Marcty62 (button) (small blind) folded before Flop
Seat 2: Lorpugo (big blind) collected ($0.50)



PokerStars Zoom Hand #241353321266:  Hold'em No Limit ($0.25/$0.50) - 2023/01/23 18:57:20 ET
Table 'C Carinae' 2-max Seat #1 is the button
Seat 1: Lorpugo ($5.20 in chips) 
Seat 2: ImBIGinJapan86 ($12.33 in chips) 
Lorpugo: posts small blind $0.25
ImBIGinJapan86: posts big blind $0.50
*** HOLE CARDS ***
Dealt to Lorpugo [4h 6h]
Lorpugo: raises $4.70 to $5.20 and is all-in
ImBIGinJapan86: folds 
Uncalled bet ($4.70) returned to Lorpugo
Lorpugo collected $1 from pot
Lorpugo: doesn't show hand 
*** SUMMARY ***
Total pot $1 | Rake $0 
Seat 1: Lorpugo (button) (small blind) collected ($1)
Seat 2: ImBIGinJapan86 (big blind) folded before Flop



PokerStars Zoom Hand #241353323292:  Hold'em No Limit ($0.25/$0.50) - 2023/01/23 18:57:29 ET
Table 'C Carinae' 2-max Seat #1 is the button
Seat 1: Marcty62 ($24.15 in chips) 
Seat 2: Lorpugo ($5.70 in chips) 
Marcty62: posts small blind $0.25
Lorpugo: posts big blind $0.50
*** HOLE CARDS ***
Dealt to Lorpugo [Jh Kd]
Marcty62: folds 
Uncalled bet ($0.25) returned to Lorpugo
Lorpugo collected $0.50 from pot
Lorpugo: doesn't show hand 
*** SUMMARY ***
Total pot $0.50 | Rake $0 
Seat 1: Marcty62 (button) (small blind) folded before Flop
Seat 2: Lorpugo (big blind) collected ($0.50)



PokerStars Zoom Hand #241353324727:  Hold'em No Limit ($0.25/$0.50) - 2023/01/23 18:57:34 ET
Table 'C Carinae' 2-max Seat #1 is the button
Seat 1: Lorpugo ($5.95 in chips) 
Seat 2: Marcty62 ($23.90 in chips) 
Lorpugo: posts small blind $0.25
Marcty62: posts big blind $0.50
*** HOLE CARDS ***
Dealt to Lorpugo [2s 9s]
Lorpugo: calls $0.25
Marcty62: checks 
*** FLOP *** [Qh 3s Th]
Marcty62: bets $0.50
Lorpugo: folds 
Uncalled bet ($0.50) returned to Marcty62
Marcty62 collected $0.95 from pot
Marcty62: doesn't show hand 
*** SUMMARY ***
Total pot $1 | Rake $0.05 
Board [Qh 3s Th]
Seat 1: Lorpugo (button) (small blind) folded on the Flop
Seat 2: Marcty62 (big blind) collected ($0.95)



PokerStars Zoom Hand #241353328525:  Hold'em No Limit ($0.25/$0.50) - 2023/01/23 18:57:50 ET
Table 'C Carinae' 2-max Seat #1 is the button
Seat 1: Marcty62 ($24.35 in chips) 
Seat 2: Lorpugo ($5.45 in chips) 
Marcty62: posts small blind $0.25
Lorpugo: posts big blind $0.50
*** HOLE CARDS ***
Dealt to Lorpugo [5d 2s]
Marcty62: folds 
Uncalled bet ($0.25) returned to Lorpugo
Lorpugo collected $0.50 from pot
Lorpugo: doesn't show hand 
*** SUMMARY ***
Total pot $0.50 | Rake $0 
Seat 1: Marcty62 (button) (small blind) folded before Flop
Seat 2: Lorpugo (big blind) collected ($0.50)



PokerStars Zoom Hand #241353330082:  Hold'em No Limit ($0.25/$0.50) - 2023/01/23 18:57:57 ET
Table 'C Carinae' 2-max Seat #1 is the button
Seat 1: Lorpugo ($5.70 in chips) 
Seat 2: Cata04Nik ($56.02 in chips) 
Lorpugo: posts small blind $0.25
Cata04Nik: posts big blind $0.50
*** HOLE CARDS ***
Dealt to Lorpugo [2s 7c]
Lorpugo: folds 
Uncalled bet ($0.25) returned to Cata04Nik
Cata04Nik collected $0.50 from pot
Cata04Nik: doesn't show hand 
*** SUMMARY ***
Total pot $0.50 | Rake $0 
Seat 1: Lorpugo (button) (small blind) folded before Flop
Seat 2: Cata04Nik (big blind) collected ($0.50)



PokerStars Zoom Hand #241353331311:  Hold'em No Limit ($0.25/$0.50) - 2023/01/23 18:58:02 ET
Table 'C Carinae' 2-max Seat #1 is the button
Seat 1: I Am SaQ ($36.52 in chips) 
Seat 2: Lorpugo ($5.45 in chips) 
I Am SaQ: posts small blind $0.25
Lorpugo: posts big blind $0.50
*** HOLE CARDS ***
Dealt to Lorpugo [Qh 9c]
I Am SaQ: folds 
Uncalled bet ($0.25) returned to Lorpugo
Lorpugo collected $0.50 from pot
Lorpugo: doesn't show hand 
*** SUMMARY ***
Total pot $0.50 | Rake $0 
Seat 1: I Am SaQ (button) (small blind) folded before Flop
Seat 2: Lorpugo (big blind) collected ($0.50)



PokerStars Zoom Hand #241353333992:  Hold'em No Limit ($0.25/$0.50) - 2023/01/23 18:58:13 ET
Table 'C Carinae' 2-max Seat #1 is the button
Seat 1: Lorpugo ($5.70 in chips) 
Seat 2: ImBIGinJapan86 ($10.33 in chips) 
Lorpugo: posts small blind $0.25
ImBIGinJapan86: posts big blind $0.50
*** HOLE CARDS ***
Dealt to Lorpugo [Th Ts]
Lorpugo: raises $5.20 to $5.70 and is all-in
ImBIGinJapan86: calls $5.20
*** FLOP *** [As 3c Tc]
*** TURN *** [As 3c Tc] [5c]
*** RIVER *** [As 3c Tc 5c] [Td]
*** SHOW DOWN ***
ImBIGinJapan86: shows [Jc 8d] (a pair of Tens)
Lorpugo: shows [Th Ts] (four of a kind, Tens)
Lorpugo collected $10.83 from pot
*** SUMMARY ***
Total pot $11.40 | Rake $0.57 
Board [As 3c Tc 5c Td]
Seat 1: Lorpugo (button) (small blind) showed [Th Ts] and won ($10.83) with four of a kind, Tens
Seat 2: ImBIGinJapan86 (big blind) showed [Jc 8d] and lost with a pair of Tens



PokerStars Zoom Hand #241353339777:  Hold'em No Limit ($0.25/$0.50) - 2023/01/23 18:58:37 ET
Table 'C Carinae' 2-max Seat #1 is the button
Seat 1: Lorpugo ($10.83 in chips) 
Seat 2: ImBIGinJapan86 ($4.63 in chips) 
Lorpugo: posts small blind $0.25
ImBIGinJapan86: posts big blind $0.50
*** HOLE CARDS ***
Dealt to Lorpugo [7s Jh]
Lorpugo: calls $0.25
ImBIGinJapan86: checks 
*** FLOP *** [5s Jd 8d]
ImBIGinJapan86: checks 
Lorpugo: bets $10.33 and is all-in
ImBIGinJapan86: folds 
Uncalled bet ($10.33) returned to Lorpugo
Lorpugo collected $0.95 from pot
Lorpugo: doesn't show hand 
*** SUMMARY ***
Total pot $1 | Rake $0.05 
Board [5s Jd 8d]
Seat 1: Lorpugo (button) (small blind) collected ($0.95)
Seat 2: ImBIGinJapan86 (big blind) folded on the Flop



PokerStars Zoom Hand #241353344177:  Hold'em No Limit ($0.25/$0.50) - 2023/01/23 18:58:55 ET
Table 'C Carinae' 2-max Seat #1 is the button
Seat 1: ImBIGinJapan86 ($4.13 in chips) 
Seat 2: Lorpugo ($11.28 in chips) 
ImBIGinJapan86: posts small blind $0.25
Lorpugo: posts big blind $0.50
*** HOLE CARDS ***
Dealt to Lorpugo [4c 9h]
ImBIGinJapan86: folds 
Uncalled bet ($0.25) returned to Lorpugo
Lorpugo collected $0.50 from pot
Lorpugo: doesn't show hand 
*** SUMMARY ***
Total pot $0.50 | Rake $0 
Seat 1: ImBIGinJapan86 (button) (small blind) folded before Flop
Seat 2: Lorpugo (big blind) collected ($0.50)



PokerStars Zoom Hand #241353346860:  Hold'em No Limit ($0.25/$0.50) - 2023/01/23 18:59:06 ET
Table 'C Carinae' 2-max Seat #1 is the button
Seat 1: Lorpugo ($11.53 in chips) 
Seat 2: Luke35678 ($25.90 in chips) 
Lorpugo: posts small blind $0.25
Luke35678: posts big blind $0.50
*** HOLE CARDS ***
Dealt to Lorpugo [8c Th]
Lorpugo: calls $0.25
Luke35678: raises $1.50 to $2
Lorpugo: calls $1.50
*** FLOP *** [6c 7d 3s]
Luke35678: bets $23.90 and is all-in
Lorpugo: folds 
Uncalled bet ($23.90) returned to Luke35678
Luke35678 collected $3.80 from pot
Luke35678: doesn't show hand 
*** SUMMARY ***
Total pot $4 | Rake $0.20 
Board [6c 7d 3s]
Seat 1: Lorpugo (button) (small blind) folded on the Flop
Seat 2: Luke35678 (big blind) collected ($3.80)



PokerStars Zoom Hand #241353351723:  Hold'em No Limit ($0.25/$0.50) - 2023/01/23 18:59:26 ET
Table 'C Carinae' 2-max Seat #1 is the button
Seat 1: Darian32 ($73.60 in chips) 
Seat 2: Lorpugo ($9.53 in chips) 
Darian32: posts small blind $0.25
Lorpugo: posts big blind $0.50
*** HOLE CARDS ***
Dealt to Lorpugo [Kc 5d]
Darian32: raises $0.75 to $1.25
Lorpugo: folds 
Uncalled bet ($0.75) returned to Darian32
Darian32 collected $1 from pot
Darian32: doesn't show hand 
*** SUMMARY ***
Total pot $1 | Rake $0 
Seat 1: Darian32 (button) (small blind) collected ($1)
Seat 2: Lorpugo (big blind) folded before Flop



PokerStars Zoom Hand #241353354042:  Hold'em No Limit ($0.25/$0.50) - 2023/01/23 18:59:36 ET
Table 'C Carinae' 2-max Seat #1 is the button
Seat 1: Lorpugo ($9.03 in chips) 
Seat 2: daisuke.ars ($127.33 in chips) 
Lorpugo: posts small blind $0.25
daisuke.ars: posts big blind $0.50
*** HOLE CARDS ***
Dealt to Lorpugo [9h 7c]
Lorpugo: raises $0.75 to $1.25
daisuke.ars: calls $0.75
*** FLOP *** [As 5c Ah]
daisuke.ars: checks 
Lorpugo: bets $0.79
daisuke.ars: calls $0.79
*** TURN *** [As 5c Ah] [9d]
daisuke.ars: checks 
Lorpugo: checks 
*** RIVER *** [As 5c Ah 9d] [6h]
daisuke.ars: bets $3.69
Lorpugo: raises $3.30 to $6.99 and is all-in
daisuke.ars: calls $3.30
*** SHOW DOWN ***
Lorpugo: shows [9h 7c] (two pair, Aces and Nines)
daisuke.ars: shows [8s Ad] (three of a kind, Aces)
daisuke.ars collected $17.31 from pot
*** SUMMARY ***
Total pot $18.06 | Rake $0.75 
Board [As 5c Ah 9d 6h]
Seat 1: Lorpugo (button) (small blind) showed [9h 7c] and lost with two pair, Aces and Nines
Seat 2: daisuke.ars (big blind) showed [8s Ad] and won ($17.31) with three of a kind, Aces



