PokerStars Zoom Hand #241348764815:  Hold'em No Limit ($0.25/$0.50 - $10 Cap - ) - 2023/01/23 15:38:42 ET
Table 'Alpha Reticuli (Cap)' 2-max Seat #1 is the button
Seat 1: nasserterapia ($10 in chips) 
Seat 2: Lorpugo ($10 in chips) 
nasserterapia: posts small blind $0.25
Lorpugo: posts big blind $0.50
*** HOLE CARDS ***
Dealt to Lorpugo [9h 6c]
nasserterapia: folds 
Uncalled bet ($0.25) returned to Lorpugo
Lorpugo collected $0.50 from pot
Lorpugo: doesn't show hand 
*** SUMMARY ***
Total pot $0.50 | Rake $0 
Seat 1: nasserterapia (button) (small blind) folded before Flop
Seat 2: Lorpugo (big blind) collected ($0.50)



PokerStars Zoom Hand #241348767453:  Hold'em No Limit ($0.25/$0.50 - $10 Cap - ) - 2023/01/23 15:38:48 ET
Table 'Alpha Reticuli (Cap)' 2-max Seat #1 is the button
Seat 1: Lorpugo ($10.25 in chips) 
Seat 2: nasserterapia ($9.75 in chips) 
Lorpugo: posts small blind $0.25
nasserterapia: posts big blind $0.50
*** HOLE CARDS ***
Dealt to Lorpugo [7s Ac]
Lorpugo: raises $0.50 to $1
nasserterapia: calls $0.50
*** FLOP *** [8h 9d 3s]
nasserterapia: checks 
Lorpugo: checks 
*** TURN *** [8h 9d 3s] [3c]
nasserterapia: checks 
Lorpugo: bets $1
nasserterapia: folds 
Uncalled bet ($1) returned to Lorpugo
Lorpugo collected $1.90 from pot
Lorpugo: doesn't show hand 
*** SUMMARY ***
Total pot $2 | Rake $0.10 
Board [8h 9d 3s 3c]
Seat 1: Lorpugo (button) (small blind) collected ($1.90)
Seat 2: nasserterapia (big blind) folded on the Turn



PokerStars Zoom Hand #241348777878:  Hold'em No Limit ($0.25/$0.50 - $10 Cap - ) - 2023/01/23 15:39:12 ET
Table 'Alpha Reticuli (Cap)' 2-max Seat #1 is the button
Seat 1: alexcuypers ($12.14 in chips) 
Seat 2: Lorpugo ($11.15 in chips) 
alexcuypers: posts small blind $0.25
Lorpugo: posts big blind $0.50
*** HOLE CARDS ***
Dealt to Lorpugo [5h Kd]
alexcuypers: raises $0.60 to $1.10
Lorpugo: folds 
Uncalled bet ($0.60) returned to alexcuypers
alexcuypers collected $1 from pot
alexcuypers: doesn't show hand 
*** SUMMARY ***
Total pot $1 | Rake $0 
Seat 1: alexcuypers (button) (small blind) collected ($1)
Seat 2: Lorpugo (big blind) folded before Flop



PokerStars Zoom Hand #241348788929:  Hold'em No Limit ($0.25/$0.50 - $10 Cap - ) - 2023/01/23 15:39:37 ET
Table 'Alpha Reticuli (Cap)' 2-max Seat #1 is the button
Seat 1: Lorpugo ($10.65 in chips) 
Seat 2: alexcuypers ($12.64 in chips) 
Lorpugo: posts small blind $0.25
alexcuypers: posts big blind $0.50
*** HOLE CARDS ***
Dealt to Lorpugo [3d Qc]
Lorpugo: folds 
Uncalled bet ($0.25) returned to alexcuypers
alexcuypers collected $0.50 from pot
alexcuypers: doesn't show hand 
*** SUMMARY ***
Total pot $0.50 | Rake $0 
Seat 1: Lorpugo (button) (small blind) folded before Flop
Seat 2: alexcuypers (big blind) collected ($0.50)



PokerStars Zoom Hand #241348791956:  Hold'em No Limit ($0.25/$0.50 - $10 Cap - ) - 2023/01/23 15:39:44 ET
Table 'Alpha Reticuli (Cap)' 2-max Seat #1 is the button
Seat 1: alexcuypers ($12.89 in chips) 
Seat 2: Lorpugo ($10.40 in chips) 
alexcuypers: posts small blind $0.25
Lorpugo: posts big blind $0.50
*** HOLE CARDS ***
Dealt to Lorpugo [Ks Th]
alexcuypers: calls $0.25
Lorpugo: raises $1.50 to $2
alexcuypers: folds 
Uncalled bet ($1.50) returned to Lorpugo
Lorpugo collected $1 from pot
Lorpugo: doesn't show hand 
*** SUMMARY ***
Total pot $1 | Rake $0 
Seat 1: alexcuypers (button) (small blind) folded before Flop
Seat 2: Lorpugo (big blind) collected ($1)



PokerStars Zoom Hand #241348797616:  Hold'em No Limit ($0.25/$0.50 - $10 Cap - ) - 2023/01/23 15:39:57 ET
Table 'Alpha Reticuli (Cap)' 2-max Seat #1 is the button
Seat 1: Lorpugo ($10.90 in chips) 
Seat 2: alexcuypers ($12.39 in chips) 
Lorpugo: posts small blind $0.25
alexcuypers: posts big blind $0.50
*** HOLE CARDS ***
Dealt to Lorpugo [6s 7s]
Lorpugo: raises $0.50 to $1
alexcuypers: calls $0.50
*** FLOP *** [8c Qc 9d]
alexcuypers: checks 
Lorpugo: checks 
*** TURN *** [8c Qc 9d] [3c]
alexcuypers: bets $1.25
Lorpugo: folds 
Uncalled bet ($1.25) returned to alexcuypers
alexcuypers collected $1.90 from pot
alexcuypers: doesn't show hand 
*** SUMMARY ***
Total pot $2 | Rake $0.10 
Board [8c Qc 9d 3c]
Seat 1: Lorpugo (button) (small blind) folded on the Turn
Seat 2: alexcuypers (big blind) collected ($1.90)



PokerStars Zoom Hand #241348805319:  Hold'em No Limit ($0.25/$0.50 - $10 Cap - ) - 2023/01/23 15:40:15 ET
Table 'Alpha Reticuli (Cap)' 2-max Seat #1 is the button
Seat 1: alexcuypers ($13.29 in chips) 
Seat 2: Lorpugo ($9.90 in chips) 
alexcuypers: posts small blind $0.25
Lorpugo: posts big blind $0.50
*** HOLE CARDS ***
Dealt to Lorpugo [8c 8s]
alexcuypers: calls $0.25
Lorpugo: raises $9.40 to $9.90 and is all-in
alexcuypers: folds 
Uncalled bet ($9.40) returned to Lorpugo
Lorpugo collected $1 from pot
Lorpugo: doesn't show hand 
*** SUMMARY ***
Total pot $1 | Rake $0 
Seat 1: alexcuypers (button) (small blind) folded before Flop
Seat 2: Lorpugo (big blind) collected ($1)



PokerStars Zoom Hand #241348811352:  Hold'em No Limit ($0.25/$0.50 - $10 Cap - ) - 2023/01/23 15:40:28 ET
Table 'Alpha Reticuli (Cap)' 2-max Seat #1 is the button
Seat 1: Lorpugo ($10.40 in chips) 
Seat 2: alexcuypers ($12.79 in chips) 
Lorpugo: posts small blind $0.25
alexcuypers: posts big blind $0.50
*** HOLE CARDS ***
Dealt to Lorpugo [7h 4c]
Lorpugo: folds 
Uncalled bet ($0.25) returned to alexcuypers
alexcuypers collected $0.50 from pot
alexcuypers: doesn't show hand 
*** SUMMARY ***
Total pot $0.50 | Rake $0 
Seat 1: Lorpugo (button) (small blind) folded before Flop
Seat 2: alexcuypers (big blind) collected ($0.50)



PokerStars Zoom Hand #241348814329:  Hold'em No Limit ($0.25/$0.50 - $10 Cap - ) - 2023/01/23 15:40:35 ET
Table 'Alpha Reticuli (Cap)' 2-max Seat #1 is the button
Seat 1: alexcuypers ($13.04 in chips) 
Seat 2: Lorpugo ($10.15 in chips) 
alexcuypers: posts small blind $0.25
Lorpugo: posts big blind $0.50
*** HOLE CARDS ***
Dealt to Lorpugo [Ts Js]
alexcuypers: raises $0.50 to $1
Lorpugo: calls $0.50
*** FLOP *** [8c Jc 8h]
Lorpugo: checks 
alexcuypers: checks 
*** TURN *** [8c Jc 8h] [2s]
Lorpugo: bets $0.95
alexcuypers: calls $0.95
*** RIVER *** [8c Jc 8h 2s] [5c]
Lorpugo: checks 
alexcuypers: bets $2.50
Lorpugo: calls $2.50
*** SHOW DOWN ***
alexcuypers: shows [9c 6c] (a flush, Jack high)
Lorpugo: mucks hand 
alexcuypers collected $8.46 from pot
*** SUMMARY ***
Total pot $8.90 | Rake $0.44 
Board [8c Jc 8h 2s 5c]
Seat 1: alexcuypers (button) (small blind) showed [9c 6c] and won ($8.46) with a flush, Jack high
Seat 2: Lorpugo (big blind) mucked [Ts Js]



PokerStars Zoom Hand #241348828908:  Hold'em No Limit ($0.25/$0.50 - $10 Cap - ) - 2023/01/23 15:41:09 ET
Table 'Alpha Reticuli (Cap)' 2-max Seat #1 is the button
Seat 1: Lorpugo ($5.70 in chips) 
Seat 2: alexcuypers ($17.05 in chips) 
Lorpugo: posts small blind $0.25
alexcuypers: posts big blind $0.50
*** HOLE CARDS ***
Dealt to Lorpugo [8d Jh]
Lorpugo: raises $0.50 to $1
alexcuypers: raises $9 to $10 and has reached the $10 cap
Lorpugo: folds 
Uncalled bet ($9) returned to alexcuypers
alexcuypers collected $2 from pot
alexcuypers: doesn't show hand 
*** SUMMARY ***
Total pot $2 | Rake $0 
Seat 1: Lorpugo (button) (small blind) folded before Flop
Seat 2: alexcuypers (big blind) collected ($2)



PokerStars Zoom Hand #241348836229:  Hold'em No Limit ($0.25/$0.50 - $10 Cap - ) - 2023/01/23 15:41:25 ET
Table 'Alpha Reticuli (Cap)' 2-max Seat #1 is the button
Seat 1: bigiuadrian ($46.11 in chips) 
Seat 2: Lorpugo ($4.70 in chips) 
bigiuadrian: posts small blind $0.25
Lorpugo: posts big blind $0.50
*** HOLE CARDS ***
Dealt to Lorpugo [7s 3h]
bigiuadrian: raises $1 to $1.50
Lorpugo: folds 
Uncalled bet ($1) returned to bigiuadrian
bigiuadrian collected $1 from pot
bigiuadrian: doesn't show hand 
*** SUMMARY ***
Total pot $1 | Rake $0 
Seat 1: bigiuadrian (button) (small blind) collected ($1)
Seat 2: Lorpugo (big blind) folded before Flop



PokerStars Zoom Hand #241348840519:  Hold'em No Limit ($0.25/$0.50 - $10 Cap - ) - 2023/01/23 15:41:35 ET
Table 'Alpha Reticuli (Cap)' 2-max Seat #1 is the button
Seat 1: Lorpugo ($4.20 in chips) 
Seat 2: nasserterapia ($9.43 in chips) 
Lorpugo: posts small blind $0.25
nasserterapia: posts big blind $0.50
*** HOLE CARDS ***
Dealt to Lorpugo [3s 7c]
Lorpugo: folds 
Uncalled bet ($0.25) returned to nasserterapia
nasserterapia collected $0.50 from pot
nasserterapia: doesn't show hand 
*** SUMMARY ***
Total pot $0.50 | Rake $0 
Seat 1: Lorpugo (button) (small blind) folded before Flop
Seat 2: nasserterapia (big blind) collected ($0.50)



PokerStars Zoom Hand #241348843578:  Hold'em No Limit ($0.25/$0.50 - $10 Cap - ) - 2023/01/23 15:41:42 ET
Table 'Alpha Reticuli (Cap)' 2-max Seat #1 is the button
Seat 1: nasserterapia ($9.68 in chips) 
Seat 2: Lorpugo ($3.95 in chips) 
nasserterapia: posts small blind $0.25
Lorpugo: posts big blind $0.50
*** HOLE CARDS ***
Dealt to Lorpugo [9c Ac]
nasserterapia: calls $0.25
Lorpugo: raises $3.45 to $3.95 and is all-in
nasserterapia: calls $3.45
*** FLOP *** [2c 2h Kh]
*** TURN *** [2c 2h Kh] [3h]
*** RIVER *** [2c 2h Kh 3h] [4c]
*** SHOW DOWN ***
Lorpugo: shows [9c Ac] (a pair of Deuces)
nasserterapia: shows [Ks Kc] (a full house, Kings full of Deuces)
nasserterapia cashed out the hand for $5.07 | Cash Out Fee $0.05
*** SUMMARY ***
Total pot $7.90 | Rake $0.40 
Board [2c 2h Kh 3h 4c]
Seat 1: nasserterapia (button) (small blind) showed [Ks Kc] and won ($7.50) with a full house, Kings full of Deuces (pot not awarded as player cashed out)
Seat 2: Lorpugo (big blind) showed [9c Ac] and lost with a pair of Deuces



PokerStars Zoom Hand #241348852778:  Hold'em No Limit ($0.25/$0.50 - $10 Cap - ) - 2023/01/23 15:42:04 ET
Table 'Alpha Reticuli (Cap)' 2-max Seat #1 is the button
Seat 1: Lorpugo ($10 in chips) 
Seat 2: nasserterapia ($10.80 in chips) 
Lorpugo: posts small blind $0.25
nasserterapia: posts big blind $0.50
*** HOLE CARDS ***
Dealt to Lorpugo [7d 5d]
Lorpugo: raises $0.50 to $1
nasserterapia: calls $0.50
*** FLOP *** [6d 2c 4c]
nasserterapia: checks 
Lorpugo: bets $1.25
nasserterapia: calls $1.25
*** TURN *** [6d 2c 4c] [Qh]
nasserterapia: checks 
Lorpugo: checks 
*** RIVER *** [6d 2c 4c Qh] [8d]
nasserterapia: checks 
Lorpugo: bets $7.75 and is all-in
nasserterapia: folds 
Uncalled bet ($7.75) returned to Lorpugo
Lorpugo collected $4.28 from pot
Lorpugo: doesn't show hand 
*** SUMMARY ***
Total pot $4.50 | Rake $0.22 
Board [6d 2c 4c Qh 8d]
Seat 1: Lorpugo (button) (small blind) collected ($4.28)
Seat 2: nasserterapia (big blind) folded on the River



PokerStars Zoom Hand #241348864088:  Hold'em No Limit ($0.25/$0.50 - $10 Cap - ) - 2023/01/23 15:42:30 ET
Table 'Alpha Reticuli (Cap)' 2-max Seat #1 is the button
Seat 1: Freakriderz ($16.83 in chips) 
Seat 2: Lorpugo ($12.03 in chips) 
Freakriderz: posts small blind $0.25
Lorpugo: posts big blind $0.50
*** HOLE CARDS ***
Dealt to Lorpugo [2s Qc]
Freakriderz: folds 
Uncalled bet ($0.25) returned to Lorpugo
Lorpugo collected $0.50 from pot
Lorpugo: doesn't show hand 
*** SUMMARY ***
Total pot $0.50 | Rake $0 
Seat 1: Freakriderz (button) (small blind) folded before Flop
Seat 2: Lorpugo (big blind) collected ($0.50)



PokerStars Zoom Hand #241348866693:  Hold'em No Limit ($0.25/$0.50 - $10 Cap - ) - 2023/01/23 15:42:36 ET
Table 'Alpha Reticuli (Cap)' 2-max Seat #1 is the button
Seat 1: Lorpugo ($12.28 in chips) 
Seat 2: Freakriderz ($16.58 in chips) 
Lorpugo: posts small blind $0.25
Freakriderz: posts big blind $0.50
*** HOLE CARDS ***
Dealt to Lorpugo [As Ah]
Lorpugo: raises $0.50 to $1
Freakriderz: folds 
Uncalled bet ($0.50) returned to Lorpugo
Lorpugo collected $1 from pot
Lorpugo: doesn't show hand 
*** SUMMARY ***
Total pot $1 | Rake $0 
Seat 1: Lorpugo (button) (small blind) collected ($1)
Seat 2: Freakriderz (big blind) folded before Flop



PokerStars Zoom Hand #241348870175:  Hold'em No Limit ($0.25/$0.50 - $10 Cap - ) - 2023/01/23 15:42:44 ET
Table 'Alpha Reticuli (Cap)' 2-max Seat #1 is the button
Seat 1: Freakriderz ($16.08 in chips) 
Seat 2: Lorpugo ($12.78 in chips) 
Freakriderz: posts small blind $0.25
Lorpugo: posts big blind $0.50
*** HOLE CARDS ***
Dealt to Lorpugo [5s Js]
Freakriderz: raises $0.50 to $1
Lorpugo: calls $0.50
*** FLOP *** [4d 3d Ad]
Lorpugo: checks 
Freakriderz: bets $0.59
Lorpugo: folds 
Uncalled bet ($0.59) returned to Freakriderz
Freakriderz collected $1.88 from pot
Freakriderz: doesn't show hand 
*** SUMMARY ***
Total pot $2 | Rake $0.12 
Board [4d 3d Ad]
Seat 1: Freakriderz (button) (small blind) collected ($1.88)
Seat 2: Lorpugo (big blind) folded on the Flop



PokerStars Zoom Hand #241348876764:  Hold'em No Limit ($0.25/$0.50 - $10 Cap - ) - 2023/01/23 15:42:59 ET
Table 'Alpha Reticuli (Cap)' 2-max Seat #1 is the button
Seat 1: Lorpugo ($11.78 in chips) 
Seat 2: alexcuypers ($17.10 in chips) 
Lorpugo: posts small blind $0.25
alexcuypers: posts big blind $0.50
*** HOLE CARDS ***
Dealt to Lorpugo [Js Jh]
Lorpugo: raises $0.50 to $1
alexcuypers: calls $0.50
*** FLOP *** [6c 7h 4h]
alexcuypers: checks 
Lorpugo: bets $0.95
alexcuypers: calls $0.95
*** TURN *** [6c 7h 4h] [2d]
alexcuypers: checks 
Lorpugo: bets $8.05 and has reached the $10 cap
alexcuypers: folds 
Uncalled bet ($8.05) returned to Lorpugo
Lorpugo collected $3.70 from pot
Lorpugo: doesn't show hand 
*** SUMMARY ***
Total pot $3.90 | Rake $0.20 
Board [6c 7h 4h 2d]
Seat 1: Lorpugo (button) (small blind) collected ($3.70)
Seat 2: alexcuypers (big blind) folded on the Turn



PokerStars Zoom Hand #241348888251:  Hold'em No Limit ($0.25/$0.50 - $10 Cap - ) - 2023/01/23 15:43:25 ET
Table 'Alpha Reticuli (Cap)' 2-max Seat #1 is the button
Seat 1: BBBBB971 ($16.23 in chips) 
Seat 2: Lorpugo ($13.53 in chips) 
BBBBB971: posts small blind $0.25
Lorpugo: posts big blind $0.50
*** HOLE CARDS ***
Dealt to Lorpugo [9d Jc]
BBBBB971: calls $0.25
Lorpugo: checks 
*** FLOP *** [3d 9c 4d]
Lorpugo: checks 
BBBBB971: checks 
*** TURN *** [3d 9c 4d] [6c]
Lorpugo: bets $9.50 and has reached the $10 cap
BBBBB971: folds 
Uncalled bet ($9.50) returned to Lorpugo
Lorpugo collected $0.95 from pot
Lorpugo: doesn't show hand 
*** SUMMARY ***
Total pot $1 | Rake $0.05 
Board [3d 9c 4d 6c]
Seat 1: BBBBB971 (button) (small blind) folded on the Turn
Seat 2: Lorpugo (big blind) collected ($0.95)



PokerStars Zoom Hand #241348895580:  Hold'em No Limit ($0.25/$0.50 - $10 Cap - ) - 2023/01/23 15:43:42 ET
Table 'Alpha Reticuli (Cap)' 2-max Seat #1 is the button
Seat 1: Lorpugo ($13.98 in chips) 
Seat 2: BBBBB971 ($15.73 in chips) 
Lorpugo: posts small blind $0.25
BBBBB971: posts big blind $0.50
*** HOLE CARDS ***
Dealt to Lorpugo [9h 2c]
Lorpugo: folds 
Uncalled bet ($0.25) returned to BBBBB971
BBBBB971 collected $0.50 from pot
BBBBB971: doesn't show hand 
*** SUMMARY ***
Total pot $0.50 | Rake $0 
Seat 1: Lorpugo (button) (small blind) folded before Flop
Seat 2: BBBBB971 (big blind) collected ($0.50)



PokerStars Zoom Hand #241348898549:  Hold'em No Limit ($0.25/$0.50 - $10 Cap - ) - 2023/01/23 15:43:49 ET
Table 'Alpha Reticuli (Cap)' 2-max Seat #1 is the button
Seat 1: nasserterapia ($10.49 in chips) 
Seat 2: Lorpugo ($13.73 in chips) 
nasserterapia: posts small blind $0.25
Lorpugo: posts big blind $0.50
*** HOLE CARDS ***
Dealt to Lorpugo [Ad 3c]
nasserterapia: calls $0.25
Lorpugo: checks 
*** FLOP *** [8h Qh 2d]
Lorpugo: checks 
nasserterapia: checks 
*** TURN *** [8h Qh 2d] [2s]
Lorpugo: checks 
nasserterapia: checks 
*** RIVER *** [8h Qh 2d 2s] [Jd]
Lorpugo: checks 
nasserterapia: checks 
*** SHOW DOWN ***
Lorpugo: shows [Ad 3c] (a pair of Deuces)
nasserterapia: mucks hand 
Lorpugo collected $0.95 from pot
*** SUMMARY ***
Total pot $1 | Rake $0.05 
Board [8h Qh 2d 2s Jd]
Seat 1: nasserterapia (button) (small blind) mucked [5d 6d]
Seat 2: Lorpugo (big blind) showed [Ad 3c] and won ($0.95) with a pair of Deuces



PokerStars Zoom Hand #241348907509:  Hold'em No Limit ($0.25/$0.50 - $10 Cap - ) - 2023/01/23 15:44:09 ET
Table 'Alpha Reticuli (Cap)' 2-max Seat #1 is the button
Seat 1: Lorpugo ($14.18 in chips) 
Seat 2: BBBBB971 ($11.80 in chips) 
Lorpugo: posts small blind $0.25
BBBBB971: posts big blind $0.50
*** HOLE CARDS ***
Dealt to Lorpugo [9s 4h]
Lorpugo: folds 
Uncalled bet ($0.25) returned to BBBBB971
BBBBB971 collected $0.50 from pot
BBBBB971: doesn't show hand 
*** SUMMARY ***
Total pot $0.50 | Rake $0 
Seat 1: Lorpugo (button) (small blind) folded before Flop
Seat 2: BBBBB971 (big blind) collected ($0.50)



PokerStars Zoom Hand #241348910582:  Hold'em No Limit ($0.25/$0.50 - $10 Cap - ) - 2023/01/23 15:44:16 ET
Table 'Alpha Reticuli (Cap)' 2-max Seat #1 is the button
Seat 1: cristiang1995 ($13.19 in chips) 
Seat 2: Lorpugo ($13.93 in chips) 
cristiang1995: posts small blind $0.25
Lorpugo: posts big blind $0.50
*** HOLE CARDS ***
Dealt to Lorpugo [8d 7c]
cristiang1995: calls $0.25
Lorpugo: checks 
*** FLOP *** [3s 4d Qc]
Lorpugo: checks 
cristiang1995: checks 
*** TURN *** [3s 4d Qc] [Qs]
Lorpugo: checks 
cristiang1995: checks 
*** RIVER *** [3s 4d Qc Qs] [Kc]
Lorpugo: bets $1
cristiang1995: folds 
Uncalled bet ($1) returned to Lorpugo
Lorpugo collected $0.95 from pot
Lorpugo: doesn't show hand 
*** SUMMARY ***
Total pot $1 | Rake $0.05 
Board [3s 4d Qc Qs Kc]
Seat 1: cristiang1995 (button) (small blind) folded on the River
Seat 2: Lorpugo (big blind) collected ($0.95)



PokerStars Zoom Hand #241348920255:  Hold'em No Limit ($0.25/$0.50 - $10 Cap - ) - 2023/01/23 15:44:38 ET
Table 'Alpha Reticuli (Cap)' 2-max Seat #1 is the button
Seat 1: Lorpugo ($14.38 in chips) 
Seat 2: cristiang1995 ($12.69 in chips) 
Lorpugo: posts small blind $0.25
cristiang1995: posts big blind $0.50
*** HOLE CARDS ***
Dealt to Lorpugo [Ac 2h]
Lorpugo: raises $0.50 to $1
cristiang1995: calls $0.50
*** FLOP *** [5d 4d 7d]
cristiang1995: checks 
Lorpugo: checks 
*** TURN *** [5d 4d 7d] [Js]
cristiang1995: bets $0.50
Lorpugo: folds 
Uncalled bet ($0.50) returned to cristiang1995
cristiang1995 collected $1.90 from pot
cristiang1995: doesn't show hand 
*** SUMMARY ***
Total pot $2 | Rake $0.10 
Board [5d 4d 7d Js]
Seat 1: Lorpugo (button) (small blind) folded on the Turn
Seat 2: cristiang1995 (big blind) collected ($1.90)



PokerStars Zoom Hand #241348929260:  Hold'em No Limit ($0.25/$0.50 - $10 Cap - ) - 2023/01/23 15:44:59 ET
Table 'Alpha Reticuli (Cap)' 2-max Seat #1 is the button
Seat 1: cristiang1995 ($13.59 in chips) 
Seat 2: Lorpugo ($13.38 in chips) 
cristiang1995: posts small blind $0.25
Lorpugo: posts big blind $0.50
*** HOLE CARDS ***
Dealt to Lorpugo [Jc 5c]
cristiang1995: calls $0.25
Lorpugo: checks 
*** FLOP *** [Kc 8h 7s]
Lorpugo: checks 
cristiang1995: bets $0.50
Lorpugo: folds 
Uncalled bet ($0.50) returned to cristiang1995
cristiang1995 collected $0.95 from pot
cristiang1995: doesn't show hand 
*** SUMMARY ***
Total pot $1 | Rake $0.05 
Board [Kc 8h 7s]
Seat 1: cristiang1995 (button) (small blind) collected ($0.95)
Seat 2: Lorpugo (big blind) folded on the Flop



PokerStars Zoom Hand #241348935351:  Hold'em No Limit ($0.25/$0.50 - $10 Cap - ) - 2023/01/23 15:45:12 ET
Table 'Alpha Reticuli (Cap)' 2-max Seat #1 is the button
Seat 1: Lorpugo ($12.88 in chips) 
Seat 2: Freakriderz ($11.75 in chips) 
Lorpugo: posts small blind $0.25
Freakriderz: posts big blind $0.50
*** HOLE CARDS ***
Dealt to Lorpugo [2c Kd]
Lorpugo: raises $0.50 to $1
Freakriderz: folds 
Uncalled bet ($0.50) returned to Lorpugo
Lorpugo collected $1 from pot
Lorpugo: doesn't show hand 
*** SUMMARY ***
Total pot $1 | Rake $0 
Seat 1: Lorpugo (button) (small blind) collected ($1)
Seat 2: Freakriderz (big blind) folded before Flop



PokerStars Zoom Hand #241348938559:  Hold'em No Limit ($0.25/$0.50 - $10 Cap - ) - 2023/01/23 15:45:20 ET
Table 'Alpha Reticuli (Cap)' 2-max Seat #1 is the button
Seat 1: Freakriderz ($11.25 in chips) 
Seat 2: Lorpugo ($13.38 in chips) 
Freakriderz: posts small blind $0.25
Lorpugo: posts big blind $0.50
*** HOLE CARDS ***
Dealt to Lorpugo [4h Qc]
Freakriderz: raises $0.50 to $1
Lorpugo: folds 
Uncalled bet ($0.50) returned to Freakriderz
Freakriderz collected $1 from pot
Freakriderz: doesn't show hand 
*** SUMMARY ***
Total pot $1 | Rake $0 
Seat 1: Freakriderz (button) (small blind) collected ($1)
Seat 2: Lorpugo (big blind) folded before Flop



PokerStars Zoom Hand #241348942728:  Hold'em No Limit ($0.25/$0.50 - $10 Cap - ) - 2023/01/23 15:45:29 ET
Table 'Alpha Reticuli (Cap)' 2-max Seat #1 is the button
Seat 1: Lorpugo ($12.88 in chips) 
Seat 2: cristiang1995 ($15.39 in chips) 
Lorpugo: posts small blind $0.25
cristiang1995: posts big blind $0.50
*** HOLE CARDS ***
Dealt to Lorpugo [Qh 8d]
Lorpugo: raises $0.50 to $1
cristiang1995: calls $0.50
*** FLOP *** [6d 5c As]
cristiang1995: checks 
Lorpugo: bets $0.95
cristiang1995: folds 
Uncalled bet ($0.95) returned to Lorpugo
Lorpugo collected $1.90 from pot
Lorpugo: doesn't show hand 
*** SUMMARY ***
Total pot $2 | Rake $0.10 
Board [6d 5c As]
Seat 1: Lorpugo (button) (small blind) collected ($1.90)
Seat 2: cristiang1995 (big blind) folded on the Flop



PokerStars Zoom Hand #241348950540:  Hold'em No Limit ($0.25/$0.50 - $10 Cap - ) - 2023/01/23 15:45:47 ET
Table 'Alpha Reticuli (Cap)' 2-max Seat #1 is the button
Seat 1: cristiang1995 ($14.39 in chips) 
Seat 2: Lorpugo ($13.78 in chips) 
cristiang1995: posts small blind $0.25
Lorpugo: posts big blind $0.50
*** HOLE CARDS ***
Dealt to Lorpugo [Qs 2s]
cristiang1995: calls $0.25
Lorpugo: checks 
*** FLOP *** [Qd 4h 9d]
Lorpugo: checks 
cristiang1995: checks 
*** TURN *** [Qd 4h 9d] [3s]
Lorpugo: bets $0.63
cristiang1995: folds 
Uncalled bet ($0.63) returned to Lorpugo
Lorpugo collected $0.95 from pot
Lorpugo: doesn't show hand 
*** SUMMARY ***
Total pot $1 | Rake $0.05 
Board [Qd 4h 9d 3s]
Seat 1: cristiang1995 (button) (small blind) folded on the Turn
Seat 2: Lorpugo (big blind) collected ($0.95)



PokerStars Zoom Hand #241348958110:  Hold'em No Limit ($0.25/$0.50 - $10 Cap - ) - 2023/01/23 15:46:04 ET
Table 'Alpha Reticuli (Cap)' 2-max Seat #1 is the button
Seat 1: Lorpugo ($14.23 in chips) 
Seat 2: cristiang1995 ($13.89 in chips) 
Lorpugo: posts small blind $0.25
cristiang1995: posts big blind $0.50
*** HOLE CARDS ***
Dealt to Lorpugo [4h 9h]
Lorpugo: calls $0.25
cristiang1995: raises $0.50 to $1
Lorpugo: calls $0.50
*** FLOP *** [Qs 3s Td]
cristiang1995: checks 
Lorpugo: checks 
*** TURN *** [Qs 3s Td] [8d]
cristiang1995: bets $0.50
Lorpugo: folds 
Uncalled bet ($0.50) returned to cristiang1995
cristiang1995 collected $1.90 from pot
cristiang1995: doesn't show hand 
*** SUMMARY ***
Total pot $2 | Rake $0.10 
Board [Qs 3s Td 8d]
Seat 1: Lorpugo (button) (small blind) folded on the Turn
Seat 2: cristiang1995 (big blind) collected ($1.90)



PokerStars Zoom Hand #241348967346:  Hold'em No Limit ($0.25/$0.50 - $10 Cap - ) - 2023/01/23 15:46:25 ET
Table 'Alpha Reticuli (Cap)' 2-max Seat #1 is the button
Seat 1: BBBBB971 ($18.97 in chips) 
Seat 2: Lorpugo ($13.23 in chips) 
BBBBB971: posts small blind $0.25
Lorpugo: posts big blind $0.50
*** HOLE CARDS ***
Dealt to Lorpugo [8c Qd]
BBBBB971: calls $0.25
Lorpugo: checks 
*** FLOP *** [Kc Ts 4c]
Lorpugo: checks 
BBBBB971: bets $0.50
Lorpugo: folds 
Uncalled bet ($0.50) returned to BBBBB971
BBBBB971 collected $0.95 from pot
BBBBB971: doesn't show hand 
*** SUMMARY ***
Total pot $1 | Rake $0.05 
Board [Kc Ts 4c]
Seat 1: BBBBB971 (button) (small blind) collected ($0.95)
Seat 2: Lorpugo (big blind) folded on the Flop



PokerStars Zoom Hand #241348973391:  Hold'em No Limit ($0.25/$0.50 - $10 Cap - ) - 2023/01/23 15:46:39 ET
Table 'Alpha Reticuli (Cap)' 2-max Seat #1 is the button
Seat 1: Lorpugo ($12.73 in chips) 
Seat 2: nasserterapia ($5.92 in chips) 
Lorpugo: posts small blind $0.25
nasserterapia: posts big blind $0.50
*** HOLE CARDS ***
Dealt to Lorpugo [6d 3s]
Lorpugo: folds 
Uncalled bet ($0.25) returned to nasserterapia
nasserterapia collected $0.50 from pot
nasserterapia: doesn't show hand 
*** SUMMARY ***
Total pot $0.50 | Rake $0 
Seat 1: Lorpugo (button) (small blind) folded before Flop
Seat 2: nasserterapia (big blind) collected ($0.50)



PokerStars Zoom Hand #241348975230:  Hold'em No Limit ($0.25/$0.50 - $10 Cap - ) - 2023/01/23 15:46:43 ET
Table 'Alpha Reticuli (Cap)' 2-max Seat #1 is the button
Seat 1: BBBBB971 ($10.75 in chips) 
Seat 2: Lorpugo ($12.48 in chips) 
BBBBB971: posts small blind $0.25
Lorpugo: posts big blind $0.50
*** HOLE CARDS ***
Dealt to Lorpugo [5d 8c]
BBBBB971: raises $0.50 to $1
Lorpugo: folds 
Uncalled bet ($0.50) returned to BBBBB971
BBBBB971 collected $1 from pot
BBBBB971: doesn't show hand 
*** SUMMARY ***
Total pot $1 | Rake $0 
Seat 1: BBBBB971 (button) (small blind) collected ($1)
Seat 2: Lorpugo (big blind) folded before Flop



PokerStars Zoom Hand #241348977879:  Hold'em No Limit ($0.25/$0.50 - $10 Cap - ) - 2023/01/23 15:46:49 ET
Table 'Alpha Reticuli (Cap)' 2-max Seat #1 is the button
Seat 1: cristiang1995 ($15.69 in chips) 
Seat 2: Lorpugo ($11.98 in chips) 
cristiang1995: posts small blind $0.25
Lorpugo: posts big blind $0.50
*** HOLE CARDS ***
Dealt to Lorpugo [Tc 7s]
cristiang1995: folds 
Uncalled bet ($0.25) returned to Lorpugo
Lorpugo collected $0.50 from pot
Lorpugo: doesn't show hand 
*** SUMMARY ***
Total pot $0.50 | Rake $0 
Seat 1: cristiang1995 (button) (small blind) folded before Flop
Seat 2: Lorpugo (big blind) collected ($0.50)



PokerStars Zoom Hand #241348982626:  Hold'em No Limit ($0.25/$0.50 - $10 Cap - ) - 2023/01/23 15:47:00 ET
Table 'Alpha Reticuli (Cap)' 2-max Seat #1 is the button
Seat 1: Lorpugo ($12.23 in chips) 
Seat 2: nasserterapia ($5.42 in chips) 
Lorpugo: posts small blind $0.25
nasserterapia: posts big blind $0.50
*** HOLE CARDS ***
Dealt to Lorpugo [Qs Ks]
Lorpugo: raises $0.50 to $1
nasserterapia: raises $4.42 to $5.42 and is all-in
Lorpugo: calls $4.42
*** FLOP *** [Kc 6h 6s]
*** TURN *** [Kc 6h 6s] [8s]
*** RIVER *** [Kc 6h 6s 8s] [3d]
*** SHOW DOWN ***
nasserterapia: shows [Td As] (a pair of Sixes)
Lorpugo: shows [Qs Ks] (two pair, Kings and Sixes)
Lorpugo collected $10.30 from pot
nasserterapia cashed out the hand for $5.84 | Cash Out Fee $0.06
*** SUMMARY ***
Total pot $10.84 | Rake $0.54 
Board [Kc 6h 6s 8s 3d]
Seat 1: Lorpugo (button) (small blind) showed [Qs Ks] and won ($10.30) with two pair, Kings and Sixes
Seat 2: nasserterapia (big blind) showed [Td As] and lost with a pair of Sixes (cashed out).



PokerStars Zoom Hand #241348990184:  Hold'em No Limit ($0.25/$0.50 - $10 Cap - ) - 2023/01/23 15:47:17 ET
Table 'Alpha Reticuli (Cap)' 2-max Seat #1 is the button
Seat 1: Lorpugo ($17.11 in chips) 
Seat 2: BBBBB971 ($19.42 in chips) 
Lorpugo: posts small blind $0.25
BBBBB971: posts big blind $0.50
*** HOLE CARDS ***
Dealt to Lorpugo [2d 7d]
Lorpugo: folds 
Uncalled bet ($0.25) returned to BBBBB971
BBBBB971 collected $0.50 from pot
BBBBB971: doesn't show hand 
*** SUMMARY ***
Total pot $0.50 | Rake $0 
Seat 1: Lorpugo (button) (small blind) folded before Flop
Seat 2: BBBBB971 (big blind) collected ($0.50)



PokerStars Zoom Hand #241348992311:  Hold'em No Limit ($0.25/$0.50 - $10 Cap - ) - 2023/01/23 15:47:22 ET
Table 'Alpha Reticuli (Cap)' 2-max Seat #1 is the button
Seat 1: Lorpugo ($16.86 in chips) 
Seat 2: BBBBB971 ($12.65 in chips) 
Lorpugo: posts small blind $0.25
BBBBB971: posts big blind $0.50
*** HOLE CARDS ***
Dealt to Lorpugo [3d Qc]
Lorpugo: folds 
Uncalled bet ($0.25) returned to BBBBB971
BBBBB971 collected $0.50 from pot
BBBBB971: doesn't show hand 
*** SUMMARY ***
Total pot $0.50 | Rake $0 
Seat 1: Lorpugo (button) (small blind) folded before Flop
Seat 2: BBBBB971 (big blind) collected ($0.50)



PokerStars Zoom Hand #241348994774:  Hold'em No Limit ($0.25/$0.50 - $10 Cap - ) - 2023/01/23 15:47:28 ET
Table 'Alpha Reticuli (Cap)' 2-max Seat #1 is the button
Seat 1: alexcuypers ($12.48 in chips) 
Seat 2: Lorpugo ($16.61 in chips) 
alexcuypers: posts small blind $0.25
Lorpugo: posts big blind $0.50
*** HOLE CARDS ***
Dealt to Lorpugo [4h 8c]
alexcuypers: raises $0.60 to $1.10
Lorpugo: folds 
Uncalled bet ($0.60) returned to alexcuypers
alexcuypers collected $1 from pot
alexcuypers: doesn't show hand 
*** SUMMARY ***
Total pot $1 | Rake $0 
Seat 1: alexcuypers (button) (small blind) collected ($1)
Seat 2: Lorpugo (big blind) folded before Flop



PokerStars Zoom Hand #241348998138:  Hold'em No Limit ($0.25/$0.50 - $10 Cap - ) - 2023/01/23 15:47:35 ET
Table 'Alpha Reticuli (Cap)' 2-max Seat #1 is the button
Seat 1: BBBBB971 ($20.12 in chips) 
Seat 2: Lorpugo ($16.11 in chips) 
BBBBB971: posts small blind $0.25
Lorpugo: posts big blind $0.50
*** HOLE CARDS ***
Dealt to Lorpugo [3c 3s]
BBBBB971: calls $0.25
Lorpugo: checks 
*** FLOP *** [Qc 8h 7h]
Lorpugo: checks 
BBBBB971: bets $0.50
Lorpugo: folds 
Uncalled bet ($0.50) returned to BBBBB971
BBBBB971 collected $0.95 from pot
BBBBB971: doesn't show hand 
*** SUMMARY ***
Total pot $1 | Rake $0.05 
Board [Qc 8h 7h]
Seat 1: BBBBB971 (button) (small blind) collected ($0.95)
Seat 2: Lorpugo (big blind) folded on the Flop



PokerStars Zoom Hand #241349003337:  Hold'em No Limit ($0.25/$0.50 - $10 Cap - ) - 2023/01/23 15:47:47 ET
Table 'Alpha Reticuli (Cap)' 2-max Seat #1 is the button
Seat 1: Lorpugo ($15.61 in chips) 
Seat 2: BBBBB971 ($13.35 in chips) 
Lorpugo: posts small blind $0.25
BBBBB971: posts big blind $0.50
*** HOLE CARDS ***
Dealt to Lorpugo [3c 5c]
Lorpugo: calls $0.25
BBBBB971: checks 
*** FLOP *** [3d Td 5h]
BBBBB971: checks 
Lorpugo: checks 
*** TURN *** [3d Td 5h] [7d]
BBBBB971: bets $0.50
Lorpugo: raises $0.98 to $1.48
BBBBB971: calls $0.98
*** RIVER *** [3d Td 5h 7d] [2s]
BBBBB971: checks 
Lorpugo: bets $3.50
BBBBB971: calls $3.50
*** SHOW DOWN ***
Lorpugo: shows [3c 5c] (two pair, Fives and Threes)
BBBBB971: mucks hand 
Lorpugo collected $10.41 from pot
*** SUMMARY ***
Total pot $10.96 | Rake $0.55 
Board [3d Td 5h 7d 2s]
Seat 1: Lorpugo (button) (small blind) showed [3c 5c] and won ($10.41) with two pair, Fives and Threes
Seat 2: BBBBB971 (big blind) mucked [2d 5s]



PokerStars Zoom Hand #241349016239:  Hold'em No Limit ($0.25/$0.50 - $10 Cap - ) - 2023/01/23 15:48:17 ET
Table 'Alpha Reticuli (Cap)' 2-max Seat #1 is the button
Seat 1: BBBBB971 ($20.07 in chips) 
Seat 2: Lorpugo ($20.54 in chips) 
BBBBB971: posts small blind $0.25
Lorpugo: posts big blind $0.50
*** HOLE CARDS ***
Dealt to Lorpugo [2h 5s]
BBBBB971: folds 
Uncalled bet ($0.25) returned to Lorpugo
Lorpugo collected $0.50 from pot
Lorpugo: doesn't show hand 
*** SUMMARY ***
Total pot $0.50 | Rake $0 
Seat 1: BBBBB971 (button) (small blind) folded before Flop
Seat 2: Lorpugo (big blind) collected ($0.50)



PokerStars Zoom Hand #241349020611:  Hold'em No Limit ($0.25/$0.50 - $10 Cap - ) - 2023/01/23 15:48:26 ET
Table 'Alpha Reticuli (Cap)' 2-max Seat #1 is the button
Seat 1: Lorpugo ($20.79 in chips) 
Seat 2: cristiang1995 ($11.39 in chips) 
Lorpugo: posts small blind $0.25
cristiang1995: posts big blind $0.50
*** HOLE CARDS ***
Dealt to Lorpugo [8s 5s]
Lorpugo: calls $0.25
cristiang1995: checks 
*** FLOP *** [9c 7s Jh]
cristiang1995: checks 
Lorpugo: checks 
*** TURN *** [9c 7s Jh] [9s]
cristiang1995: checks 
Lorpugo: bets $1
cristiang1995: folds 
Uncalled bet ($1) returned to Lorpugo
Lorpugo collected $0.95 from pot
Lorpugo: doesn't show hand 
*** SUMMARY ***
Total pot $1 | Rake $0.05 
Board [9c 7s Jh 9s]
Seat 1: Lorpugo (button) (small blind) collected ($0.95)
Seat 2: cristiang1995 (big blind) folded on the Turn



PokerStars Zoom Hand #241349032973:  Hold'em No Limit ($0.25/$0.50 - $10 Cap - ) - 2023/01/23 15:48:55 ET
Table 'Alpha Reticuli (Cap)' 2-max Seat #1 is the button
Seat 1: Freakriderz ($13.82 in chips) 
Seat 2: Lorpugo ($21.24 in chips) 
Freakriderz: posts small blind $0.25
Lorpugo: posts big blind $0.50
*** HOLE CARDS ***
Dealt to Lorpugo [3c 6h]
Freakriderz: raises $0.50 to $1
Lorpugo: folds 
Uncalled bet ($0.50) returned to Freakriderz
Freakriderz collected $1 from pot
Freakriderz: doesn't show hand 
*** SUMMARY ***
Total pot $1 | Rake $0 
Seat 1: Freakriderz (button) (small blind) collected ($1)
Seat 2: Lorpugo (big blind) folded before Flop



PokerStars Zoom Hand #241349035521:  Hold'em No Limit ($0.25/$0.50 - $10 Cap - ) - 2023/01/23 15:49:01 ET
Table 'Alpha Reticuli (Cap)' 2-max Seat #1 is the button
Seat 1: Lorpugo ($20.74 in chips) 
Seat 2: BBBBB971 ($10.85 in chips) 
Lorpugo: posts small blind $0.25
BBBBB971: posts big blind $0.50
*** HOLE CARDS ***
Dealt to Lorpugo [8h 3s]
Lorpugo: folds 
Uncalled bet ($0.25) returned to BBBBB971
BBBBB971 collected $0.50 from pot
BBBBB971: doesn't show hand 
*** SUMMARY ***
Total pot $0.50 | Rake $0 
Seat 1: Lorpugo (button) (small blind) folded before Flop
Seat 2: BBBBB971 (big blind) collected ($0.50)



PokerStars Zoom Hand #241349038181:  Hold'em No Limit ($0.25/$0.50 - $10 Cap - ) - 2023/01/23 15:49:07 ET
Table 'Alpha Reticuli (Cap)' 2-max Seat #1 is the button
Seat 1: bigiuadrian ($53.21 in chips) 
Seat 2: Lorpugo ($20.49 in chips) 
bigiuadrian: posts small blind $0.25
Lorpugo: posts big blind $0.50
*** HOLE CARDS ***
Dealt to Lorpugo [Qs Kh]
bigiuadrian: raises $0.50 to $1
Lorpugo: raises $2 to $3
bigiuadrian: calls $2
*** FLOP *** [Th 7h 2d]
Lorpugo: bets $7 and has reached the $10 cap
bigiuadrian: folds 
Uncalled bet ($7) returned to Lorpugo
Lorpugo collected $5.70 from pot
Lorpugo: doesn't show hand 
*** SUMMARY ***
Total pot $6 | Rake $0.30 
Board [Th 7h 2d]
Seat 1: bigiuadrian (button) (small blind) folded on the Flop
Seat 2: Lorpugo (big blind) collected ($5.70)



PokerStars Zoom Hand #241349045121:  Hold'em No Limit ($0.25/$0.50 - $10 Cap - ) - 2023/01/23 15:49:22 ET
Table 'Alpha Reticuli (Cap)' 2-max Seat #1 is the button
Seat 1: Lorpugo ($23.19 in chips) 
Seat 2: Freakriderz ($13.57 in chips) 
Lorpugo: posts small blind $0.25
Freakriderz: posts big blind $0.50
*** HOLE CARDS ***
Dealt to Lorpugo [As 3d]
Lorpugo: raises $0.50 to $1
Freakriderz: calls $0.50
*** FLOP *** [Ts 3c Kh]
Freakriderz: checks 
Lorpugo: checks 
*** TURN *** [Ts 3c Kh] [Qh]
Freakriderz: checks 
Lorpugo: checks 
*** RIVER *** [Ts 3c Kh Qh] [6c]
Freakriderz: bets $1.41
Lorpugo: folds 
Uncalled bet ($1.41) returned to Freakriderz
Freakriderz collected $1.88 from pot
Freakriderz: doesn't show hand 
*** SUMMARY ***
Total pot $2 | Rake $0.12 
Board [Ts 3c Kh Qh 6c]
Seat 1: Lorpugo (button) (small blind) folded on the River
Seat 2: Freakriderz (big blind) collected ($1.88)



PokerStars Zoom Hand #241349053436:  Hold'em No Limit ($0.25/$0.50 - $10 Cap - ) - 2023/01/23 15:49:42 ET
Table 'Alpha Reticuli (Cap)' 2-max Seat #1 is the button
Seat 1: Lorpugo ($22.19 in chips) 
Seat 2: alexcuypers ($15.32 in chips) 
Lorpugo: posts small blind $0.25
alexcuypers: posts big blind $0.50
*** HOLE CARDS ***
Dealt to Lorpugo [Ad Jd]
Lorpugo: raises $0.50 to $1
alexcuypers: calls $0.50
*** FLOP *** [8d 4d As]
alexcuypers: checks 
Lorpugo: bets $0.50
alexcuypers: calls $0.50
*** TURN *** [8d 4d As] [Kd]
alexcuypers: checks 
Lorpugo: checks 
*** RIVER *** [8d 4d As Kd] [Kh]
alexcuypers: bets $1.75
Lorpugo: raises $4.19 to $5.94
alexcuypers: folds 
Uncalled bet ($4.19) returned to Lorpugo
Lorpugo collected $6.18 from pot
Lorpugo: doesn't show hand 
*** SUMMARY ***
Total pot $6.50 | Rake $0.32 
Board [8d 4d As Kd Kh]
Seat 1: Lorpugo (button) (small blind) collected ($6.18)
Seat 2: alexcuypers (big blind) folded on the River



PokerStars Zoom Hand #241349072406:  Hold'em No Limit ($0.25/$0.50 - $10 Cap - ) - 2023/01/23 15:50:25 ET
Table 'Alpha Reticuli (Cap)' 2-max Seat #1 is the button
Seat 1: Freakriderz ($12.20 in chips) 
Seat 2: Lorpugo ($25.12 in chips) 
Freakriderz: posts small blind $0.25
Lorpugo: posts big blind $0.50
*** HOLE CARDS ***
Dealt to Lorpugo [7d Th]
Freakriderz: folds 
Uncalled bet ($0.25) returned to Lorpugo
Lorpugo collected $0.50 from pot
Lorpugo: doesn't show hand 
*** SUMMARY ***
Total pot $0.50 | Rake $0 
Seat 1: Freakriderz (button) (small blind) folded before Flop
Seat 2: Lorpugo (big blind) collected ($0.50)



PokerStars Zoom Hand #241349076157:  Hold'em No Limit ($0.25/$0.50 - $10 Cap - ) - 2023/01/23 15:50:33 ET
Table 'Alpha Reticuli (Cap)' 2-max Seat #1 is the button
Seat 1: BBBBB971 ($19.72 in chips) 
Seat 2: Lorpugo ($25.37 in chips) 
BBBBB971: posts small blind $0.25
Lorpugo: posts big blind $0.50
*** HOLE CARDS ***
Dealt to Lorpugo [4c 7s]
BBBBB971: raises $0.50 to $1
Lorpugo: folds 
Uncalled bet ($0.50) returned to BBBBB971
BBBBB971 collected $1 from pot
BBBBB971: doesn't show hand 
*** SUMMARY ***
Total pot $1 | Rake $0 
Seat 1: BBBBB971 (button) (small blind) collected ($1)
Seat 2: Lorpugo (big blind) folded before Flop



PokerStars Zoom Hand #241349079153:  Hold'em No Limit ($0.25/$0.50 - $10 Cap - ) - 2023/01/23 15:50:40 ET
Table 'Alpha Reticuli (Cap)' 2-max Seat #1 is the button
Seat 1: Lorpugo ($24.87 in chips) 
Seat 2: bigiuadrian ($52.91 in chips) 
Lorpugo: posts small blind $0.25
bigiuadrian: posts big blind $0.50
*** HOLE CARDS ***
Dealt to Lorpugo [9s 2s]
Lorpugo: folds 
Uncalled bet ($0.25) returned to bigiuadrian
bigiuadrian collected $0.50 from pot
bigiuadrian: doesn't show hand 
*** SUMMARY ***
Total pot $0.50 | Rake $0 
Seat 1: Lorpugo (button) (small blind) folded before Flop
Seat 2: bigiuadrian (big blind) collected ($0.50)



PokerStars Zoom Hand #241349081691:  Hold'em No Limit ($0.25/$0.50 - $10 Cap - ) - 2023/01/23 15:50:46 ET
Table 'Alpha Reticuli (Cap)' 2-max Seat #1 is the button
Seat 1: BBBBB971 ($20.22 in chips) 
Seat 2: Lorpugo ($24.62 in chips) 
BBBBB971: posts small blind $0.25
Lorpugo: posts big blind $0.50
*** HOLE CARDS ***
Dealt to Lorpugo [6d 2s]
BBBBB971: raises $9.50 to $10 and has reached the $10 cap
Lorpugo: folds 
Uncalled bet ($9.50) returned to BBBBB971
BBBBB971 collected $1 from pot
BBBBB971: doesn't show hand 
*** SUMMARY ***
Total pot $1 | Rake $0 
Seat 1: BBBBB971 (button) (small blind) collected ($1)
Seat 2: Lorpugo (big blind) folded before Flop



PokerStars Zoom Hand #241349084761:  Hold'em No Limit ($0.25/$0.50 - $10 Cap - ) - 2023/01/23 15:50:53 ET
Table 'Alpha Reticuli (Cap)' 2-max Seat #1 is the button
Seat 1: bigiuadrian ($53.16 in chips) 
Seat 2: Lorpugo ($24.12 in chips) 
bigiuadrian: posts small blind $0.25
Lorpugo: posts big blind $0.50
*** HOLE CARDS ***
Dealt to Lorpugo [Kh Qd]
bigiuadrian: raises $0.50 to $1
Lorpugo: raises $2 to $3
bigiuadrian: calls $2
*** FLOP *** [Jd Ad Ts]
Lorpugo: bets $2.85
bigiuadrian: raises $4.15 to $7 and has reached the $10 cap
Lorpugo: calls $4.15 and has reached the $10 cap
*** TURN *** [Jd Ad Ts] [5h]
*** RIVER *** [Jd Ad Ts 5h] [Ac]
*** SHOW DOWN ***
Lorpugo: shows [Kh Qd] (a straight, Ten to Ace)
bigiuadrian: shows [9h Qc] (a pair of Aces)
Lorpugo collected $19.25 from pot
*** SUMMARY ***
Total pot $20 | Rake $0.75 
Board [Jd Ad Ts 5h Ac]
Seat 1: bigiuadrian (button) (small blind) showed [9h Qc] and lost with a pair of Aces
Seat 2: Lorpugo (big blind) showed [Kh Qd] and won ($19.25) with a straight, Ten to Ace



PokerStars Zoom Hand #241349099654:  Hold'em No Limit ($0.25/$0.50 - $10 Cap - ) - 2023/01/23 15:51:27 ET
Table 'Alpha Reticuli (Cap)' 2-max Seat #1 is the button
Seat 1: Lorpugo ($33.37 in chips) 
Seat 2: bigiuadrian ($43.16 in chips) 
Lorpugo: posts small blind $0.25
bigiuadrian: posts big blind $0.50
*** HOLE CARDS ***
Dealt to Lorpugo [3d 4d]
Lorpugo: raises $0.50 to $1
bigiuadrian: raises $2 to $3
Lorpugo: folds 
Uncalled bet ($2) returned to bigiuadrian
bigiuadrian collected $2 from pot
bigiuadrian: doesn't show hand 
*** SUMMARY ***
Total pot $2 | Rake $0 
Seat 1: Lorpugo (button) (small blind) folded before Flop
Seat 2: bigiuadrian (big blind) collected ($2)



PokerStars Zoom Hand #241349104617:  Hold'em No Limit ($0.25/$0.50 - $10 Cap - ) - 2023/01/23 15:51:39 ET
Table 'Alpha Reticuli (Cap)' 2-max Seat #1 is the button
Seat 1: Lorpugo ($32.37 in chips) 
Seat 2: BBBBB971 ($13.57 in chips) 
Lorpugo: posts small blind $0.25
BBBBB971: posts big blind $0.50
*** HOLE CARDS ***
Dealt to Lorpugo [8s Ah]
Lorpugo: raises $0.50 to $1
BBBBB971: calls $0.50
*** FLOP *** [Ad Kd 2c]
BBBBB971: checks 
Lorpugo: checks 
*** TURN *** [Ad Kd 2c] [9s]
BBBBB971: checks 
Lorpugo: checks 
*** RIVER *** [Ad Kd 2c 9s] [5c]
BBBBB971: checks 
Lorpugo: bets $0.95
BBBBB971: folds 
Uncalled bet ($0.95) returned to Lorpugo
Lorpugo collected $1.90 from pot
Lorpugo: doesn't show hand 
*** SUMMARY ***
Total pot $2 | Rake $0.10 
Board [Ad Kd 2c 9s 5c]
Seat 1: Lorpugo (button) (small blind) collected ($1.90)
Seat 2: BBBBB971 (big blind) folded on the River



PokerStars Zoom Hand #241349116826:  Hold'em No Limit ($0.25/$0.50 - $10 Cap - ) - 2023/01/23 15:52:07 ET
Table 'Alpha Reticuli (Cap)' 2-max Seat #1 is the button
Seat 1: BBBBB971 ($12.57 in chips) 
Seat 2: Lorpugo ($33.27 in chips) 
BBBBB971: posts small blind $0.25
Lorpugo: posts big blind $0.50
*** HOLE CARDS ***
Dealt to Lorpugo [9s Qd]
BBBBB971: calls $0.25
Lorpugo: checks 
*** FLOP *** [Jd As 4d]
Lorpugo: checks 
BBBBB971: bets $0.50
Lorpugo: folds 
Uncalled bet ($0.50) returned to BBBBB971
BBBBB971 collected $0.95 from pot
BBBBB971: doesn't show hand 
*** SUMMARY ***
Total pot $1 | Rake $0.05 
Board [Jd As 4d]
Seat 1: BBBBB971 (button) (small blind) collected ($0.95)
Seat 2: Lorpugo (big blind) folded on the Flop



PokerStars Zoom Hand #241349122812:  Hold'em No Limit ($0.25/$0.50 - $10 Cap - ) - 2023/01/23 15:52:21 ET
Table 'Alpha Reticuli (Cap)' 2-max Seat #1 is the button
Seat 1: Lorpugo ($32.77 in chips) 
Seat 2: BBBBB971 ($13.02 in chips) 
Lorpugo: posts small blind $0.25
BBBBB971: posts big blind $0.50
*** HOLE CARDS ***
Dealt to Lorpugo [6d Qh]
Lorpugo: folds 
Uncalled bet ($0.25) returned to BBBBB971
BBBBB971 collected $0.50 from pot
BBBBB971: doesn't show hand 
*** SUMMARY ***
Total pot $0.50 | Rake $0 
Seat 1: Lorpugo (button) (small blind) folded before Flop
Seat 2: BBBBB971 (big blind) collected ($0.50)



PokerStars Zoom Hand #241349126829:  Hold'em No Limit ($0.25/$0.50 - $10 Cap - ) - 2023/01/23 15:52:30 ET
Table 'Alpha Reticuli (Cap)' 2-max Seat #1 is the button
Seat 1: BBBBB971 ($13.27 in chips) 
Seat 2: Lorpugo ($32.52 in chips) 
BBBBB971: posts small blind $0.25
Lorpugo: posts big blind $0.50
*** HOLE CARDS ***
Dealt to Lorpugo [Qc 5s]
BBBBB971: calls $0.25
Lorpugo: checks 
*** FLOP *** [9d 7c Ad]
Lorpugo: checks 
BBBBB971: bets $0.50
Lorpugo: folds 
Uncalled bet ($0.50) returned to BBBBB971
BBBBB971 collected $0.95 from pot
BBBBB971: doesn't show hand 
*** SUMMARY ***
Total pot $1 | Rake $0.05 
Board [9d 7c Ad]
Seat 1: BBBBB971 (button) (small blind) collected ($0.95)
Seat 2: Lorpugo (big blind) folded on the Flop



PokerStars Zoom Hand #241349135108:  Hold'em No Limit ($0.25/$0.50 - $10 Cap - ) - 2023/01/23 15:52:49 ET
Table 'Alpha Reticuli (Cap)' 2-max Seat #1 is the button
Seat 1: Lorpugo ($32.02 in chips) 
Seat 2: bigiuadrian ($36.86 in chips) 
Lorpugo: posts small blind $0.25
bigiuadrian: posts big blind $0.50
*** HOLE CARDS ***
Dealt to Lorpugo [As Js]
Lorpugo: calls $0.25
bigiuadrian: checks 
*** FLOP *** [3s 2d 4h]
bigiuadrian: checks 
Lorpugo: checks 
*** TURN *** [3s 2d 4h] [Th]
bigiuadrian: checks 
Lorpugo: checks 
*** RIVER *** [3s 2d 4h Th] [9d]
bigiuadrian: checks 
Lorpugo: checks 
*** SHOW DOWN ***
bigiuadrian: shows [Jh 6d] (high card Jack)
Lorpugo: shows [As Js] (high card Ace)
Lorpugo collected $0.95 from pot
*** SUMMARY ***
Total pot $1 | Rake $0.05 
Board [3s 2d 4h Th 9d]
Seat 1: Lorpugo (button) (small blind) showed [As Js] and won ($0.95) with high card Ace
Seat 2: bigiuadrian (big blind) showed [Jh 6d] and lost with high card Jack



PokerStars Zoom Hand #241349144185:  Hold'em No Limit ($0.25/$0.50 - $10 Cap - ) - 2023/01/23 15:53:10 ET
Table 'Alpha Reticuli (Cap)' 2-max Seat #1 is the button
Seat 1: bigiuadrian ($36.36 in chips) 
Seat 2: Lorpugo ($32.47 in chips) 
bigiuadrian: posts small blind $0.25
Lorpugo: posts big blind $0.50
*** HOLE CARDS ***
Dealt to Lorpugo [7d Kd]
bigiuadrian: calls $0.25
Lorpugo: checks 
*** FLOP *** [5s Qd Jc]
Lorpugo: checks 
bigiuadrian: checks 
*** TURN *** [5s Qd Jc] [Qc]
Lorpugo: checks 
bigiuadrian: checks 
*** RIVER *** [5s Qd Jc Qc] [As]
Lorpugo: checks 
bigiuadrian: bets $0.95
Lorpugo: folds 
Uncalled bet ($0.95) returned to bigiuadrian
bigiuadrian collected $0.95 from pot
bigiuadrian: doesn't show hand 
*** SUMMARY ***
Total pot $1 | Rake $0.05 
Board [5s Qd Jc Qc As]
Seat 1: bigiuadrian (button) (small blind) collected ($0.95)
Seat 2: Lorpugo (big blind) folded on the River



PokerStars Zoom Hand #241349152300:  Hold'em No Limit ($0.25/$0.50 - $10 Cap - ) - 2023/01/23 15:53:29 ET
Table 'Alpha Reticuli (Cap)' 2-max Seat #1 is the button
Seat 1: Lorpugo ($31.97 in chips) 
Seat 2: bigiuadrian ($36.81 in chips) 
Lorpugo: posts small blind $0.25
bigiuadrian: posts big blind $0.50
*** HOLE CARDS ***
Dealt to Lorpugo [4h 5c]
Lorpugo: folds 
Uncalled bet ($0.25) returned to bigiuadrian
bigiuadrian collected $0.50 from pot
bigiuadrian: doesn't show hand 
*** SUMMARY ***
Total pot $0.50 | Rake $0 
Seat 1: Lorpugo (button) (small blind) folded before Flop
Seat 2: bigiuadrian (big blind) collected ($0.50)



PokerStars Zoom Hand #241349154903:  Hold'em No Limit ($0.25/$0.50 - $10 Cap - ) - 2023/01/23 15:53:35 ET
Table 'Alpha Reticuli (Cap)' 2-max Seat #1 is the button
Seat 1: bigiuadrian ($37.06 in chips) 
Seat 2: Lorpugo ($31.72 in chips) 
bigiuadrian: posts small blind $0.25
Lorpugo: posts big blind $0.50
*** HOLE CARDS ***
Dealt to Lorpugo [9d 3s]
bigiuadrian: calls $0.25
Lorpugo: checks 
*** FLOP *** [7s 5h Tc]
Lorpugo: checks 
bigiuadrian: checks 
*** TURN *** [7s 5h Tc] [Ad]
Lorpugo: checks 
bigiuadrian: checks 
*** RIVER *** [7s 5h Tc Ad] [Kc]
Lorpugo: checks 
bigiuadrian: checks 
*** SHOW DOWN ***
Lorpugo: shows [9d 3s] (high card Ace)
bigiuadrian: shows [5c 3h] (a pair of Fives)
bigiuadrian collected $0.95 from pot
*** SUMMARY ***
Total pot $1 | Rake $0.05 
Board [7s 5h Tc Ad Kc]
Seat 1: bigiuadrian (button) (small blind) showed [5c 3h] and won ($0.95) with a pair of Fives
Seat 2: Lorpugo (big blind) showed [9d 3s] and lost with high card Ace



PokerStars Zoom Hand #241349162651:  Hold'em No Limit ($0.25/$0.50 - $10 Cap - ) - 2023/01/23 15:53:53 ET
Table 'Alpha Reticuli (Cap)' 2-max Seat #1 is the button
Seat 1: Lorpugo ($31.22 in chips) 
Seat 2: bigiuadrian ($37.51 in chips) 
Lorpugo: posts small blind $0.25
bigiuadrian: posts big blind $0.50
*** HOLE CARDS ***
Dealt to Lorpugo [9c 4h]
Lorpugo: folds 
Uncalled bet ($0.25) returned to bigiuadrian
bigiuadrian collected $0.50 from pot
bigiuadrian: doesn't show hand 
*** SUMMARY ***
Total pot $0.50 | Rake $0 
Seat 1: Lorpugo (button) (small blind) folded before Flop
Seat 2: bigiuadrian (big blind) collected ($0.50)



PokerStars Zoom Hand #241349165190:  Hold'em No Limit ($0.25/$0.50 - $10 Cap - ) - 2023/01/23 15:53:59 ET
Table 'Alpha Reticuli (Cap)' 2-max Seat #1 is the button
Seat 1: bigiuadrian ($37.76 in chips) 
Seat 2: Lorpugo ($30.97 in chips) 
bigiuadrian: posts small blind $0.25
Lorpugo: posts big blind $0.50
*** HOLE CARDS ***
Dealt to Lorpugo [7d 9h]
bigiuadrian: raises $0.50 to $1
Lorpugo: calls $0.50
*** FLOP *** [3h 7c Qs]
Lorpugo: checks 
bigiuadrian: bets $0.85
Lorpugo: calls $0.85
*** TURN *** [3h 7c Qs] [9s]
Lorpugo: checks 
bigiuadrian: bets $3.02
Lorpugo: raises $5.13 to $8.15 and has reached the $10 cap
bigiuadrian: folds 
Uncalled bet ($5.13) returned to Lorpugo
Lorpugo collected $9.25 from pot
Lorpugo: doesn't show hand 
*** SUMMARY ***
Total pot $9.74 | Rake $0.49 
Board [3h 7c Qs 9s]
Seat 1: bigiuadrian (button) (small blind) folded on the Turn
Seat 2: Lorpugo (big blind) collected ($9.25)



PokerStars Zoom Hand #241349188543:  Hold'em No Limit ($0.25/$0.50 - $10 Cap - ) - 2023/01/23 15:54:53 ET
Table 'Alpha Reticuli (Cap)' 2-max Seat #1 is the button
Seat 1: Lorpugo ($35.35 in chips) 
Seat 2: bigiuadrian ($32.89 in chips) 
Lorpugo: posts small blind $0.25
bigiuadrian: posts big blind $0.50
*** HOLE CARDS ***
Dealt to Lorpugo [7c Ks]
Lorpugo: raises $0.50 to $1
bigiuadrian: raises $9 to $10 and has reached the $10 cap
Lorpugo: folds 
Uncalled bet ($9) returned to bigiuadrian
bigiuadrian collected $2 from pot
bigiuadrian: doesn't show hand 
*** SUMMARY ***
Total pot $2 | Rake $0 
Seat 1: Lorpugo (button) (small blind) folded before Flop
Seat 2: bigiuadrian (big blind) collected ($2)



PokerStars Zoom Hand #241349192510:  Hold'em No Limit ($0.25/$0.50 - $10 Cap - ) - 2023/01/23 15:55:02 ET
Table 'Alpha Reticuli (Cap)' 2-max Seat #1 is the button
Seat 1: bigiuadrian ($33.89 in chips) 
Seat 2: Lorpugo ($34.35 in chips) 
bigiuadrian: posts small blind $0.25
Lorpugo: posts big blind $0.50
*** HOLE CARDS ***
Dealt to Lorpugo [6c 5c]
bigiuadrian: raises $9.50 to $10 and has reached the $10 cap
Lorpugo: folds 
Uncalled bet ($9.50) returned to bigiuadrian
bigiuadrian collected $1 from pot
bigiuadrian: doesn't show hand 
*** SUMMARY ***
Total pot $1 | Rake $0 
Seat 1: bigiuadrian (button) (small blind) collected ($1)
Seat 2: Lorpugo (big blind) folded before Flop



PokerStars Zoom Hand #241349195422:  Hold'em No Limit ($0.25/$0.50 - $10 Cap - ) - 2023/01/23 15:55:09 ET
Table 'Alpha Reticuli (Cap)' 2-max Seat #1 is the button
Seat 1: Lorpugo ($33.85 in chips) 
Seat 2: Freakriderz ($17.36 in chips) 
Lorpugo: posts small blind $0.25
Freakriderz: posts big blind $0.50
*** HOLE CARDS ***
Dealt to Lorpugo [9s 2c]
Lorpugo: folds 
Uncalled bet ($0.25) returned to Freakriderz
Freakriderz collected $0.50 from pot
Freakriderz: doesn't show hand 
*** SUMMARY ***
Total pot $0.50 | Rake $0 
Seat 1: Lorpugo (button) (small blind) folded before Flop
Seat 2: Freakriderz (big blind) collected ($0.50)



PokerStars Zoom Hand #241349197936:  Hold'em No Limit ($0.25/$0.50 - $10 Cap - ) - 2023/01/23 15:55:15 ET
Table 'Alpha Reticuli (Cap)' 2-max Seat #1 is the button
Seat 1: Lorpugo ($33.60 in chips) 
Seat 2: BBBBB971 ($25.24 in chips) 
Lorpugo: posts small blind $0.25
BBBBB971: posts big blind $0.50
*** HOLE CARDS ***
Dealt to Lorpugo [Js 3d]
Lorpugo: folds 
Uncalled bet ($0.25) returned to BBBBB971
BBBBB971 collected $0.50 from pot
BBBBB971: doesn't show hand 
*** SUMMARY ***
Total pot $0.50 | Rake $0 
Seat 1: Lorpugo (button) (small blind) folded before Flop
Seat 2: BBBBB971 (big blind) collected ($0.50)



PokerStars Zoom Hand #241349199915:  Hold'em No Limit ($0.25/$0.50 - $10 Cap - ) - 2023/01/23 15:55:21 ET
Table 'Alpha Reticuli (Cap)' 2-max Seat #1 is the button
Seat 1: BBBBB971 ($25.49 in chips) 
Seat 2: Lorpugo ($33.35 in chips) 
BBBBB971: posts small blind $0.25
Lorpugo: posts big blind $0.50
*** HOLE CARDS ***
Dealt to Lorpugo [8c As]
BBBBB971: raises $0.50 to $1
Lorpugo: calls $0.50
*** FLOP *** [2c Kc 8h]
Lorpugo: checks 
BBBBB971: bets $0.95
Lorpugo: calls $0.95
*** TURN *** [2c Kc 8h] [3c]
Lorpugo: checks 
BBBBB971: bets $1.85
Lorpugo: calls $1.85
*** RIVER *** [2c Kc 8h 3c] [Ah]
Lorpugo: checks 
BBBBB971: bets $6.20 and has reached the $10 cap
Lorpugo: calls $6.20 and has reached the $10 cap
*** SHOW DOWN ***
BBBBB971: shows [6c Ac] (a flush, Ace high)
Lorpugo: shows [8c As] (two pair, Aces and Eights)
BBBBB971 collected $19.25 from pot
*** SUMMARY ***
Total pot $20 | Rake $0.75 
Board [2c Kc 8h 3c Ah]
Seat 1: BBBBB971 (button) (small blind) showed [6c Ac] and won ($19.25) with a flush, Ace high
Seat 2: Lorpugo (big blind) showed [8c As] and lost with two pair, Aces and Eights



PokerStars Zoom Hand #241349210772:  Hold'em No Limit ($0.25/$0.50 - $10 Cap - ) - 2023/01/23 15:55:56 ET
Table 'Alpha Reticuli (Cap)' 2-max Seat #1 is the button
Seat 1: Lorpugo ($23.35 in chips) 
Seat 2: BBBBB971 ($34.74 in chips) 
Lorpugo: posts small blind $0.25
BBBBB971: posts big blind $0.50
*** HOLE CARDS ***
Dealt to Lorpugo [Jh Kd]
Lorpugo: raises $0.50 to $1
BBBBB971: folds 
Uncalled bet ($0.50) returned to Lorpugo
Lorpugo collected $1 from pot
Lorpugo: doesn't show hand 
*** SUMMARY ***
Total pot $1 | Rake $0 
Seat 1: Lorpugo (button) (small blind) collected ($1)
Seat 2: BBBBB971 (big blind) folded before Flop



PokerStars Zoom Hand #241349213320:  Hold'em No Limit ($0.25/$0.50 - $10 Cap - ) - 2023/01/23 15:56:04 ET
Table 'Alpha Reticuli (Cap)' 2-max Seat #1 is the button
Seat 1: BBBBB971 ($34.24 in chips) 
Seat 2: Lorpugo ($23.85 in chips) 
BBBBB971: posts small blind $0.25
Lorpugo: posts big blind $0.50
*** HOLE CARDS ***
Dealt to Lorpugo [Ad Td]
BBBBB971: calls $0.25
Lorpugo: raises $1.50 to $2
BBBBB971: calls $1.50
*** FLOP *** [Qs 5c Ts]
Lorpugo: checks 
BBBBB971: bets $1.90
Lorpugo: calls $1.90
*** TURN *** [Qs 5c Ts] [8s]
Lorpugo: checks 
BBBBB971: checks 
*** RIVER *** [Qs 5c Ts 8s] [5s]
Lorpugo: checks 
BBBBB971: checks 
*** SHOW DOWN ***
Lorpugo: shows [Ad Td] (two pair, Tens and Fives)
BBBBB971: mucks hand 
Lorpugo collected $7.41 from pot
*** SUMMARY ***
Total pot $7.80 | Rake $0.39 
Board [Qs 5c Ts 8s 5s]
Seat 1: BBBBB971 (button) (small blind) mucked [8d Jd]
Seat 2: Lorpugo (big blind) showed [Ad Td] and won ($7.41) with two pair, Tens and Fives



PokerStars Zoom Hand #241349224799:  Hold'em No Limit ($0.25/$0.50 - $10 Cap - ) - 2023/01/23 15:56:40 ET
Table 'Alpha Reticuli (Cap)' 2-max Seat #1 is the button
Seat 1: alexcuypers ($25.10 in chips) 
Seat 2: Lorpugo ($27.36 in chips) 
alexcuypers: posts small blind $0.25
Lorpugo: posts big blind $0.50
*** HOLE CARDS ***
Dealt to Lorpugo [Tc Ac]
alexcuypers: calls $0.25
Lorpugo: raises $1.50 to $2
alexcuypers: calls $1.50
*** FLOP *** [3s 4h Qc]
Lorpugo: bets $8 and has reached the $10 cap
alexcuypers: folds 
Uncalled bet ($8) returned to Lorpugo
Lorpugo collected $3.80 from pot
Lorpugo: doesn't show hand 
*** SUMMARY ***
Total pot $4 | Rake $0.20 
Board [3s 4h Qc]
Seat 1: alexcuypers (button) (small blind) folded on the Flop
Seat 2: Lorpugo (big blind) collected ($3.80)



PokerStars Zoom Hand #241349232219:  Hold'em No Limit ($0.25/$0.50 - $10 Cap - ) - 2023/01/23 15:57:03 ET
Table 'Alpha Reticuli (Cap)' 2-max Seat #1 is the button
Seat 1: Lorpugo ($29.16 in chips) 
Seat 2: cristiang1995 ($11.15 in chips) 
Lorpugo: posts small blind $0.25
cristiang1995: posts big blind $0.50
*** HOLE CARDS ***
Dealt to Lorpugo [Th 4s]
Lorpugo: folds 
Uncalled bet ($0.25) returned to cristiang1995
cristiang1995 collected $0.50 from pot
cristiang1995: doesn't show hand 
*** SUMMARY ***
Total pot $0.50 | Rake $0 
Seat 1: Lorpugo (button) (small blind) folded before Flop
Seat 2: cristiang1995 (big blind) collected ($0.50)



PokerStars Zoom Hand #241349234157:  Hold'em No Limit ($0.25/$0.50 - $10 Cap - ) - 2023/01/23 15:57:09 ET
Table 'Alpha Reticuli (Cap)' 2-max Seat #1 is the button
Seat 1: cristiang1995 ($11.40 in chips) 
Seat 2: Lorpugo ($28.91 in chips) 
cristiang1995: posts small blind $0.25
Lorpugo: posts big blind $0.50
*** HOLE CARDS ***
Dealt to Lorpugo [4c Ts]
cristiang1995: calls $0.25
Lorpugo: checks 
*** FLOP *** [Qd 5s 3s]
Lorpugo: bets $0.50
cristiang1995: folds 
Uncalled bet ($0.50) returned to Lorpugo
Lorpugo collected $0.95 from pot
Lorpugo: doesn't show hand 
*** SUMMARY ***
Total pot $1 | Rake $0.05 
Board [Qd 5s 3s]
Seat 1: cristiang1995 (button) (small blind) folded on the Flop
Seat 2: Lorpugo (big blind) collected ($0.95)



PokerStars Zoom Hand #241349239467:  Hold'em No Limit ($0.25/$0.50 - $10 Cap - ) - 2023/01/23 15:57:25 ET
Table 'Alpha Reticuli (Cap)' 2-max Seat #1 is the button
Seat 1: Lorpugo ($29.36 in chips) 
Seat 2: cristiang1995 ($10.90 in chips) 
Lorpugo: posts small blind $0.25
cristiang1995: posts big blind $0.50
*** HOLE CARDS ***
Dealt to Lorpugo [7c 3d]
Lorpugo: folds 
Uncalled bet ($0.25) returned to cristiang1995
cristiang1995 collected $0.50 from pot
cristiang1995: doesn't show hand 
*** SUMMARY ***
Total pot $0.50 | Rake $0 
Seat 1: Lorpugo (button) (small blind) folded before Flop
Seat 2: cristiang1995 (big blind) collected ($0.50)



PokerStars Zoom Hand #241349241058:  Hold'em No Limit ($0.25/$0.50 - $10 Cap - ) - 2023/01/23 15:57:30 ET
Table 'Alpha Reticuli (Cap)' 2-max Seat #1 is the button
Seat 1: bigiuadrian ($23.51 in chips) 
Seat 2: Lorpugo ($29.11 in chips) 
bigiuadrian: posts small blind $0.25
Lorpugo: posts big blind $0.50
*** HOLE CARDS ***
Dealt to Lorpugo [3s 8h]
bigiuadrian: folds 
Uncalled bet ($0.25) returned to Lorpugo
Lorpugo collected $0.50 from pot
Lorpugo: doesn't show hand 
*** SUMMARY ***
Total pot $0.50 | Rake $0 
Seat 1: bigiuadrian (button) (small blind) folded before Flop
Seat 2: Lorpugo (big blind) collected ($0.50)



PokerStars Zoom Hand #241349243987:  Hold'em No Limit ($0.25/$0.50 - $10 Cap - ) - 2023/01/23 15:57:39 ET
Table 'Alpha Reticuli (Cap)' 2-max Seat #1 is the button
Seat 1: Lorpugo ($29.36 in chips) 
Seat 2: Freakriderz ($22.27 in chips) 
Lorpugo: posts small blind $0.25
Freakriderz: posts big blind $0.50
*** HOLE CARDS ***
Dealt to Lorpugo [4s Kh]
Lorpugo: raises $1 to $1.50
Freakriderz: calls $1
*** FLOP *** [Qd As Th]
Freakriderz: checks 
Lorpugo: bets $1.43
Freakriderz: calls $1.43
*** TURN *** [Qd As Th] [6c]
Freakriderz: checks 
Lorpugo: bets $7.07 and has reached the $10 cap
Freakriderz: calls $7.07 and has reached the $10 cap
*** RIVER *** [Qd As Th 6c] [Qc]
*** SHOW DOWN ***
Freakriderz: shows [4h Ad] (two pair, Aces and Queens)
Lorpugo: shows [4s Kh] (a pair of Queens)
Freakriderz cashed out the hand for $17.33 | Cash Out Fee $0.18
*** SUMMARY ***
Total pot $20 | Rake $0.75 
Board [Qd As Th 6c Qc]
Seat 1: Lorpugo (button) (small blind) showed [4s Kh] and lost with a pair of Queens
Seat 2: Freakriderz (big blind) showed [4h Ad] and won ($19.25) with two pair, Aces and Queens (pot not awarded as player cashed out)



PokerStars Zoom Hand #241349259455:  Hold'em No Limit ($0.25/$0.50 - $10 Cap - ) - 2023/01/23 15:58:27 ET
Table 'Alpha Reticuli (Cap)' 2-max Seat #1 is the button
Seat 1: Lorpugo ($19.36 in chips) 
Seat 2: BBBBB971 ($11.45 in chips) 
Lorpugo: posts small blind $0.25
BBBBB971: posts big blind $0.50
*** HOLE CARDS ***
Dealt to Lorpugo [Ad 8h]
Lorpugo: raises $0.75 to $1.25
BBBBB971: calls $0.75
*** FLOP *** [Qs Td Js]
BBBBB971: checks 
Lorpugo: checks 
*** TURN *** [Qs Td Js] [3d]
BBBBB971: bets $1.79
Lorpugo: calls $1.79
*** RIVER *** [Qs Td Js 3d] [3s]
BBBBB971: bets $4.34
Lorpugo: folds 
Uncalled bet ($4.34) returned to BBBBB971
BBBBB971 collected $5.78 from pot
BBBBB971: doesn't show hand 
*** SUMMARY ***
Total pot $6.08 | Rake $0.30 
Board [Qs Td Js 3d 3s]
Seat 1: Lorpugo (button) (small blind) folded on the River
Seat 2: BBBBB971 (big blind) collected ($5.78)



PokerStars Zoom Hand #241349267415:  Hold'em No Limit ($0.25/$0.50 - $10 Cap - ) - 2023/01/23 15:58:52 ET
Table 'Alpha Reticuli (Cap)' 2-max Seat #1 is the button
Seat 1: Lorpugo ($16.32 in chips) 
Seat 2: cristiang1995 ($12.90 in chips) 
Lorpugo: posts small blind $0.25
cristiang1995: posts big blind $0.50
*** HOLE CARDS ***
Dealt to Lorpugo [3c 8c]
Lorpugo: calls $0.25
cristiang1995: raises $0.50 to $1
Lorpugo: calls $0.50
*** FLOP *** [Ac As 8h]
cristiang1995: bets $1.50
Lorpugo: calls $1.50
*** TURN *** [Ac As 8h] [5s]
cristiang1995: bets $1.50
Lorpugo: raises $6 to $7.50 and has reached the $10 cap
cristiang1995: calls $6 and has reached the $10 cap
*** RIVER *** [Ac As 8h 5s] [Kh]
*** SHOW DOWN ***
cristiang1995: shows [Jh Js] (two pair, Aces and Jacks)
Lorpugo: shows [3c 8c] (two pair, Aces and Eights)
cristiang1995 collected $19.25 from pot
*** SUMMARY ***
Total pot $20 | Rake $0.75 
Board [Ac As 8h 5s Kh]
Seat 1: Lorpugo (button) (small blind) showed [3c 8c] and lost with two pair, Aces and Eights
Seat 2: cristiang1995 (big blind) showed [Jh Js] and won ($19.25) with two pair, Aces and Jacks



PokerStars Zoom Hand #241349279101:  Hold'em No Limit ($0.25/$0.50 - $10 Cap - ) - 2023/01/23 15:59:28 ET
Table 'Alpha Reticuli (Cap)' 2-max Seat #1 is the button
Seat 1: cristiang1995 ($22.15 in chips) 
Seat 2: Lorpugo ($6.32 in chips) 
cristiang1995: posts small blind $0.25
Lorpugo: posts big blind $0.50
*** HOLE CARDS ***
Dealt to Lorpugo [Kc 8d]
cristiang1995: calls $0.25
Lorpugo: raises $5.82 to $6.32 and is all-in
cristiang1995: calls $5.82
*** FLOP *** [Ts 5h 8c]
*** TURN *** [Ts 5h 8c] [Jd]
*** RIVER *** [Ts 5h 8c Jd] [Kh]
*** SHOW DOWN ***
Lorpugo: shows [Kc 8d] (two pair, Kings and Eights)
cristiang1995: shows [Qh 7h] (high card King)
Lorpugo collected $12.01 from pot
*** SUMMARY ***
Total pot $12.64 | Rake $0.63 
Board [Ts 5h 8c Jd Kh]
Seat 1: cristiang1995 (button) (small blind) showed [Qh 7h] and lost with high card King
Seat 2: Lorpugo (big blind) showed [Kc 8d] and won ($12.01) with two pair, Kings and Eights



PokerStars Zoom Hand #241349285847:  Hold'em No Limit ($0.25/$0.50 - $10 Cap - ) - 2023/01/23 15:59:49 ET
Table 'Alpha Reticuli (Cap)' 2-max Seat #1 is the button
Seat 1: nasserterapia ($5.11 in chips) 
Seat 2: Lorpugo ($12.01 in chips) 
nasserterapia: posts small blind $0.25
Lorpugo: posts big blind $0.50
*** HOLE CARDS ***
Dealt to Lorpugo [2s 7s]
nasserterapia: calls $0.25
Lorpugo: checks 
*** FLOP *** [Td 4c 6h]
Lorpugo: checks 
nasserterapia: bets $0.95
Lorpugo: folds 
Uncalled bet ($0.95) returned to nasserterapia
nasserterapia collected $0.95 from pot
nasserterapia: doesn't show hand 
*** SUMMARY ***
Total pot $1 | Rake $0.05 
Board [Td 4c 6h]
Seat 1: nasserterapia (button) (small blind) collected ($0.95)
Seat 2: Lorpugo (big blind) folded on the Flop



PokerStars Zoom Hand #241349290105:  Hold'em No Limit ($0.25/$0.50 - $10 Cap - ) - 2023/01/23 16:00:02 ET
Table 'Alpha Reticuli (Cap)' 2-max Seat #1 is the button
Seat 1: Lorpugo ($11.51 in chips) 
Seat 2: nasserterapia ($5.56 in chips) 
Lorpugo: posts small blind $0.25
nasserterapia: posts big blind $0.50
*** HOLE CARDS ***
Dealt to Lorpugo [8c Js]
Lorpugo: raises $0.50 to $1
nasserterapia: calls $0.50
*** FLOP *** [5s Jc 6d]
nasserterapia: checks 
Lorpugo: bets $9 and has reached the $10 cap
nasserterapia: folds 
Uncalled bet ($9) returned to Lorpugo
Lorpugo collected $1.90 from pot
Lorpugo: doesn't show hand 
*** SUMMARY ***
Total pot $2 | Rake $0.10 
Board [5s Jc 6d]
Seat 1: Lorpugo (button) (small blind) collected ($1.90)
Seat 2: nasserterapia (big blind) folded on the Flop



PokerStars Zoom Hand #241349294905:  Hold'em No Limit ($0.25/$0.50 - $10 Cap - ) - 2023/01/23 16:00:17 ET
Table 'Alpha Reticuli (Cap)' 2-max Seat #1 is the button
Seat 1: alexcuypers ($18.91 in chips) 
Seat 2: Lorpugo ($12.41 in chips) 
alexcuypers: posts small blind $0.25
Lorpugo: posts big blind $0.50
*** HOLE CARDS ***
Dealt to Lorpugo [Kc Jh]
alexcuypers: raises $0.60 to $1.10
Lorpugo: calls $0.60
*** FLOP *** [7d 9s 7h]
Lorpugo: checks 
alexcuypers: bets $1.50
Lorpugo: folds 
Uncalled bet ($1.50) returned to alexcuypers
alexcuypers collected $2.09 from pot
alexcuypers: doesn't show hand 
*** SUMMARY ***
Total pot $2.20 | Rake $0.11 
Board [7d 9s 7h]
Seat 1: alexcuypers (button) (small blind) collected ($2.09)
Seat 2: Lorpugo (big blind) folded on the Flop



PokerStars Zoom Hand #241349300586:  Hold'em No Limit ($0.25/$0.50 - $10 Cap - ) - 2023/01/23 16:00:34 ET
Table 'Alpha Reticuli (Cap)' 2-max Seat #1 is the button
Seat 1: Lorpugo ($11.31 in chips) 
Seat 2: nasserterapia ($5.01 in chips) 
Lorpugo: posts small blind $0.25
nasserterapia: posts big blind $0.50
*** HOLE CARDS ***
Dealt to Lorpugo [Tc Kc]
Lorpugo: raises $0.50 to $1
nasserterapia: calls $0.50
*** FLOP *** [7h Ks Ac]
nasserterapia: checks 
Lorpugo: checks 
*** TURN *** [7h Ks Ac] [Ad]
nasserterapia: checks 
Lorpugo: bets $1.25
nasserterapia: folds 
Uncalled bet ($1.25) returned to Lorpugo
Lorpugo collected $1.90 from pot
Lorpugo: doesn't show hand 
*** SUMMARY ***
Total pot $2 | Rake $0.10 
Board [7h Ks Ac Ad]
Seat 1: Lorpugo (button) (small blind) collected ($1.90)
Seat 2: nasserterapia (big blind) folded on the Turn



PokerStars Zoom Hand #241349307612:  Hold'em No Limit ($0.25/$0.50 - $10 Cap - ) - 2023/01/23 16:00:54 ET
Table 'Alpha Reticuli (Cap)' 2-max Seat #1 is the button
Seat 1: brocky29 ($13.30 in chips) 
Seat 2: Lorpugo ($12.21 in chips) 
brocky29: posts small blind $0.25
Lorpugo: posts big blind $0.50
*** HOLE CARDS ***
Dealt to Lorpugo [8h 9s]
brocky29: raises $0.50 to $1
Lorpugo: raises $2 to $3
brocky29: calls $2
*** FLOP *** [Ah 6c 3c]
Lorpugo: bets $7 and has reached the $10 cap
brocky29: folds 
Uncalled bet ($7) returned to Lorpugo
Lorpugo collected $5.70 from pot
Lorpugo: doesn't show hand 
*** SUMMARY ***
Total pot $6 | Rake $0.30 
Board [Ah 6c 3c]
Seat 1: brocky29 (button) (small blind) folded on the Flop
Seat 2: Lorpugo (big blind) collected ($5.70)



PokerStars Zoom Hand #241349319688:  Hold'em No Limit ($0.25/$0.50 - $10 Cap - ) - 2023/01/23 16:01:26 ET
Table 'Alpha Reticuli (Cap)' 2-max Seat #1 is the button
Seat 1: Lorpugo ($14.91 in chips) 
Seat 2: BBBBB971 ($46.22 in chips) 
Lorpugo: posts small blind $0.25
BBBBB971: posts big blind $0.50
*** HOLE CARDS ***
Dealt to Lorpugo [6d 9s]
Lorpugo: calls $0.25
BBBBB971: raises $9.50 to $10 and has reached the $10 cap
Lorpugo: folds 
Uncalled bet ($9.50) returned to BBBBB971
BBBBB971 collected $1 from pot
BBBBB971: doesn't show hand 
*** SUMMARY ***
Total pot $1 | Rake $0 
Seat 1: Lorpugo (button) (small blind) folded before Flop
Seat 2: BBBBB971 (big blind) collected ($1)



PokerStars Zoom Hand #241349323422:  Hold'em No Limit ($0.25/$0.50 - $10 Cap - ) - 2023/01/23 16:01:36 ET
Table 'Alpha Reticuli (Cap)' 2-max Seat #1 is the button
Seat 1: brocky29 ($10.80 in chips) 
Seat 2: Lorpugo ($14.41 in chips) 
brocky29: posts small blind $0.25
Lorpugo: posts big blind $0.50
*** HOLE CARDS ***
Dealt to Lorpugo [7c 2s]
brocky29: raises $0.50 to $1
Lorpugo: folds 
Uncalled bet ($0.50) returned to brocky29
brocky29 collected $1 from pot
brocky29: doesn't show hand 
*** SUMMARY ***
Total pot $1 | Rake $0 
Seat 1: brocky29 (button) (small blind) collected ($1)
Seat 2: Lorpugo (big blind) folded before Flop



PokerStars Zoom Hand #241349325766:  Hold'em No Limit ($0.25/$0.50 - $10 Cap - ) - 2023/01/23 16:01:41 ET
Table 'Alpha Reticuli (Cap)' 2-max Seat #1 is the button
Seat 1: Freakriderz ($34.54 in chips) 
Seat 2: Lorpugo ($13.91 in chips) 
Freakriderz: posts small blind $0.25
Lorpugo: posts big blind $0.50
*** HOLE CARDS ***
Dealt to Lorpugo [Jd 5c]
Freakriderz: raises $0.50 to $1
Lorpugo: folds 
Uncalled bet ($0.50) returned to Freakriderz
Freakriderz collected $1 from pot
Freakriderz: doesn't show hand 
*** SUMMARY ***
Total pot $1 | Rake $0 
Seat 1: Freakriderz (button) (small blind) collected ($1)
Seat 2: Lorpugo (big blind) folded before Flop



PokerStars Zoom Hand #241349328166:  Hold'em No Limit ($0.25/$0.50 - $10 Cap - ) - 2023/01/23 16:01:47 ET
Table 'Alpha Reticuli (Cap)' 2-max Seat #1 is the button
Seat 1: Lorpugo ($13.41 in chips) 
Seat 2: BBBBB971 ($46.22 in chips) 
Lorpugo: posts small blind $0.25
BBBBB971: posts big blind $0.50
*** HOLE CARDS ***
Dealt to Lorpugo [9s Ks]
Lorpugo: raises $0.50 to $1
BBBBB971: raises $1.50 to $2.50
Lorpugo: calls $1.50
*** FLOP *** [Ac 4c Kh]
BBBBB971: bets $1.43
Lorpugo: calls $1.43
*** TURN *** [Ac 4c Kh] [8s]
BBBBB971: bets $2.24
Lorpugo: raises $3.83 to $6.07 and has reached the $10 cap
BBBBB971: calls $3.83 and has reached the $10 cap
*** RIVER *** [Ac 4c Kh 8s] [6s]
*** SHOW DOWN ***
BBBBB971: shows [Kd Kc] (three of a kind, Kings)
Lorpugo: shows [9s Ks] (a pair of Kings)
BBBBB971 collected $19.25 from pot
*** SUMMARY ***
Total pot $20 | Rake $0.75 
Board [Ac 4c Kh 8s 6s]
Seat 1: Lorpugo (button) (small blind) showed [9s Ks] and lost with a pair of Kings
Seat 2: BBBBB971 (big blind) showed [Kd Kc] and won ($19.25) with three of a kind, Kings



PokerStars Zoom Hand #241349339930:  Hold'em No Limit ($0.25/$0.50 - $10 Cap - ) - 2023/01/23 16:02:16 ET
Table 'Alpha Reticuli (Cap)' 2-max Seat #1 is the button
Seat 1: Lorpugo ($3.41 in chips) 
Seat 2: BBBBB971 ($55.47 in chips) 
Lorpugo: posts small blind $0.25
BBBBB971: posts big blind $0.50
*** HOLE CARDS ***
Dealt to Lorpugo [4s Qs]
Lorpugo: raises $2.91 to $3.41 and is all-in
BBBBB971: folds 
Uncalled bet ($2.91) returned to Lorpugo
Lorpugo collected $1 from pot
Lorpugo: doesn't show hand 
*** SUMMARY ***
Total pot $1 | Rake $0 
Seat 1: Lorpugo (button) (small blind) collected ($1)
Seat 2: BBBBB971 (big blind) folded before Flop



PokerStars Zoom Hand #241349344089:  Hold'em No Limit ($0.25/$0.50 - $10 Cap - ) - 2023/01/23 16:02:25 ET
Table 'Alpha Reticuli (Cap)' 2-max Seat #1 is the button
Seat 1: BBBBB971 ($54.97 in chips) 
Seat 2: Lorpugo ($3.91 in chips) 
BBBBB971: posts small blind $0.25
Lorpugo: posts big blind $0.50
*** HOLE CARDS ***
Dealt to Lorpugo [7c Ac]
BBBBB971: raises $9.50 to $10 and has reached the $10 cap
Lorpugo: calls $3.41 and is all-in
Uncalled bet ($6.09) returned to BBBBB971
*** FLOP *** [5c 4s Qh]
*** TURN *** [5c 4s Qh] [2h]
*** RIVER *** [5c 4s Qh 2h] [2c]
*** SHOW DOWN ***
Lorpugo: shows [7c Ac] (a pair of Deuces)
BBBBB971: shows [Kh 6h] (a pair of Deuces - lower kicker)
Lorpugo collected $7.43 from pot
*** SUMMARY ***
Total pot $7.82 | Rake $0.39 
Board [5c 4s Qh 2h 2c]
Seat 1: BBBBB971 (button) (small blind) showed [Kh 6h] and lost with a pair of Deuces
Seat 2: Lorpugo (big blind) showed [7c Ac] and won ($7.43) with a pair of Deuces



PokerStars Zoom Hand #241349350594:  Hold'em No Limit ($0.25/$0.50 - $10 Cap - ) - 2023/01/23 16:02:41 ET
Table 'Alpha Reticuli (Cap)' 2-max Seat #1 is the button
Seat 1: Freakriderz ($33.33 in chips) 
Seat 2: Lorpugo ($7.43 in chips) 
Freakriderz: posts small blind $0.25
Lorpugo: posts big blind $0.50
*** HOLE CARDS ***
Dealt to Lorpugo [Qh Ts]
Freakriderz: raises $0.50 to $1
Lorpugo: calls $0.50
*** FLOP *** [6s 8s 3c]
Lorpugo: checks 
Freakriderz: bets $0.97
Lorpugo: folds 
Uncalled bet ($0.97) returned to Freakriderz
Freakriderz collected $1.88 from pot
Freakriderz: doesn't show hand 
*** SUMMARY ***
Total pot $2 | Rake $0.12 
Board [6s 8s 3c]
Seat 1: Freakriderz (button) (small blind) collected ($1.88)
Seat 2: Lorpugo (big blind) folded on the Flop



PokerStars Zoom Hand #241349356781:  Hold'em No Limit ($0.25/$0.50 - $10 Cap - ) - 2023/01/23 16:02:55 ET
Table 'Alpha Reticuli (Cap)' 2-max Seat #1 is the button
Seat 1: Lorpugo ($6.43 in chips) 
Seat 2: Freakriderz ($34.21 in chips) 
Lorpugo: posts small blind $0.25
Freakriderz: posts big blind $0.50
*** HOLE CARDS ***
Dealt to Lorpugo [Kc 8s]
Lorpugo: raises $0.50 to $1
Freakriderz: calls $0.50
*** FLOP *** [Ac 2s 2c]
Freakriderz: checks 
Lorpugo: bets $5.43 and is all-in
Freakriderz: folds 
Uncalled bet ($5.43) returned to Lorpugo
Lorpugo collected $1.90 from pot
Lorpugo: doesn't show hand 
*** SUMMARY ***
Total pot $2 | Rake $0.10 
Board [Ac 2s 2c]
Seat 1: Lorpugo (button) (small blind) collected ($1.90)
Seat 2: Freakriderz (big blind) folded on the Flop



PokerStars Zoom Hand #241349364348:  Hold'em No Limit ($0.25/$0.50 - $10 Cap - ) - 2023/01/23 16:03:13 ET
Table 'Alpha Reticuli (Cap)' 2-max Seat #1 is the button
Seat 1: Freakriderz ($33.21 in chips) 
Seat 2: Lorpugo ($7.33 in chips) 
Freakriderz: posts small blind $0.25
Lorpugo: posts big blind $0.50
*** HOLE CARDS ***
Dealt to Lorpugo [Kc 9h]
Freakriderz: folds 
Uncalled bet ($0.25) returned to Lorpugo
Lorpugo collected $0.50 from pot
Lorpugo: doesn't show hand 
*** SUMMARY ***
Total pot $0.50 | Rake $0 
Seat 1: Freakriderz (button) (small blind) folded before Flop
Seat 2: Lorpugo (big blind) collected ($0.50)



PokerStars Zoom Hand #241349370023:  Hold'em No Limit ($0.25/$0.50 - $10 Cap - ) - 2023/01/23 16:03:26 ET
Table 'Alpha Reticuli (Cap)' 2-max Seat #1 is the button
Seat 1: Lorpugo ($7.58 in chips) 
Seat 2: Freakriderz ($32.96 in chips) 
Lorpugo: posts small blind $0.25
Freakriderz: posts big blind $0.50
*** HOLE CARDS ***
Dealt to Lorpugo [2c 7d]
Lorpugo: folds 
Uncalled bet ($0.25) returned to Freakriderz
Freakriderz collected $0.50 from pot
Freakriderz: doesn't show hand 
*** SUMMARY ***
Total pot $0.50 | Rake $0 
Seat 1: Lorpugo (button) (small blind) folded before Flop
Seat 2: Freakriderz (big blind) collected ($0.50)



PokerStars Zoom Hand #241349372527:  Hold'em No Limit ($0.25/$0.50 - $10 Cap - ) - 2023/01/23 16:03:32 ET
Table 'Alpha Reticuli (Cap)' 2-max Seat #1 is the button
Seat 1: Freakriderz ($33.21 in chips) 
Seat 2: Lorpugo ($7.33 in chips) 
Freakriderz: posts small blind $0.25
Lorpugo: posts big blind $0.50
*** HOLE CARDS ***
Dealt to Lorpugo [As 2d]
Freakriderz: raises $0.50 to $1
Lorpugo: raises $6.33 to $7.33 and is all-in
Freakriderz: folds 
Uncalled bet ($6.33) returned to Lorpugo
Lorpugo collected $2 from pot
Lorpugo: doesn't show hand 
*** SUMMARY ***
Total pot $2 | Rake $0 
Seat 1: Freakriderz (button) (small blind) folded before Flop
Seat 2: Lorpugo (big blind) collected ($2)



PokerStars Zoom Hand #241349376849:  Hold'em No Limit ($0.25/$0.50 - $10 Cap - ) - 2023/01/23 16:03:43 ET
Table 'Alpha Reticuli (Cap)' 2-max Seat #1 is the button
Seat 1: Lorpugo ($8.33 in chips) 
Seat 2: Freakriderz ($32.21 in chips) 
Lorpugo: posts small blind $0.25
Freakriderz: posts big blind $0.50
*** HOLE CARDS ***
Dealt to Lorpugo [Jd Kh]
Lorpugo: raises $0.50 to $1
Freakriderz: calls $0.50
*** FLOP *** [3s 8h 8c]
Freakriderz: checks 
Lorpugo: bets $0.50
Freakriderz: calls $0.50
*** TURN *** [3s 8h 8c] [Kd]
Freakriderz: checks 
Lorpugo: bets $0.50
Freakriderz: calls $0.50
*** RIVER *** [3s 8h 8c Kd] [7c]
Freakriderz: checks 
Lorpugo: bets $2.51
Freakriderz: folds 
Uncalled bet ($2.51) returned to Lorpugo
Lorpugo collected $3.80 from pot
Lorpugo: doesn't show hand 
*** SUMMARY ***
Total pot $4 | Rake $0.20 
Board [3s 8h 8c Kd 7c]
Seat 1: Lorpugo (button) (small blind) collected ($3.80)
Seat 2: Freakriderz (big blind) folded on the River



PokerStars Zoom Hand #241349389718:  Hold'em No Limit ($0.25/$0.50 - $10 Cap - ) - 2023/01/23 16:04:13 ET
Table 'Alpha Reticuli (Cap)' 2-max Seat #1 is the button
Seat 1: nasserterapia ($6.73 in chips) 
Seat 2: Lorpugo ($10.13 in chips) 
nasserterapia: posts small blind $0.25
Lorpugo: posts big blind $0.50
*** HOLE CARDS ***
Dealt to Lorpugo [3c Qd]
nasserterapia: folds 
Uncalled bet ($0.25) returned to Lorpugo
Lorpugo collected $0.50 from pot
Lorpugo: doesn't show hand 
*** SUMMARY ***
Total pot $0.50 | Rake $0 
Seat 1: nasserterapia (button) (small blind) folded before Flop
Seat 2: Lorpugo (big blind) collected ($0.50)



PokerStars Zoom Hand #241349392188:  Hold'em No Limit ($0.25/$0.50 - $10 Cap - ) - 2023/01/23 16:04:18 ET
Table 'Alpha Reticuli (Cap)' 2-max Seat #1 is the button
Seat 1: Lorpugo ($10.38 in chips) 
Seat 2: Vivien0824 ($14.35 in chips) 
Lorpugo: posts small blind $0.25
Vivien0824: posts big blind $0.50
*** HOLE CARDS ***
Dealt to Lorpugo [Qh Jc]
Lorpugo: raises $0.50 to $1
Vivien0824: calls $0.50
*** FLOP *** [9d 4h 6s]
Vivien0824: checks 
Lorpugo: checks 
*** TURN *** [9d 4h 6s] [Jd]
Vivien0824: bets $1
Lorpugo: raises $1.95 to $2.95
Vivien0824: calls $1.95
*** RIVER *** [9d 4h 6s Jd] [7h]
Vivien0824: checks 
Lorpugo: checks 
*** SHOW DOWN ***
Vivien0824: shows [Js 8c] (a pair of Jacks)
Lorpugo: shows [Qh Jc] (a pair of Jacks - Queen kicker)
Lorpugo collected $7.50 from pot
*** SUMMARY ***
Total pot $7.90 | Rake $0.40 
Board [9d 4h 6s Jd 7h]
Seat 1: Lorpugo (button) (small blind) showed [Qh Jc] and won ($7.50) with a pair of Jacks
Seat 2: Vivien0824 (big blind) showed [Js 8c] and lost with a pair of Jacks



PokerStars Zoom Hand #241349404552:  Hold'em No Limit ($0.25/$0.50 - $10 Cap - ) - 2023/01/23 16:04:47 ET
Table 'Alpha Reticuli (Cap)' 2-max Seat #1 is the button
Seat 1: Lorpugo ($13.93 in chips) 
Seat 2: cristiang1995 ($4.67 in chips) 
Lorpugo: posts small blind $0.25
cristiang1995: posts big blind $0.50
*** HOLE CARDS ***
Dealt to Lorpugo [Th Ts]
Lorpugo: raises $0.50 to $1
cristiang1995: calls $0.50
*** FLOP *** [7h 2s 8c]
cristiang1995: checks 
Lorpugo: bets $0.50
cristiang1995: folds 
Uncalled bet ($0.50) returned to Lorpugo
Lorpugo collected $1.90 from pot
Lorpugo: doesn't show hand 
*** SUMMARY ***
Total pot $2 | Rake $0.10 
Board [7h 2s 8c]
Seat 1: Lorpugo (button) (small blind) collected ($1.90)
Seat 2: cristiang1995 (big blind) folded on the Flop



PokerStars Zoom Hand #241349414736:  Hold'em No Limit ($0.25/$0.50 - $10 Cap - ) - 2023/01/23 16:05:10 ET
Table 'Alpha Reticuli (Cap)' 2-max Seat #1 is the button
Seat 1: bigiuadrian ($33.70 in chips) 
Seat 2: Lorpugo ($14.83 in chips) 
bigiuadrian: posts small blind $0.25
Lorpugo: posts big blind $0.50
*** HOLE CARDS ***
Dealt to Lorpugo [3d 6h]
bigiuadrian: calls $0.25
Lorpugo: checks 
*** FLOP *** [2c 4h 8s]
Lorpugo: checks 
bigiuadrian: checks 
*** TURN *** [2c 4h 8s] [5h]
Lorpugo: bets $0.95
bigiuadrian: calls $0.95
*** RIVER *** [2c 4h 8s 5h] [Tc]
Lorpugo: bets $8.55 and has reached the $10 cap
bigiuadrian: folds 
Uncalled bet ($8.55) returned to Lorpugo
Lorpugo collected $2.76 from pot
Lorpugo: doesn't show hand 
*** SUMMARY ***
Total pot $2.90 | Rake $0.14 
Board [2c 4h 8s 5h Tc]
Seat 1: bigiuadrian (button) (small blind) folded on the River
Seat 2: Lorpugo (big blind) collected ($2.76)



PokerStars Zoom Hand #241349425395:  Hold'em No Limit ($0.25/$0.50 - $10 Cap - ) - 2023/01/23 16:05:34 ET
Table 'Alpha Reticuli (Cap)' 2-max Seat #1 is the button
Seat 1: Vivien0824 ($5.70 in chips) 
Seat 2: Lorpugo ($16.14 in chips) 
Vivien0824: posts small blind $0.25
Lorpugo: posts big blind $0.50
*** HOLE CARDS ***
Dealt to Lorpugo [7d 2h]
Vivien0824: raises $0.50 to $1
Lorpugo: folds 
Uncalled bet ($0.50) returned to Vivien0824
Vivien0824 collected $1 from pot
Vivien0824: doesn't show hand 
*** SUMMARY ***
Total pot $1 | Rake $0 
Seat 1: Vivien0824 (button) (small blind) collected ($1)
Seat 2: Lorpugo (big blind) folded before Flop



PokerStars Zoom Hand #241349427433:  Hold'em No Limit ($0.25/$0.50 - $10 Cap - ) - 2023/01/23 16:05:39 ET
Table 'Alpha Reticuli (Cap)' 2-max Seat #1 is the button
Seat 1: Lorpugo ($15.64 in chips) 
Seat 2: cristiang1995 ($10 in chips) 
Lorpugo: posts small blind $0.25
cristiang1995: posts big blind $0.50
*** HOLE CARDS ***
Dealt to Lorpugo [Kc Ad]
Lorpugo: calls $0.25
cristiang1995: checks 
*** FLOP *** [Qc As 7c]
cristiang1995: checks 
Lorpugo: checks 
*** TURN *** [Qc As 7c] [Jh]
cristiang1995: checks 
Lorpugo: bets $1.50
cristiang1995: folds 
Uncalled bet ($1.50) returned to Lorpugo
Lorpugo collected $0.95 from pot
Lorpugo: doesn't show hand 
*** SUMMARY ***
Total pot $1 | Rake $0.05 
Board [Qc As 7c Jh]
Seat 1: Lorpugo (button) (small blind) collected ($0.95)
Seat 2: cristiang1995 (big blind) folded on the Turn



PokerStars Zoom Hand #241349442070:  Hold'em No Limit ($0.25/$0.50 - $10 Cap - ) - 2023/01/23 16:06:13 ET
Table 'Alpha Reticuli (Cap)' 2-max Seat #1 is the button
Seat 1: brocky29 ($19.51 in chips) 
Seat 2: Lorpugo ($16.09 in chips) 
brocky29: posts small blind $0.25
Lorpugo: posts big blind $0.50
*** HOLE CARDS ***
Dealt to Lorpugo [3c Ad]
brocky29: folds 
Uncalled bet ($0.25) returned to Lorpugo
Lorpugo collected $0.50 from pot
Lorpugo: doesn't show hand 
*** SUMMARY ***
Total pot $0.50 | Rake $0 
Seat 1: brocky29 (button) (small blind) folded before Flop
Seat 2: Lorpugo (big blind) collected ($0.50)



PokerStars Zoom Hand #241349445696:  Hold'em No Limit ($0.25/$0.50 - $10 Cap - ) - 2023/01/23 16:06:21 ET
Table 'Alpha Reticuli (Cap)' 2-max Seat #1 is the button
Seat 1: Lorpugo ($16.34 in chips) 
Seat 2: Freakriderz ($14.15 in chips) 
Lorpugo: posts small blind $0.25
Freakriderz: posts big blind $0.50
*** HOLE CARDS ***
Dealt to Lorpugo [Jd 9h]
Lorpugo: raises $0.50 to $1
Freakriderz: raises $2 to $3
Lorpugo: folds 
Uncalled bet ($2) returned to Freakriderz
Freakriderz collected $2 from pot
Freakriderz: doesn't show hand 
*** SUMMARY ***
Total pot $2 | Rake $0 
Seat 1: Lorpugo (button) (small blind) folded before Flop
Seat 2: Freakriderz (big blind) collected ($2)



PokerStars Zoom Hand #241349456472:  Hold'em No Limit ($0.25/$0.50 - $10 Cap - ) - 2023/01/23 16:06:45 ET
Table 'Alpha Reticuli (Cap)' 2-max Seat #1 is the button
Seat 1: alexcuypers ($5.14 in chips) 
Seat 2: Lorpugo ($15.34 in chips) 
alexcuypers: posts small blind $0.25
Lorpugo: posts big blind $0.50
*** HOLE CARDS ***
Dealt to Lorpugo [7c 5c]
alexcuypers: calls $0.25
Lorpugo: checks 
*** FLOP *** [6d Th 6c]
Lorpugo: checks 
alexcuypers: checks 
*** TURN *** [6d Th 6c] [9s]
Lorpugo: bets $0.50
alexcuypers: calls $0.50
*** RIVER *** [6d Th 6c 9s] [Td]
Lorpugo: bets $1.25
alexcuypers: folds 
Uncalled bet ($1.25) returned to Lorpugo
Lorpugo collected $1.90 from pot
Lorpugo: doesn't show hand 
*** SUMMARY ***
Total pot $2 | Rake $0.10 
Board [6d Th 6c 9s Td]
Seat 1: alexcuypers (button) (small blind) folded on the River
Seat 2: Lorpugo (big blind) collected ($1.90)



PokerStars Zoom Hand #241349467914:  Hold'em No Limit ($0.25/$0.50 - $10 Cap - ) - 2023/01/23 16:07:12 ET
Table 'Alpha Reticuli (Cap)' 2-max Seat #1 is the button
Seat 1: Lorpugo ($16.24 in chips) 
Seat 2: Vivien0824 ($12.51 in chips) 
Lorpugo: posts small blind $0.25
Vivien0824: posts big blind $0.50
*** HOLE CARDS ***
Dealt to Lorpugo [Ah 7d]
Lorpugo: raises $0.50 to $1
Vivien0824: raises $9 to $10 and has reached the $10 cap
Lorpugo: folds 
Uncalled bet ($9) returned to Vivien0824
Vivien0824 collected $2 from pot
Vivien0824: doesn't show hand 
*** SUMMARY ***
Total pot $2 | Rake $0 
Seat 1: Lorpugo (button) (small blind) folded before Flop
Seat 2: Vivien0824 (big blind) collected ($2)



PokerStars Zoom Hand #241349471760:  Hold'em No Limit ($0.25/$0.50 - $10 Cap - ) - 2023/01/23 16:07:21 ET
Table 'Alpha Reticuli (Cap)' 2-max Seat #1 is the button
Seat 1: Lorpugo ($15.24 in chips) 
Seat 2: cristiang1995 ($8.28 in chips) 
Lorpugo: posts small blind $0.25
cristiang1995: posts big blind $0.50
*** HOLE CARDS ***
Dealt to Lorpugo [Qs 8d]
Lorpugo: raises $0.50 to $1
cristiang1995: calls $0.50
*** FLOP *** [3d 7h 4c]
cristiang1995: checks 
Lorpugo: bets $1.25
cristiang1995: calls $1.25
*** TURN *** [3d 7h 4c] [7s]
cristiang1995: checks 
Lorpugo: checks 
*** RIVER *** [3d 7h 4c 7s] [8h]
cristiang1995: checks 
Lorpugo: bets $4.28
cristiang1995: folds 
Uncalled bet ($4.28) returned to Lorpugo
Lorpugo collected $4.28 from pot
Lorpugo: doesn't show hand 
*** SUMMARY ***
Total pot $4.50 | Rake $0.22 
Board [3d 7h 4c 7s 8h]
Seat 1: Lorpugo (button) (small blind) collected ($4.28)
Seat 2: cristiang1995 (big blind) folded on the River



PokerStars Zoom Hand #241349484503:  Hold'em No Limit ($0.25/$0.50 - $10 Cap - ) - 2023/01/23 16:07:50 ET
Table 'Alpha Reticuli (Cap)' 2-max Seat #1 is the button
Seat 1: BBBBB971 ($51.54 in chips) 
Seat 2: Lorpugo ($17.27 in chips) 
BBBBB971: posts small blind $0.25
Lorpugo: posts big blind $0.50
*** HOLE CARDS ***
Dealt to Lorpugo [2d 4d]
BBBBB971: calls $0.25
Lorpugo: checks 
*** FLOP *** [As 2c 7c]
Lorpugo: checks 
BBBBB971: bets $0.50
Lorpugo: calls $0.50
*** TURN *** [As 2c 7c] [6d]
Lorpugo: checks 
BBBBB971: checks 
*** RIVER *** [As 2c 7c 6d] [Kc]
Lorpugo: checks 
BBBBB971: checks 
*** SHOW DOWN ***
Lorpugo: shows [2d 4d] (a pair of Deuces)
BBBBB971: shows [7s Jc] (a pair of Sevens)
BBBBB971 collected $1.90 from pot
*** SUMMARY ***
Total pot $2 | Rake $0.10 
Board [As 2c 7c 6d Kc]
Seat 1: BBBBB971 (button) (small blind) showed [7s Jc] and won ($1.90) with a pair of Sevens
Seat 2: Lorpugo (big blind) showed [2d 4d] and lost with a pair of Deuces



PokerStars Zoom Hand #241349493617:  Hold'em No Limit ($0.25/$0.50 - $10 Cap - ) - 2023/01/23 16:08:11 ET
Table 'Alpha Reticuli (Cap)' 2-max Seat #1 is the button
Seat 1: cristiang1995 ($5.78 in chips) 
Seat 2: Lorpugo ($16.27 in chips) 
cristiang1995: posts small blind $0.25
Lorpugo: posts big blind $0.50
*** HOLE CARDS ***
Dealt to Lorpugo [6c 7d]
cristiang1995: calls $0.25
Lorpugo: checks 
*** FLOP *** [Qh 7s 8d]
Lorpugo: checks 
cristiang1995: checks 
*** TURN *** [Qh 7s 8d] [Ah]
Lorpugo: checks 
cristiang1995: checks 
*** RIVER *** [Qh 7s 8d Ah] [7c]
Lorpugo: bets $1.50
cristiang1995: folds 
Uncalled bet ($1.50) returned to Lorpugo
Lorpugo collected $0.95 from pot
Lorpugo: doesn't show hand 
*** SUMMARY ***
Total pot $1 | Rake $0.05 
Board [Qh 7s 8d Ah 7c]
Seat 1: cristiang1995 (button) (small blind) folded on the River
Seat 2: Lorpugo (big blind) collected ($0.95)



PokerStars Zoom Hand #241349502744:  Hold'em No Limit ($0.25/$0.50 - $10 Cap - ) - 2023/01/23 16:08:32 ET
Table 'Alpha Reticuli (Cap)' 2-max Seat #1 is the button
Seat 1: Lorpugo ($16.72 in chips) 
Seat 2: bigiuadrian ($26.48 in chips) 
Lorpugo: posts small blind $0.25
bigiuadrian: posts big blind $0.50
*** HOLE CARDS ***
Dealt to Lorpugo [7s Th]
Lorpugo: calls $0.25
bigiuadrian: checks 
*** FLOP *** [7c 2h 9s]
bigiuadrian: checks 
Lorpugo: bets $0.63
bigiuadrian: calls $0.63
*** TURN *** [7c 2h 9s] [8d]
bigiuadrian: checks 
Lorpugo: checks 
*** RIVER *** [7c 2h 9s 8d] [3s]
bigiuadrian: checks 
Lorpugo: bets $0.50
bigiuadrian: calls $0.50
*** SHOW DOWN ***
Lorpugo: shows [7s Th] (a pair of Sevens)
bigiuadrian: mucks hand 
Lorpugo collected $3.10 from pot
*** SUMMARY ***
Total pot $3.26 | Rake $0.16 
Board [7c 2h 9s 8d 3s]
Seat 1: Lorpugo (button) (small blind) showed [7s Th] and won ($3.10) with a pair of Sevens
Seat 2: bigiuadrian (big blind) mucked [Kc 2s]



PokerStars Zoom Hand #241349514783:  Hold'em No Limit ($0.25/$0.50 - $10 Cap - ) - 2023/01/23 16:09:00 ET
Table 'Alpha Reticuli (Cap)' 2-max Seat #1 is the button
Seat 1: bigiuadrian ($24.85 in chips) 
Seat 2: Lorpugo ($18.19 in chips) 
bigiuadrian: posts small blind $0.25
Lorpugo: posts big blind $0.50
*** HOLE CARDS ***
Dealt to Lorpugo [Qh 4h]
bigiuadrian: folds 
Uncalled bet ($0.25) returned to Lorpugo
Lorpugo collected $0.50 from pot
Lorpugo: doesn't show hand 
*** SUMMARY ***
Total pot $0.50 | Rake $0 
Seat 1: bigiuadrian (button) (small blind) folded before Flop
Seat 2: Lorpugo (big blind) collected ($0.50)



PokerStars Zoom Hand #241349516962:  Hold'em No Limit ($0.25/$0.50 - $10 Cap - ) - 2023/01/23 16:09:05 ET
Table 'Alpha Reticuli (Cap)' 2-max Seat #1 is the button
Seat 1: Lorpugo ($18.44 in chips) 
Seat 2: bigiuadrian ($24.60 in chips) 
Lorpugo: posts small blind $0.25
bigiuadrian: posts big blind $0.50
*** HOLE CARDS ***
Dealt to Lorpugo [Kh 3d]
Lorpugo: raises $0.50 to $1
bigiuadrian: calls $0.50
*** FLOP *** [6s 5s 2s]
bigiuadrian: checks 
Lorpugo: checks 
*** TURN *** [6s 5s 2s] [3s]
bigiuadrian: bets $0.95
Lorpugo: folds 
Uncalled bet ($0.95) returned to bigiuadrian
bigiuadrian collected $1.90 from pot
bigiuadrian: doesn't show hand 
*** SUMMARY ***
Total pot $2 | Rake $0.10 
Board [6s 5s 2s 3s]
Seat 1: Lorpugo (button) (small blind) folded on the Turn
Seat 2: bigiuadrian (big blind) collected ($1.90)



PokerStars Zoom Hand #241349524296:  Hold'em No Limit ($0.25/$0.50 - $10 Cap - ) - 2023/01/23 16:09:22 ET
Table 'Alpha Reticuli (Cap)' 2-max Seat #1 is the button
Seat 1: Lorpugo ($17.44 in chips) 
Seat 2: alexcuypers ($10 in chips) 
Lorpugo: posts small blind $0.25
alexcuypers: posts big blind $0.50
*** HOLE CARDS ***
Dealt to Lorpugo [3c Jc]
Lorpugo: raises $0.50 to $1
alexcuypers: folds 
Uncalled bet ($0.50) returned to Lorpugo
Lorpugo collected $1 from pot
Lorpugo: doesn't show hand 
*** SUMMARY ***
Total pot $1 | Rake $0 
Seat 1: Lorpugo (button) (small blind) collected ($1)
Seat 2: alexcuypers (big blind) folded before Flop



PokerStars Zoom Hand #241349532454:  Hold'em No Limit ($0.25/$0.50 - $10 Cap - ) - 2023/01/23 16:09:41 ET
Table 'Alpha Reticuli (Cap)' 2-max Seat #1 is the button
Seat 1: nasserterapia ($27.42 in chips) 
Seat 2: Lorpugo ($17.94 in chips) 
nasserterapia: posts small blind $0.25
Lorpugo: posts big blind $0.50
*** HOLE CARDS ***
Dealt to Lorpugo [4s 9h]
nasserterapia: calls $0.25
Lorpugo: checks 
*** FLOP *** [Qh Jc Kh]
Lorpugo: checks 
nasserterapia: checks 
*** TURN *** [Qh Jc Kh] [Jh]
Lorpugo: bets $0.50
nasserterapia: folds 
Uncalled bet ($0.50) returned to Lorpugo
Lorpugo collected $0.95 from pot
Lorpugo: doesn't show hand 
*** SUMMARY ***
Total pot $1 | Rake $0.05 
Board [Qh Jc Kh Jh]
Seat 1: nasserterapia (button) (small blind) folded on the Turn
Seat 2: Lorpugo (big blind) collected ($0.95)



PokerStars Zoom Hand #241349542084:  Hold'em No Limit ($0.25/$0.50 - $10 Cap - ) - 2023/01/23 16:10:03 ET
Table 'Alpha Reticuli (Cap)' 2-max Seat #1 is the button
Seat 1: brocky29 ($23.62 in chips) 
Seat 2: Lorpugo ($18.39 in chips) 
brocky29: posts small blind $0.25
Lorpugo: posts big blind $0.50
*** HOLE CARDS ***
Dealt to Lorpugo [As 7s]
brocky29: folds 
Uncalled bet ($0.25) returned to Lorpugo
Lorpugo collected $0.50 from pot
Lorpugo: doesn't show hand 
*** SUMMARY ***
Total pot $0.50 | Rake $0 
Seat 1: brocky29 (button) (small blind) folded before Flop
Seat 2: Lorpugo (big blind) collected ($0.50)



PokerStars Zoom Hand #241349550713:  Hold'em No Limit ($0.25/$0.50 - $10 Cap - ) - 2023/01/23 16:10:23 ET
Table 'Alpha Reticuli (Cap)' 2-max Seat #1 is the button
Seat 1: Lorpugo ($18.64 in chips) 
Seat 2: bigiuadrian ($24.95 in chips) 
Lorpugo: posts small blind $0.25
bigiuadrian: posts big blind $0.50
*** HOLE CARDS ***
Dealt to Lorpugo [9c Kc]
Lorpugo: raises $0.50 to $1
bigiuadrian: calls $0.50
*** FLOP *** [7s 6c Qh]
bigiuadrian: checks 
Lorpugo: bets $0.95
bigiuadrian: calls $0.95
*** TURN *** [7s 6c Qh] [Kh]
bigiuadrian: checks 
Lorpugo: bets $2.44
bigiuadrian: calls $2.44
*** RIVER *** [7s 6c Qh Kh] [As]
bigiuadrian: bets $5.61 and has reached the $10 cap
Lorpugo: calls $5.61 and has reached the $10 cap
*** SHOW DOWN ***
bigiuadrian: shows [8c 9h] (high card Ace)
Lorpugo: shows [9c Kc] (a pair of Kings)
Lorpugo collected $19.25 from pot
*** SUMMARY ***
Total pot $20 | Rake $0.75 
Board [7s 6c Qh Kh As]
Seat 1: Lorpugo (button) (small blind) showed [9c Kc] and won ($19.25) with a pair of Kings
Seat 2: bigiuadrian (big blind) showed [8c 9h] and lost with high card Ace



PokerStars Zoom Hand #241349564661:  Hold'em No Limit ($0.25/$0.50 - $10 Cap - ) - 2023/01/23 16:10:56 ET
Table 'Alpha Reticuli (Cap)' 2-max Seat #1 is the button
Seat 1: Lorpugo ($27.89 in chips) 
Seat 2: brocky29 ($24.47 in chips) 
Lorpugo: posts small blind $0.25
brocky29: posts big blind $0.50
*** HOLE CARDS ***
Dealt to Lorpugo [Td 7h]
Lorpugo: raises $0.50 to $1
brocky29: calls $0.50
*** FLOP *** [Th 8c 9c]
brocky29: checks 
Lorpugo: bets $1.25
brocky29: folds 
Uncalled bet ($1.25) returned to Lorpugo
Lorpugo collected $1.90 from pot
Lorpugo: doesn't show hand 
*** SUMMARY ***
Total pot $2 | Rake $0.10 
Board [Th 8c 9c]
Seat 1: Lorpugo (button) (small blind) collected ($1.90)
Seat 2: brocky29 (big blind) folded on the Flop



PokerStars Zoom Hand #241349572858:  Hold'em No Limit ($0.25/$0.50 - $10 Cap - ) - 2023/01/23 16:11:15 ET
Table 'Alpha Reticuli (Cap)' 2-max Seat #1 is the button
Seat 1: Lorpugo ($28.79 in chips) 
Seat 2: cristiang1995 ($11.83 in chips) 
Lorpugo: posts small blind $0.25
cristiang1995: posts big blind $0.50
*** HOLE CARDS ***
Dealt to Lorpugo [5c Qh]
Lorpugo: calls $0.25
cristiang1995: checks 
*** FLOP *** [Qc 5h Ts]
cristiang1995: checks 
Lorpugo: checks 
*** TURN *** [Qc 5h Ts] [9s]
cristiang1995: checks 
Lorpugo: bets $1
cristiang1995: folds 
Uncalled bet ($1) returned to Lorpugo
Lorpugo collected $0.95 from pot
Lorpugo: doesn't show hand 
*** SUMMARY ***
Total pot $1 | Rake $0.05 
Board [Qc 5h Ts 9s]
Seat 1: Lorpugo (button) (small blind) collected ($0.95)
Seat 2: cristiang1995 (big blind) folded on the Turn



PokerStars Zoom Hand #241349586256:  Hold'em No Limit ($0.25/$0.50 - $10 Cap - ) - 2023/01/23 16:11:46 ET
Table 'Alpha Reticuli (Cap)' 2-max Seat #1 is the button
Seat 1: cristiang1995 ($10.83 in chips) 
Seat 2: Lorpugo ($29.24 in chips) 
cristiang1995: posts small blind $0.25
Lorpugo: posts big blind $0.50
*** HOLE CARDS ***
Dealt to Lorpugo [2c Jh]
cristiang1995: calls $0.25
Lorpugo: checks 
*** FLOP *** [5d Kh 9d]
Lorpugo: checks 
cristiang1995: bets $0.50
Lorpugo: folds 
Uncalled bet ($0.50) returned to cristiang1995
cristiang1995 collected $0.95 from pot
cristiang1995: doesn't show hand 
*** SUMMARY ***
Total pot $1 | Rake $0.05 
Board [5d Kh 9d]
Seat 1: cristiang1995 (button) (small blind) collected ($0.95)
Seat 2: Lorpugo (big blind) folded on the Flop



PokerStars Zoom Hand #241349592749:  Hold'em No Limit ($0.25/$0.50 - $10 Cap - ) - 2023/01/23 16:12:01 ET
Table 'Alpha Reticuli (Cap)' 2-max Seat #1 is the button
Seat 1: Snowball 324 ($11.31 in chips) 
Seat 2: Lorpugo ($28.74 in chips) 
Snowball 324: posts small blind $0.25
Lorpugo: posts big blind $0.50
*** HOLE CARDS ***
Dealt to Lorpugo [8h 4c]
Snowball 324: calls $0.25
Lorpugo: checks 
*** FLOP *** [Jh 7d 6d]
Lorpugo: checks 
Snowball 324: checks 
*** TURN *** [Jh 7d 6d] [7s]
Lorpugo: bets $1.05
Snowball 324: calls $1.05
*** RIVER *** [Jh 7d 6d 7s] [4s]
Lorpugo: bets $0.50
Snowball 324: raises $3.94 to $4.44
Lorpugo: folds 
Uncalled bet ($3.94) returned to Snowball 324
Snowball 324 collected $3.85 from pot
Snowball 324: doesn't show hand 
*** SUMMARY ***
Total pot $4.10 | Rake $0.25 
Board [Jh 7d 6d 7s 4s]
Seat 1: Snowball 324 (button) (small blind) collected ($3.85)
Seat 2: Lorpugo (big blind) folded on the River



PokerStars Zoom Hand #241349608353:  Hold'em No Limit ($0.25/$0.50 - $10 Cap - ) - 2023/01/23 16:12:37 ET
Table 'Alpha Reticuli (Cap)' 2-max Seat #1 is the button
Seat 1: nasserterapia ($10.31 in chips) 
Seat 2: Lorpugo ($26.69 in chips) 
nasserterapia: posts small blind $0.25
Lorpugo: posts big blind $0.50
*** HOLE CARDS ***
Dealt to Lorpugo [Ac Qs]
nasserterapia: calls $0.25
Lorpugo: raises $9.50 to $10 and has reached the $10 cap
nasserterapia: calls $9.50 and has reached the $10 cap
*** FLOP *** [4s 7h Qc]
*** TURN *** [4s 7h Qc] [Th]
*** RIVER *** [4s 7h Qc Th] [5c]
*** SHOW DOWN ***
Lorpugo: shows [Ac Qs] (a pair of Queens)
nasserterapia: shows [Tc Kd] (a pair of Tens)
Lorpugo collected $19.25 from pot
*** SUMMARY ***
Total pot $20 | Rake $0.75 
Board [4s 7h Qc Th 5c]
Seat 1: nasserterapia (button) (small blind) showed [Tc Kd] and lost with a pair of Tens
Seat 2: Lorpugo (big blind) showed [Ac Qs] and won ($19.25) with a pair of Queens



PokerStars Zoom Hand #241349616296:  Hold'em No Limit ($0.25/$0.50 - $10 Cap - ) - 2023/01/23 16:12:55 ET
Table 'Alpha Reticuli (Cap)' 2-max Seat #1 is the button
Seat 1: Lorpugo ($35.94 in chips) 
Seat 2: alexcuypers ($16.76 in chips) 
Lorpugo: posts small blind $0.25
alexcuypers: posts big blind $0.50
*** HOLE CARDS ***
Dealt to Lorpugo [Ks Td]
Lorpugo: raises $0.50 to $1
alexcuypers: folds 
Uncalled bet ($0.50) returned to Lorpugo
Lorpugo collected $1 from pot
Lorpugo: doesn't show hand 
*** SUMMARY ***
Total pot $1 | Rake $0 
Seat 1: Lorpugo (button) (small blind) collected ($1)
Seat 2: alexcuypers (big blind) folded before Flop



PokerStars Zoom Hand #241349619643:  Hold'em No Limit ($0.25/$0.50 - $10 Cap - ) - 2023/01/23 16:13:03 ET
Table 'Alpha Reticuli (Cap)' 2-max Seat #1 is the button
Seat 1: alexcuypers ($16.26 in chips) 
Seat 2: Lorpugo ($36.44 in chips) 
alexcuypers: posts small blind $0.25
Lorpugo: posts big blind $0.50
*** HOLE CARDS ***
Dealt to Lorpugo [5c 4s]
alexcuypers: raises $0.50 to $1
Lorpugo: calls $0.50
*** FLOP *** [3h 8c Tc]
Lorpugo: checks 
alexcuypers: checks 
*** TURN *** [3h 8c Tc] [5d]
Lorpugo: bets $0.63
alexcuypers: calls $0.63
*** RIVER *** [3h 8c Tc 5d] [5s]
Lorpugo: bets $4
alexcuypers: folds 
Uncalled bet ($4) returned to Lorpugo
Lorpugo collected $3.10 from pot
Lorpugo: doesn't show hand 
*** SUMMARY ***
Total pot $3.26 | Rake $0.16 
Board [3h 8c Tc 5d 5s]
Seat 1: alexcuypers (button) (small blind) folded on the River
Seat 2: Lorpugo (big blind) collected ($3.10)



PokerStars Zoom Hand #241349639213:  Hold'em No Limit ($0.25/$0.50 - $10 Cap - ) - 2023/01/23 16:13:48 ET
Table 'Alpha Reticuli (Cap)' 2-max Seat #1 is the button
Seat 1: Lorpugo ($37.91 in chips) 
Seat 2: Snowball 324 ($12.11 in chips) 
Lorpugo: posts small blind $0.25
Snowball 324: posts big blind $0.50
*** HOLE CARDS ***
Dealt to Lorpugo [3d 4h]
Lorpugo: folds 
Uncalled bet ($0.25) returned to Snowball 324
Snowball 324 collected $0.50 from pot
Snowball 324: doesn't show hand 
*** SUMMARY ***
Total pot $0.50 | Rake $0 
Seat 1: Lorpugo (button) (small blind) folded before Flop
Seat 2: Snowball 324 (big blind) collected ($0.50)



PokerStars Zoom Hand #241349644008:  Hold'em No Limit ($0.25/$0.50 - $10 Cap - ) - 2023/01/23 16:13:59 ET
Table 'Alpha Reticuli (Cap)' 2-max Seat #1 is the button
Seat 1: Lorpugo ($37.66 in chips) 
Seat 2: vivilalau ($5.02 in chips) 
Lorpugo: posts small blind $0.25
vivilalau: posts big blind $0.50
*** HOLE CARDS ***
Dealt to Lorpugo [Jc 3d]
Lorpugo: folds 
Uncalled bet ($0.25) returned to vivilalau
vivilalau collected $0.50 from pot
vivilalau: doesn't show hand 
*** SUMMARY ***
Total pot $0.50 | Rake $0 
Seat 1: Lorpugo (button) (small blind) folded before Flop
Seat 2: vivilalau (big blind) collected ($0.50)



PokerStars Zoom Hand #241349645742:  Hold'em No Limit ($0.25/$0.50 - $10 Cap - ) - 2023/01/23 16:14:03 ET
Table 'Alpha Reticuli (Cap)' 2-max Seat #1 is the button
Seat 1: Snowball 324 ($12.36 in chips) 
Seat 2: Lorpugo ($37.41 in chips) 
Snowball 324: posts small blind $0.25
Lorpugo: posts big blind $0.50
*** HOLE CARDS ***
Dealt to Lorpugo [8c 2h]
Snowball 324: calls $0.25
Lorpugo: checks 
*** FLOP *** [3c 9s 2d]
Lorpugo: checks 
Snowball 324: bets $0.50
Lorpugo: raises $0.64 to $1.14
Snowball 324: calls $0.64
*** TURN *** [3c 9s 2d] [Tc]
Lorpugo: checks 
Snowball 324: checks 
*** RIVER *** [3c 9s 2d Tc] [5d]
Lorpugo: checks 
Snowball 324: checks 
*** SHOW DOWN ***
Lorpugo: shows [8c 2h] (a pair of Deuces)
Snowball 324: shows [3h Qh] (a pair of Threes)
Snowball 324 collected $3.08 from pot
*** SUMMARY ***
Total pot $3.28 | Rake $0.20 
Board [3c 9s 2d Tc 5d]
Seat 1: Snowball 324 (button) (small blind) showed [3h Qh] and won ($3.08) with a pair of Threes
Seat 2: Lorpugo (big blind) showed [8c 2h] and lost with a pair of Deuces



PokerStars Zoom Hand #241349661017:  Hold'em No Limit ($0.25/$0.50 - $10 Cap - ) - 2023/01/23 16:14:39 ET
Table 'Alpha Reticuli (Cap)' 2-max Seat #1 is the button
Seat 1: Lorpugo ($35.77 in chips) 
Seat 2: cristiang1995 ($9.99 in chips) 
Lorpugo: posts small blind $0.25
cristiang1995: posts big blind $0.50
*** HOLE CARDS ***
Dealt to Lorpugo [Qh Js]
Lorpugo: raises $0.50 to $1
cristiang1995: calls $0.50
*** FLOP *** [Jd 4h 8s]
cristiang1995: checks 
Lorpugo: checks 
*** TURN *** [Jd 4h 8s] [5c]
cristiang1995: checks 
Lorpugo: bets $2
cristiang1995: folds 
Uncalled bet ($2) returned to Lorpugo
Lorpugo collected $1.90 from pot
Lorpugo: doesn't show hand 
*** SUMMARY ***
Total pot $2 | Rake $0.10 
Board [Jd 4h 8s 5c]
Seat 1: Lorpugo (button) (small blind) collected ($1.90)
Seat 2: cristiang1995 (big blind) folded on the Turn



PokerStars Zoom Hand #241349670119:  Hold'em No Limit ($0.25/$0.50 - $10 Cap - ) - 2023/01/23 16:15:00 ET
Table 'Alpha Reticuli (Cap)' 2-max Seat #1 is the button
Seat 1: Loeffel777 ($11.88 in chips) 
Seat 2: Lorpugo ($36.67 in chips) 
Loeffel777: posts small blind $0.25
Lorpugo: posts big blind $0.50
*** HOLE CARDS ***
Dealt to Lorpugo [2h 9h]
Loeffel777: raises $0.50 to $1
Lorpugo: folds 
Uncalled bet ($0.50) returned to Loeffel777
Loeffel777 collected $1 from pot
Loeffel777: doesn't show hand 
*** SUMMARY ***
Total pot $1 | Rake $0 
Seat 1: Loeffel777 (button) (small blind) collected ($1)
Seat 2: Lorpugo (big blind) folded before Flop



PokerStars Zoom Hand #241349674692:  Hold'em No Limit ($0.25/$0.50 - $10 Cap - ) - 2023/01/23 16:15:10 ET
Table 'Alpha Reticuli (Cap)' 2-max Seat #1 is the button
Seat 1: Lorpugo ($36.17 in chips) 
Seat 2: Loeffel777 ($12.38 in chips) 
Lorpugo: posts small blind $0.25
Loeffel777: posts big blind $0.50
*** HOLE CARDS ***
Dealt to Lorpugo [Ts 7h]
Lorpugo: calls $0.25
Loeffel777: checks 
*** FLOP *** [2d 8s 7s]
Loeffel777: checks 
Lorpugo: bets $0.50
Loeffel777: raises $1 to $1.50
Lorpugo: calls $1
*** TURN *** [2d 8s 7s] [Qc]
Loeffel777: bets $1.90
Lorpugo: folds 
Uncalled bet ($1.90) returned to Loeffel777
Loeffel777 collected $3.75 from pot
Loeffel777: doesn't show hand 
*** SUMMARY ***
Total pot $4 | Rake $0.25 
Board [2d 8s 7s Qc]
Seat 1: Lorpugo (button) (small blind) folded on the Turn
Seat 2: Loeffel777 (big blind) collected ($3.75)



PokerStars Zoom Hand #241349685694:  Hold'em No Limit ($0.25/$0.50 - $10 Cap - ) - 2023/01/23 16:15:35 ET
Table 'Alpha Reticuli (Cap)' 2-max Seat #1 is the button
Seat 1: Freakriderz ($30.25 in chips) 
Seat 2: Lorpugo ($34.17 in chips) 
Freakriderz: posts small blind $0.25
Lorpugo: posts big blind $0.50
*** HOLE CARDS ***
Dealt to Lorpugo [6h 3s]
Freakriderz: raises $0.50 to $1
Lorpugo: folds 
Uncalled bet ($0.50) returned to Freakriderz
Freakriderz collected $1 from pot
Freakriderz: doesn't show hand 
*** SUMMARY ***
Total pot $1 | Rake $0 
Seat 1: Freakriderz (button) (small blind) collected ($1)
Seat 2: Lorpugo (big blind) folded before Flop



PokerStars Zoom Hand #241349688383:  Hold'em No Limit ($0.25/$0.50 - $10 Cap - ) - 2023/01/23 16:15:41 ET
Table 'Alpha Reticuli (Cap)' 2-max Seat #1 is the button
Seat 1: Snowball 324 ($14.30 in chips) 
Seat 2: Lorpugo ($33.67 in chips) 
Snowball 324: posts small blind $0.25
Lorpugo: posts big blind $0.50
*** HOLE CARDS ***
Dealt to Lorpugo [Qh 5c]
Snowball 324: folds 
Uncalled bet ($0.25) returned to Lorpugo
Lorpugo collected $0.50 from pot
Lorpugo: doesn't show hand 
*** SUMMARY ***
Total pot $0.50 | Rake $0 
Seat 1: Snowball 324 (button) (small blind) folded before Flop
Seat 2: Lorpugo (big blind) collected ($0.50)



PokerStars Zoom Hand #241349691586:  Hold'em No Limit ($0.25/$0.50 - $10 Cap - ) - 2023/01/23 16:15:48 ET
Table 'Alpha Reticuli (Cap)' 2-max Seat #1 is the button
Seat 1: Lorpugo ($33.92 in chips) 
Seat 2: Freakriderz ($30.25 in chips) 
Lorpugo: posts small blind $0.25
Freakriderz: posts big blind $0.50
*** HOLE CARDS ***
Dealt to Lorpugo [Js 5c]
Lorpugo: folds 
Uncalled bet ($0.25) returned to Freakriderz
Freakriderz collected $0.50 from pot
Freakriderz: doesn't show hand 
*** SUMMARY ***
Total pot $0.50 | Rake $0 
Seat 1: Lorpugo (button) (small blind) folded before Flop
Seat 2: Freakriderz (big blind) collected ($0.50)



PokerStars Zoom Hand #241349694618:  Hold'em No Limit ($0.25/$0.50 - $10 Cap - ) - 2023/01/23 16:15:55 ET
Table 'Alpha Reticuli (Cap)' 2-max Seat #1 is the button
Seat 1: Freakriderz ($30.50 in chips) 
Seat 2: Lorpugo ($33.67 in chips) 
Freakriderz: posts small blind $0.25
Lorpugo: posts big blind $0.50
*** HOLE CARDS ***
Dealt to Lorpugo [2c Kd]
Freakriderz: raises $0.50 to $1
Lorpugo: folds 
Uncalled bet ($0.50) returned to Freakriderz
Freakriderz collected $1 from pot
Freakriderz: doesn't show hand 
*** SUMMARY ***
Total pot $1 | Rake $0 
Seat 1: Freakriderz (button) (small blind) collected ($1)
Seat 2: Lorpugo (big blind) folded before Flop



PokerStars Zoom Hand #241349697754:  Hold'em No Limit ($0.25/$0.50 - $10 Cap - ) - 2023/01/23 16:16:02 ET
Table 'Alpha Reticuli (Cap)' 2-max Seat #1 is the button
Seat 1: Lorpugo ($33.17 in chips) 
Seat 2: nasserterapia ($9.50 in chips) 
Lorpugo: posts small blind $0.25
nasserterapia: posts big blind $0.50
*** HOLE CARDS ***
Dealt to Lorpugo [Qs 7c]
Lorpugo: raises $0.50 to $1
nasserterapia: calls $0.50
*** FLOP *** [Td Ac Qh]
nasserterapia: checks 
Lorpugo: checks 
*** TURN *** [Td Ac Qh] [8d]
nasserterapia: checks 
Lorpugo: checks 
*** RIVER *** [Td Ac Qh 8d] [3h]
nasserterapia: checks 
Lorpugo: bets $0.50
nasserterapia: calls $0.50
*** SHOW DOWN ***
Lorpugo: shows [Qs 7c] (a pair of Queens)
nasserterapia: mucks hand 
Lorpugo collected $2.85 from pot
*** SUMMARY ***
Total pot $3 | Rake $0.15 
Board [Td Ac Qh 8d 3h]
Seat 1: Lorpugo (button) (small blind) showed [Qs 7c] and won ($2.85) with a pair of Queens
Seat 2: nasserterapia (big blind) mucked [6d 8h]



PokerStars Zoom Hand #241349707648:  Hold'em No Limit ($0.25/$0.50 - $10 Cap - ) - 2023/01/23 16:16:24 ET
Table 'Alpha Reticuli (Cap)' 2-max Seat #1 is the button
Seat 1: sanjar173 ($10.25 in chips) 
Seat 2: Lorpugo ($34.52 in chips) 
sanjar173: posts small blind $0.25
Lorpugo: posts big blind $0.50
*** HOLE CARDS ***
Dealt to Lorpugo [Jh Jd]
sanjar173: calls $0.25
Lorpugo: checks 
*** FLOP *** [5c 4d Jc]
Lorpugo: checks 
sanjar173: bets $0.50
Lorpugo: calls $0.50
*** TURN *** [5c 4d Jc] [6d]
Lorpugo: checks 
sanjar173: bets $0.50
Lorpugo: raises $1.91 to $2.41
sanjar173: folds 
Uncalled bet ($1.91) returned to Lorpugo
Lorpugo collected $2.85 from pot
Lorpugo: doesn't show hand 
*** SUMMARY ***
Total pot $3 | Rake $0.15 
Board [5c 4d Jc 6d]
Seat 1: sanjar173 (button) (small blind) folded on the Turn
Seat 2: Lorpugo (big blind) collected ($2.85)



PokerStars Zoom Hand #241349729775:  Hold'em No Limit ($0.25/$0.50 - $10 Cap - ) - 2023/01/23 16:17:13 ET
Table 'Alpha Reticuli (Cap)' 2-max Seat #1 is the button
Seat 1: Lorpugo ($35.87 in chips) 
Seat 2: Rocko_Barocco ($5.92 in chips) 
Lorpugo: posts small blind $0.25
Rocko_Barocco: posts big blind $0.50
*** HOLE CARDS ***
Dealt to Lorpugo [2s 7h]
Lorpugo: folds 
Uncalled bet ($0.25) returned to Rocko_Barocco
Rocko_Barocco collected $0.50 from pot
Rocko_Barocco: doesn't show hand 
*** SUMMARY ***
Total pot $0.50 | Rake $0 
Seat 1: Lorpugo (button) (small blind) folded before Flop
Seat 2: Rocko_Barocco (big blind) collected ($0.50)



PokerStars Zoom Hand #241349731904:  Hold'em No Limit ($0.25/$0.50 - $10 Cap - ) - 2023/01/23 16:17:18 ET
Table 'Alpha Reticuli (Cap)' 2-max Seat #1 is the button
Seat 1: Lorpugo ($35.62 in chips) 
Seat 2: Freakriderz ($31.50 in chips) 
Lorpugo: posts small blind $0.25
Freakriderz: posts big blind $0.50
*** HOLE CARDS ***
Dealt to Lorpugo [2h 6c]
Lorpugo: folds 
Uncalled bet ($0.25) returned to Freakriderz
Freakriderz collected $0.50 from pot
Freakriderz: doesn't show hand 
*** SUMMARY ***
Total pot $0.50 | Rake $0 
Seat 1: Lorpugo (button) (small blind) folded before Flop
Seat 2: Freakriderz (big blind) collected ($0.50)



PokerStars Zoom Hand #241349734697:  Hold'em No Limit ($0.25/$0.50 - $10 Cap - ) - 2023/01/23 16:17:24 ET
Table 'Alpha Reticuli (Cap)' 2-max Seat #1 is the button
Seat 1: Freakriderz ($31.75 in chips) 
Seat 2: Lorpugo ($35.37 in chips) 
Freakriderz: posts small blind $0.25
Lorpugo: posts big blind $0.50
*** HOLE CARDS ***
Dealt to Lorpugo [3d 3c]
Freakriderz: raises $0.50 to $1
Lorpugo: calls $0.50
*** FLOP *** [Qs 6d 8s]
Lorpugo: checks 
Freakriderz: bets $0.59
Lorpugo: folds 
Uncalled bet ($0.59) returned to Freakriderz
Freakriderz collected $1.88 from pot
Freakriderz: doesn't show hand 
*** SUMMARY ***
Total pot $2 | Rake $0.12 
Board [Qs 6d 8s]
Seat 1: Freakriderz (button) (small blind) collected ($1.88)
Seat 2: Lorpugo (big blind) folded on the Flop



PokerStars Zoom Hand #241349741393:  Hold'em No Limit ($0.25/$0.50 - $10 Cap - ) - 2023/01/23 16:17:39 ET
Table 'Alpha Reticuli (Cap)' 2-max Seat #1 is the button
Seat 1: Lorpugo ($34.37 in chips) 
Seat 2: Freakriderz ($32.63 in chips) 
Lorpugo: posts small blind $0.25
Freakriderz: posts big blind $0.50
*** HOLE CARDS ***
Dealt to Lorpugo [Jc Jh]
Lorpugo: raises $0.50 to $1
Freakriderz: calls $0.50
*** FLOP *** [3h Js 9h]
Freakriderz: checks 
Lorpugo: bets $0.63
Freakriderz: calls $0.63
*** TURN *** [3h Js 9h] [Ah]
Freakriderz: checks 
Lorpugo: checks 
*** RIVER *** [3h Js 9h Ah] [Ks]
Freakriderz: checks 
Lorpugo: bets $2.05
Freakriderz: folds 
Uncalled bet ($2.05) returned to Lorpugo
Lorpugo collected $3.10 from pot
Lorpugo: doesn't show hand 
*** SUMMARY ***
Total pot $3.26 | Rake $0.16 
Board [3h Js 9h Ah Ks]
Seat 1: Lorpugo (button) (small blind) collected ($3.10)
Seat 2: Freakriderz (big blind) folded on the River



PokerStars Zoom Hand #241349764722:  Hold'em No Limit ($0.25/$0.50 - $10 Cap - ) - 2023/01/23 16:18:31 ET
Table 'Alpha Reticuli (Cap)' 2-max Seat #1 is the button
Seat 1: Lorpugo ($35.84 in chips) 
Seat 2: nasserterapia ($1.85 in chips) 
Lorpugo: posts small blind $0.25
nasserterapia: posts big blind $0.50
*** HOLE CARDS ***
Dealt to Lorpugo [Kd Qh]
Lorpugo: raises $9.50 to $10 and has reached the $10 cap
nasserterapia: folds 
Uncalled bet ($9.50) returned to Lorpugo
Lorpugo collected $1 from pot
Lorpugo: doesn't show hand 
*** SUMMARY ***
Total pot $1 | Rake $0 
Seat 1: Lorpugo (button) (small blind) collected ($1)
Seat 2: nasserterapia (big blind) folded before Flop



PokerStars Zoom Hand #241349768883:  Hold'em No Limit ($0.25/$0.50 - $10 Cap - ) - 2023/01/23 16:18:41 ET
Table 'Alpha Reticuli (Cap)' 2-max Seat #1 is the button
Seat 1: bigiuadrian ($26.03 in chips) 
Seat 2: Lorpugo ($36.34 in chips) 
bigiuadrian: posts small blind $0.25
Lorpugo: posts big blind $0.50
*** HOLE CARDS ***
Dealt to Lorpugo [Kc 9s]
bigiuadrian: raises $1 to $1.50
Lorpugo: calls $1
*** FLOP *** [3s 4d Td]
Lorpugo: bets $0.50
bigiuadrian: raises $3.35 to $3.85
Lorpugo: folds 
Uncalled bet ($3.35) returned to bigiuadrian
bigiuadrian collected $3.80 from pot
bigiuadrian: doesn't show hand 
*** SUMMARY ***
Total pot $4 | Rake $0.20 
Board [3s 4d Td]
Seat 1: bigiuadrian (button) (small blind) collected ($3.80)
Seat 2: Lorpugo (big blind) folded on the Flop



PokerStars Zoom Hand #241349777098:  Hold'em No Limit ($0.25/$0.50 - $10 Cap - ) - 2023/01/23 16:18:59 ET
Table 'Alpha Reticuli (Cap)' 2-max Seat #1 is the button
Seat 1: brocky29 ($34.30 in chips) 
Seat 2: Lorpugo ($34.34 in chips) 
brocky29: posts small blind $0.25
Lorpugo: posts big blind $0.50
*** HOLE CARDS ***
Dealt to Lorpugo [Jc Qc]
brocky29: raises $0.50 to $1
Lorpugo: calls $0.50
*** FLOP *** [3d 8d 3c]
Lorpugo: checks 
brocky29: bets $1
Lorpugo: folds 
Uncalled bet ($1) returned to brocky29
brocky29 collected $1.90 from pot
brocky29: doesn't show hand 
*** SUMMARY ***
Total pot $2 | Rake $0.10 
Board [3d 8d 3c]
Seat 1: brocky29 (button) (small blind) collected ($1.90)
Seat 2: Lorpugo (big blind) folded on the Flop



PokerStars Zoom Hand #241349784034:  Hold'em No Limit ($0.25/$0.50 - $10 Cap - ) - 2023/01/23 16:19:15 ET
Table 'Alpha Reticuli (Cap)' 2-max Seat #1 is the button
Seat 1: Lorpugo ($33.34 in chips) 
Seat 2: Loeffel777 ($10 in chips) 
Lorpugo: posts small blind $0.25
Loeffel777: posts big blind $0.50
*** HOLE CARDS ***
Dealt to Lorpugo [6d 5s]
Lorpugo: raises $0.50 to $1
Loeffel777: raises $1.50 to $2.50
Lorpugo: folds 
Uncalled bet ($1.50) returned to Loeffel777
Loeffel777 collected $2 from pot
Loeffel777: doesn't show hand 
*** SUMMARY ***
Total pot $2 | Rake $0 
Seat 1: Lorpugo (button) (small blind) folded before Flop
Seat 2: Loeffel777 (big blind) collected ($2)



PokerStars Zoom Hand #241349789489:  Hold'em No Limit ($0.25/$0.50 - $10 Cap - ) - 2023/01/23 16:19:27 ET
Table 'Alpha Reticuli (Cap)' 2-max Seat #1 is the button
Seat 1: Lorpugo ($32.34 in chips) 
Seat 2: Loeffel777 ($11 in chips) 
Lorpugo: posts small blind $0.25
Loeffel777: posts big blind $0.50
*** HOLE CARDS ***
Dealt to Lorpugo [Jc 8h]
Lorpugo: raises $0.50 to $1
Loeffel777: folds 
Uncalled bet ($0.50) returned to Lorpugo
Lorpugo collected $1 from pot
Lorpugo: doesn't show hand 
*** SUMMARY ***
Total pot $1 | Rake $0 
Seat 1: Lorpugo (button) (small blind) collected ($1)
Seat 2: Loeffel777 (big blind) folded before Flop



PokerStars Zoom Hand #241349793022:  Hold'em No Limit ($0.25/$0.50 - $10 Cap - ) - 2023/01/23 16:19:35 ET
Table 'Alpha Reticuli (Cap)' 2-max Seat #1 is the button
Seat 1: Loeffel777 ($10.50 in chips) 
Seat 2: Lorpugo ($32.84 in chips) 
Loeffel777: posts small blind $0.25
Lorpugo: posts big blind $0.50
*** HOLE CARDS ***
Dealt to Lorpugo [Ad 9s]
Loeffel777: folds 
Uncalled bet ($0.25) returned to Lorpugo
Lorpugo collected $0.50 from pot
Lorpugo: doesn't show hand 
*** SUMMARY ***
Total pot $0.50 | Rake $0 
Seat 1: Loeffel777 (button) (small blind) folded before Flop
Seat 2: Lorpugo (big blind) collected ($0.50)



PokerStars Zoom Hand #241349795718:  Hold'em No Limit ($0.25/$0.50 - $10 Cap - ) - 2023/01/23 16:19:41 ET
Table 'Alpha Reticuli (Cap)' 2-max Seat #1 is the button
Seat 1: Lorpugo ($33.09 in chips) 
Seat 2: Loeffel777 ($10.25 in chips) 
Lorpugo: posts small blind $0.25
Loeffel777: posts big blind $0.50
*** HOLE CARDS ***
Dealt to Lorpugo [Jd 7h]
Lorpugo: raises $0.50 to $1
Loeffel777: calls $0.50
*** FLOP *** [4d 6h 3c]
Loeffel777: bets $1
Lorpugo: calls $1
*** TURN *** [4d 6h 3c] [2d]
Loeffel777: bets $1.50
Lorpugo: folds 
Uncalled bet ($1.50) returned to Loeffel777
Loeffel777 collected $3.75 from pot
Loeffel777: doesn't show hand 
*** SUMMARY ***
Total pot $4 | Rake $0.25 
Board [4d 6h 3c 2d]
Seat 1: Lorpugo (button) (small blind) folded on the Turn
Seat 2: Loeffel777 (big blind) collected ($3.75)



PokerStars Zoom Hand #241349807276:  Hold'em No Limit ($0.25/$0.50 - $10 Cap - ) - 2023/01/23 16:20:07 ET
Table 'Alpha Reticuli (Cap)' 2-max Seat #1 is the button
Seat 1: Loeffel777 ($12 in chips) 
Seat 2: Lorpugo ($31.09 in chips) 
Loeffel777: posts small blind $0.25
Lorpugo: posts big blind $0.50
*** HOLE CARDS ***
Dealt to Lorpugo [7c 3c]
Loeffel777: folds 
Uncalled bet ($0.25) returned to Lorpugo
Lorpugo collected $0.50 from pot
Lorpugo: doesn't show hand 
*** SUMMARY ***
Total pot $0.50 | Rake $0 
Seat 1: Loeffel777 (button) (small blind) folded before Flop
Seat 2: Lorpugo (big blind) collected ($0.50)



PokerStars Zoom Hand #241349810329:  Hold'em No Limit ($0.25/$0.50 - $10 Cap - ) - 2023/01/23 16:20:14 ET
Table 'Alpha Reticuli (Cap)' 2-max Seat #1 is the button
Seat 1: Lorpugo ($31.34 in chips) 
Seat 2: sanjar173 ($12.12 in chips) 
Lorpugo: posts small blind $0.25
sanjar173: posts big blind $0.50
*** HOLE CARDS ***
Dealt to Lorpugo [Kh 2d]
Lorpugo: raises $0.50 to $1
sanjar173: calls $0.50
*** FLOP *** [5s 9c 6c]
sanjar173: bets $1
Lorpugo: folds 
Uncalled bet ($1) returned to sanjar173
sanjar173 collected $1.90 from pot
sanjar173: doesn't show hand 
*** SUMMARY ***
Total pot $2 | Rake $0.10 
Board [5s 9c 6c]
Seat 1: Lorpugo (button) (small blind) folded on the Flop
Seat 2: sanjar173 (big blind) collected ($1.90)



PokerStars Zoom Hand #241349820745:  Hold'em No Limit ($0.25/$0.50 - $10 Cap - ) - 2023/01/23 16:20:37 ET
Table 'Alpha Reticuli (Cap)' 2-max Seat #1 is the button
Seat 1: sanjar173 ($13.02 in chips) 
Seat 2: Lorpugo ($30.34 in chips) 
sanjar173: posts small blind $0.25
Lorpugo: posts big blind $0.50
*** HOLE CARDS ***
Dealt to Lorpugo [8c 8s]
sanjar173: calls $0.25
Lorpugo: raises $1 to $1.50
sanjar173: calls $1
*** FLOP *** [Js 5s Kc]
Lorpugo: checks 
sanjar173: checks 
*** TURN *** [Js 5s Kc] [Tc]
Lorpugo: checks 
sanjar173: checks 
*** RIVER *** [Js 5s Kc Tc] [6d]
Lorpugo: checks 
sanjar173: bets $1
Lorpugo: folds 
Uncalled bet ($1) returned to sanjar173
sanjar173 collected $2.85 from pot
sanjar173: doesn't show hand 
*** SUMMARY ***
Total pot $3 | Rake $0.15 
Board [Js 5s Kc Tc 6d]
Seat 1: sanjar173 (button) (small blind) collected ($2.85)
Seat 2: Lorpugo (big blind) folded on the River



PokerStars Zoom Hand #241349834838:  Hold'em No Limit ($0.25/$0.50 - $10 Cap - ) - 2023/01/23 16:21:08 ET
Table 'Alpha Reticuli (Cap)' 2-max Seat #1 is the button
Seat 1: jureksn ($5.86 in chips) 
Seat 2: Lorpugo ($28.84 in chips) 
jureksn: posts small blind $0.25
Lorpugo: posts big blind $0.50
*** HOLE CARDS ***
Dealt to Lorpugo [Tc 5h]
jureksn: folds 
Uncalled bet ($0.25) returned to Lorpugo
Lorpugo collected $0.50 from pot
Lorpugo: doesn't show hand 
*** SUMMARY ***
Total pot $0.50 | Rake $0 
Seat 1: jureksn (button) (small blind) folded before Flop
Seat 2: Lorpugo (big blind) collected ($0.50)



PokerStars Zoom Hand #241349837891:  Hold'em No Limit ($0.25/$0.50 - $10 Cap - ) - 2023/01/23 16:21:15 ET
Table 'Alpha Reticuli (Cap)' 2-max Seat #1 is the button
Seat 1: Lorpugo ($29.09 in chips) 
Seat 2: jureksn ($5.61 in chips) 
Lorpugo: posts small blind $0.25
jureksn: posts big blind $0.50
*** HOLE CARDS ***
Dealt to Lorpugo [4h Jh]
Lorpugo: calls $0.25
jureksn: checks 
*** FLOP *** [2c Ad 3c]
jureksn: checks 
Lorpugo: bets $0.50
jureksn: calls $0.50
*** TURN *** [2c Ad 3c] [As]
jureksn: checks 
Lorpugo: checks 
*** RIVER *** [2c Ad 3c As] [6c]
jureksn: bets $1.50
Lorpugo: folds 
Uncalled bet ($1.50) returned to jureksn
jureksn collected $1.90 from pot
jureksn: doesn't show hand 
*** SUMMARY ***
Total pot $2 | Rake $0.10 
Board [2c Ad 3c As 6c]
Seat 1: Lorpugo (button) (small blind) folded on the River
Seat 2: jureksn (big blind) collected ($1.90)



PokerStars Zoom Hand #241349848588:  Hold'em No Limit ($0.25/$0.50 - $10 Cap - ) - 2023/01/23 16:21:39 ET
Table 'Alpha Reticuli (Cap)' 2-max Seat #1 is the button
Seat 1: Lorpugo ($28.09 in chips) 
Seat 2: alexcuypers ($19.25 in chips) 
Lorpugo: posts small blind $0.25
alexcuypers: posts big blind $0.50
*** HOLE CARDS ***
Dealt to Lorpugo [Kc Ad]
Lorpugo: raises $0.50 to $1
alexcuypers: calls $0.50
*** FLOP *** [5h 8s 9h]
alexcuypers: checks 
Lorpugo: checks 
*** TURN *** [5h 8s 9h] [9d]
alexcuypers: checks 
Lorpugo: checks 
*** RIVER *** [5h 8s 9h 9d] [6s]
alexcuypers: checks 
Lorpugo: checks 
*** SHOW DOWN ***
alexcuypers: shows [3d Ks] (a pair of Nines)
Lorpugo: shows [Kc Ad] (a pair of Nines - Ace kicker)
Lorpugo collected $1.90 from pot
*** SUMMARY ***
Total pot $2 | Rake $0.10 
Board [5h 8s 9h 9d 6s]
Seat 1: Lorpugo (button) (small blind) showed [Kc Ad] and won ($1.90) with a pair of Nines
Seat 2: alexcuypers (big blind) showed [3d Ks] and lost with a pair of Nines



PokerStars Zoom Hand #241349856712:  Hold'em No Limit ($0.25/$0.50 - $10 Cap - ) - 2023/01/23 16:21:58 ET
Table 'Alpha Reticuli (Cap)' 2-max Seat #1 is the button
Seat 1: alexcuypers ($18.25 in chips) 
Seat 2: Lorpugo ($28.99 in chips) 
alexcuypers: posts small blind $0.25
Lorpugo: posts big blind $0.50
*** HOLE CARDS ***
Dealt to Lorpugo [6h 2h]
alexcuypers: raises $0.50 to $1
Lorpugo: folds 
Uncalled bet ($0.50) returned to alexcuypers
alexcuypers collected $1 from pot
alexcuypers: doesn't show hand 
*** SUMMARY ***
Total pot $1 | Rake $0 
Seat 1: alexcuypers (button) (small blind) collected ($1)
Seat 2: Lorpugo (big blind) folded before Flop



PokerStars Zoom Hand #241349860089:  Hold'em No Limit ($0.25/$0.50 - $10 Cap - ) - 2023/01/23 16:22:05 ET
Table 'Alpha Reticuli (Cap)' 2-max Seat #1 is the button
Seat 1: Lorpugo ($28.49 in chips) 
Seat 2: alexcuypers ($18.75 in chips) 
Lorpugo: posts small blind $0.25
alexcuypers: posts big blind $0.50
*** HOLE CARDS ***
Dealt to Lorpugo [5s 6c]
Lorpugo: raises $0.50 to $1
alexcuypers: calls $0.50
*** FLOP *** [Qd 9d 3s]
alexcuypers: checks 
Lorpugo: checks 
*** TURN *** [Qd 9d 3s] [Th]
alexcuypers: bets $1.25
Lorpugo: folds 
Uncalled bet ($1.25) returned to alexcuypers
alexcuypers collected $1.90 from pot
alexcuypers: doesn't show hand 
*** SUMMARY ***
Total pot $2 | Rake $0.10 
Board [Qd 9d 3s Th]
Seat 1: Lorpugo (button) (small blind) folded on the Turn
Seat 2: alexcuypers (big blind) collected ($1.90)



PokerStars Zoom Hand #241349869870:  Hold'em No Limit ($0.25/$0.50 - $10 Cap - ) - 2023/01/23 16:22:28 ET
Table 'Alpha Reticuli (Cap)' 2-max Seat #1 is the button
Seat 1: alexcuypers ($19.65 in chips) 
Seat 2: Lorpugo ($27.49 in chips) 
alexcuypers: posts small blind $0.25
Lorpugo: posts big blind $0.50
*** HOLE CARDS ***
Dealt to Lorpugo [7c Tc]
alexcuypers: calls $0.25
Lorpugo: raises $1 to $1.50
alexcuypers: calls $1
*** FLOP *** [Ts 9c 3s]
Lorpugo: bets $1.88
alexcuypers: calls $1.88
*** TURN *** [Ts 9c 3s] [9h]
Lorpugo: checks 
alexcuypers: bets $3.25
Lorpugo: raises $3.37 to $6.62 and has reached the $10 cap
alexcuypers: folds 
Uncalled bet ($3.37) returned to Lorpugo
Lorpugo collected $12.60 from pot
Lorpugo: doesn't show hand 
*** SUMMARY ***
Total pot $13.26 | Rake $0.66 
Board [Ts 9c 3s 9h]
Seat 1: alexcuypers (button) (small blind) folded on the Turn
Seat 2: Lorpugo (big blind) collected ($12.60)



PokerStars Zoom Hand #241349887145:  Hold'em No Limit ($0.25/$0.50 - $10 Cap - ) - 2023/01/23 16:23:07 ET
Table 'Alpha Reticuli (Cap)' 2-max Seat #1 is the button
Seat 1: Lorpugo ($33.46 in chips) 
Seat 2: nasserterapia ($7.78 in chips) 
Lorpugo: posts small blind $0.25
nasserterapia: posts big blind $0.50
*** HOLE CARDS ***
Dealt to Lorpugo [9s 4s]
Lorpugo: calls $0.25
nasserterapia: checks 
*** FLOP *** [2d As 5s]
nasserterapia: checks 
Lorpugo: bets $0.50
nasserterapia: calls $0.50
*** TURN *** [2d As 5s] [Kd]
nasserterapia: checks 
Lorpugo: bets $0.50
nasserterapia: calls $0.50
*** RIVER *** [2d As 5s Kd] [Kh]
nasserterapia: bets $2.85
Lorpugo: folds 
Uncalled bet ($2.85) returned to nasserterapia
nasserterapia collected $2.85 from pot
nasserterapia: doesn't show hand 
*** SUMMARY ***
Total pot $3 | Rake $0.15 
Board [2d As 5s Kd Kh]
Seat 1: Lorpugo (button) (small blind) folded on the River
Seat 2: nasserterapia (big blind) collected ($2.85)



PokerStars Zoom Hand #241349899137:  Hold'em No Limit ($0.25/$0.50 - $10 Cap - ) - 2023/01/23 16:23:34 ET
Table 'Alpha Reticuli (Cap)' 2-max Seat #1 is the button
Seat 1: nasserterapia ($9.13 in chips) 
Seat 2: Lorpugo ($31.96 in chips) 
nasserterapia: posts small blind $0.25
Lorpugo: posts big blind $0.50
*** HOLE CARDS ***
Dealt to Lorpugo [5s 7s]
nasserterapia: folds 
Uncalled bet ($0.25) returned to Lorpugo
Lorpugo collected $0.50 from pot
Lorpugo: doesn't show hand 
*** SUMMARY ***
Total pot $0.50 | Rake $0 
Seat 1: nasserterapia (button) (small blind) folded before Flop
Seat 2: Lorpugo (big blind) collected ($0.50)



PokerStars Zoom Hand #241349903160:  Hold'em No Limit ($0.25/$0.50 - $10 Cap - ) - 2023/01/23 16:23:43 ET
Table 'Alpha Reticuli (Cap)' 2-max Seat #1 is the button
Seat 1: Lorpugo ($32.21 in chips) 
Seat 2: nasserterapia ($8.88 in chips) 
Lorpugo: posts small blind $0.25
nasserterapia: posts big blind $0.50
*** HOLE CARDS ***
Dealt to Lorpugo [6s 3c]
Lorpugo: folds 
Uncalled bet ($0.25) returned to nasserterapia
nasserterapia collected $0.50 from pot
nasserterapia: doesn't show hand 
*** SUMMARY ***
Total pot $0.50 | Rake $0 
Seat 1: Lorpugo (button) (small blind) folded before Flop
Seat 2: nasserterapia (big blind) collected ($0.50)



PokerStars Zoom Hand #241349906820:  Hold'em No Limit ($0.25/$0.50 - $10 Cap - ) - 2023/01/23 16:23:51 ET
Table 'Alpha Reticuli (Cap)' 2-max Seat #1 is the button
Seat 1: cristiang1995 ($32.30 in chips) 
Seat 2: Lorpugo ($31.96 in chips) 
cristiang1995: posts small blind $0.25
Lorpugo: posts big blind $0.50
*** HOLE CARDS ***
Dealt to Lorpugo [7h 8h]
cristiang1995: calls $0.25
Lorpugo: raises $1 to $1.50
cristiang1995: calls $1
*** FLOP *** [Th 3c 5s]
Lorpugo: checks 
cristiang1995: bets $8.50 and has reached the $10 cap
Lorpugo: folds 
Uncalled bet ($8.50) returned to cristiang1995
cristiang1995 collected $2.85 from pot
cristiang1995: doesn't show hand 
*** SUMMARY ***
Total pot $3 | Rake $0.15 
Board [Th 3c 5s]
Seat 1: cristiang1995 (button) (small blind) collected ($2.85)
Seat 2: Lorpugo (big blind) folded on the Flop



PokerStars Zoom Hand #241349918298:  Hold'em No Limit ($0.25/$0.50 - $10 Cap - ) - 2023/01/23 16:24:17 ET
Table 'Alpha Reticuli (Cap)' 2-max Seat #1 is the button
Seat 1: REYKILL3232 ($10 in chips) 
Seat 2: Lorpugo ($30.46 in chips) 
REYKILL3232: posts small blind $0.25
Lorpugo: posts big blind $0.50
*** HOLE CARDS ***
Dealt to Lorpugo [2h 8c]
REYKILL3232: calls $0.25
Lorpugo: checks 
*** FLOP *** [Kd Kh 7h]
Lorpugo: checks 
REYKILL3232: bets $0.50
Lorpugo: raises $0.50 to $1
REYKILL3232: calls $0.50
*** TURN *** [Kd Kh 7h] [4d]
Lorpugo: bets $1.55
REYKILL3232: calls $1.55
*** RIVER *** [Kd Kh 7h 4d] [4c]
Lorpugo: checks 
REYKILL3232: bets $6.95 and is all-in
Lorpugo: folds 
Uncalled bet ($6.95) returned to REYKILL3232
REYKILL3232 collected $5.80 from pot
REYKILL3232: doesn't show hand 
*** SUMMARY ***
Total pot $6.10 | Rake $0.30 
Board [Kd Kh 7h 4d 4c]
Seat 1: REYKILL3232 (button) (small blind) collected ($5.80)
Seat 2: Lorpugo (big blind) folded on the River



PokerStars Zoom Hand #241349937805:  Hold'em No Limit ($0.25/$0.50 - $10 Cap - ) - 2023/01/23 16:25:01 ET
Table 'Alpha Reticuli (Cap)' 2-max Seat #1 is the button
Seat 1: Lorpugo ($27.41 in chips) 
Seat 2: bigiuadrian ($40.25 in chips) 
Lorpugo: posts small blind $0.25
bigiuadrian: posts big blind $0.50
*** HOLE CARDS ***
Dealt to Lorpugo [Jd 8h]
Lorpugo: raises $0.50 to $1
bigiuadrian: raises $2 to $3
Lorpugo: calls $2
*** FLOP *** [3c 7c Jh]
bigiuadrian: bets $5.70
Lorpugo: raises $1.30 to $7 and has reached the $10 cap
bigiuadrian: calls $1.30 and has reached the $10 cap
*** TURN *** [3c 7c Jh] [6d]
*** RIVER *** [3c 7c Jh 6d] [Td]
*** SHOW DOWN ***
bigiuadrian: shows [7d Qd] (a pair of Sevens)
Lorpugo: shows [Jd 8h] (a pair of Jacks)
Lorpugo collected $19.25 from pot
*** SUMMARY ***
Total pot $20 | Rake $0.75 
Board [3c 7c Jh 6d Td]
Seat 1: Lorpugo (button) (small blind) showed [Jd 8h] and won ($19.25) with a pair of Jacks
Seat 2: bigiuadrian (big blind) showed [7d Qd] and lost with a pair of Sevens



PokerStars Zoom Hand #241349947931:  Hold'em No Limit ($0.25/$0.50 - $10 Cap - ) - 2023/01/23 16:25:24 ET
Table 'Alpha Reticuli (Cap)' 2-max Seat #1 is the button
Seat 1: Lorpugo ($36.66 in chips) 
Seat 2: cristiang1995 ($30.90 in chips) 
Lorpugo: posts small blind $0.25
cristiang1995: posts big blind $0.50
*** HOLE CARDS ***
Dealt to Lorpugo [Kd 7c]
Lorpugo: raises $0.50 to $1
cristiang1995: calls $0.50
*** FLOP *** [Js 3d Td]
cristiang1995: checks 
Lorpugo: bets $0.50
cristiang1995: calls $0.50
*** TURN *** [Js 3d Td] [3h]
cristiang1995: checks 
Lorpugo: checks 
*** RIVER *** [Js 3d Td 3h] [2h]
cristiang1995: bets $8.50 and has reached the $10 cap
Lorpugo: folds 
Uncalled bet ($8.50) returned to cristiang1995
cristiang1995 collected $2.85 from pot
cristiang1995: doesn't show hand 
*** SUMMARY ***
Total pot $3 | Rake $0.15 
Board [Js 3d Td 3h 2h]
Seat 1: Lorpugo (button) (small blind) folded on the River
Seat 2: cristiang1995 (big blind) collected ($2.85)



PokerStars Zoom Hand #241349957121:  Hold'em No Limit ($0.25/$0.50 - $10 Cap - ) - 2023/01/23 16:25:45 ET
Table 'Alpha Reticuli (Cap)' 2-max Seat #1 is the button
Seat 1: Lorpugo ($35.16 in chips) 
Seat 2: Arawkalypse ($15.92 in chips) 
Lorpugo: posts small blind $0.25
Arawkalypse: posts big blind $0.50
*** HOLE CARDS ***
Dealt to Lorpugo [5h 4c]
Lorpugo: folds 
Uncalled bet ($0.25) returned to Arawkalypse
Arawkalypse collected $0.50 from pot
Arawkalypse: doesn't show hand 
*** SUMMARY ***
Total pot $0.50 | Rake $0 
Seat 1: Lorpugo (button) (small blind) folded before Flop
Seat 2: Arawkalypse (big blind) collected ($0.50)



PokerStars Zoom Hand #241349959292:  Hold'em No Limit ($0.25/$0.50 - $10 Cap - ) - 2023/01/23 16:25:50 ET
Table 'Alpha Reticuli (Cap)' 2-max Seat #1 is the button
Seat 1: Arawkalypse ($16.17 in chips) 
Seat 2: Lorpugo ($34.91 in chips) 
Arawkalypse: posts small blind $0.25
Lorpugo: posts big blind $0.50
*** HOLE CARDS ***
Dealt to Lorpugo [Ad 3s]
Arawkalypse: raises $0.50 to $1
Lorpugo: calls $0.50
*** FLOP *** [2h 9d 8s]
Lorpugo: checks 
Arawkalypse: checks 
*** TURN *** [2h 9d 8s] [7h]
Lorpugo: checks 
Arawkalypse: checks 
*** RIVER *** [2h 9d 8s 7h] [2d]
Lorpugo: checks 
Arawkalypse: bets $2.50
Lorpugo: folds 
Uncalled bet ($2.50) returned to Arawkalypse
Arawkalypse collected $1.90 from pot
Arawkalypse: doesn't show hand 
*** SUMMARY ***
Total pot $2 | Rake $0.10 
Board [2h 9d 8s 7h 2d]
Seat 1: Arawkalypse (button) (small blind) collected ($1.90)
Seat 2: Lorpugo (big blind) folded on the River



PokerStars Zoom Hand #241349977491:  Hold'em No Limit ($0.25/$0.50 - $10 Cap - ) - 2023/01/23 16:26:32 ET
Table 'Alpha Reticuli (Cap)' 2-max Seat #1 is the button
Seat 1: nasserterapia ($4.02 in chips) 
Seat 2: Lorpugo ($33.91 in chips) 
nasserterapia: posts small blind $0.25
Lorpugo: posts big blind $0.50
*** HOLE CARDS ***
Dealt to Lorpugo [7c 4h]
nasserterapia: folds 
Uncalled bet ($0.25) returned to Lorpugo
Lorpugo collected $0.50 from pot
Lorpugo: doesn't show hand 
*** SUMMARY ***
Total pot $0.50 | Rake $0 
Seat 1: nasserterapia (button) (small blind) folded before Flop
Seat 2: Lorpugo (big blind) collected ($0.50)



PokerStars Zoom Hand #241349982303:  Hold'em No Limit ($0.25/$0.50 - $10 Cap - ) - 2023/01/23 16:26:43 ET
Table 'Alpha Reticuli (Cap)' 2-max Seat #1 is the button
Seat 1: Lorpugo ($34.16 in chips) 
Seat 2: nasserterapia ($3.52 in chips) 
Lorpugo: posts small blind $0.25
nasserterapia: posts big blind $0.50
*** HOLE CARDS ***
Dealt to Lorpugo [2h 9s]
Lorpugo: folds 
Uncalled bet ($0.25) returned to nasserterapia
nasserterapia collected $0.50 from pot
nasserterapia: doesn't show hand 
*** SUMMARY ***
Total pot $0.50 | Rake $0 
Seat 1: Lorpugo (button) (small blind) folded before Flop
Seat 2: nasserterapia (big blind) collected ($0.50)



PokerStars Zoom Hand #241349984091:  Hold'em No Limit ($0.25/$0.50 - $10 Cap - ) - 2023/01/23 16:26:47 ET
Table 'Alpha Reticuli (Cap)' 2-max Seat #1 is the button
Seat 1: bigiuadrian ($25.33 in chips) 
Seat 2: Lorpugo ($33.91 in chips) 
bigiuadrian: posts small blind $0.25
Lorpugo: posts big blind $0.50
*** HOLE CARDS ***
Dealt to Lorpugo [8c 7d]
bigiuadrian: folds 
Uncalled bet ($0.25) returned to Lorpugo
Lorpugo collected $0.50 from pot
Lorpugo: doesn't show hand 
*** SUMMARY ***
Total pot $0.50 | Rake $0 
Seat 1: bigiuadrian (button) (small blind) folded before Flop
Seat 2: Lorpugo (big blind) collected ($0.50)



PokerStars Zoom Hand #241349988703:  Hold'em No Limit ($0.25/$0.50 - $10 Cap - ) - 2023/01/23 16:26:57 ET
Table 'Alpha Reticuli (Cap)' 2-max Seat #1 is the button
Seat 1: Lorpugo ($34.16 in chips) 
Seat 2: Rocko_Barocco ($15.15 in chips) 
Lorpugo: posts small blind $0.25
Rocko_Barocco: posts big blind $0.50
*** HOLE CARDS ***
Dealt to Lorpugo [8s 7s]
Lorpugo: raises $0.50 to $1
Rocko_Barocco: calls $0.50
*** FLOP *** [Qc 8h 3d]
Rocko_Barocco: checks 
Lorpugo: bets $0.95
Rocko_Barocco: folds 
Uncalled bet ($0.95) returned to Lorpugo
Lorpugo collected $1.90 from pot
Lorpugo: doesn't show hand 
*** SUMMARY ***
Total pot $2 | Rake $0.10 
Board [Qc 8h 3d]
Seat 1: Lorpugo (button) (small blind) collected ($1.90)
Seat 2: Rocko_Barocco (big blind) folded on the Flop



PokerStars Zoom Hand #241350000153:  Hold'em No Limit ($0.25/$0.50 - $10 Cap - ) - 2023/01/23 16:27:23 ET
Table 'Alpha Reticuli (Cap)' 2-max Seat #1 is the button
Seat 1: Lorpugo ($35.06 in chips) 
Seat 2: nasserterapia ($2.82 in chips) 
Lorpugo: posts small blind $0.25
nasserterapia: posts big blind $0.50
*** HOLE CARDS ***
Dealt to Lorpugo [2s 6d]
Lorpugo: folds 
Uncalled bet ($0.25) returned to nasserterapia
nasserterapia collected $0.50 from pot
nasserterapia: doesn't show hand 
*** SUMMARY ***
Total pot $0.50 | Rake $0 
Seat 1: Lorpugo (button) (small blind) folded before Flop
Seat 2: nasserterapia (big blind) collected ($0.50)



PokerStars Zoom Hand #241350003223:  Hold'em No Limit ($0.25/$0.50 - $10 Cap - ) - 2023/01/23 16:27:30 ET
Table 'Alpha Reticuli (Cap)' 2-max Seat #1 is the button
Seat 1: nasserterapia ($3.07 in chips) 
Seat 2: Lorpugo ($34.81 in chips) 
nasserterapia: posts small blind $0.25
Lorpugo: posts big blind $0.50
*** HOLE CARDS ***
Dealt to Lorpugo [Js 5s]
nasserterapia: folds 
Uncalled bet ($0.25) returned to Lorpugo
Lorpugo collected $0.50 from pot
Lorpugo: doesn't show hand 
*** SUMMARY ***
Total pot $0.50 | Rake $0 
Seat 1: nasserterapia (button) (small blind) folded before Flop
Seat 2: Lorpugo (big blind) collected ($0.50)



PokerStars Zoom Hand #241350006955:  Hold'em No Limit ($0.25/$0.50 - $10 Cap - ) - 2023/01/23 16:27:38 ET
Table 'Alpha Reticuli (Cap)' 2-max Seat #1 is the button
Seat 1: Rocko_Barocco ($13.60 in chips) 
Seat 2: Lorpugo ($35.06 in chips) 
Rocko_Barocco: posts small blind $0.25
Lorpugo: posts big blind $0.50
*** HOLE CARDS ***
Dealt to Lorpugo [Kd 3d]
Rocko_Barocco: raises $1 to $1.50
Lorpugo: folds 
Uncalled bet ($1) returned to Rocko_Barocco
Rocko_Barocco collected $1 from pot
Rocko_Barocco: doesn't show hand 
*** SUMMARY ***
Total pot $1 | Rake $0 
Seat 1: Rocko_Barocco (button) (small blind) collected ($1)
Seat 2: Lorpugo (big blind) folded before Flop



PokerStars Zoom Hand #241350010435:  Hold'em No Limit ($0.25/$0.50 - $10 Cap - ) - 2023/01/23 16:27:46 ET
Table 'Alpha Reticuli (Cap)' 2-max Seat #1 is the button
Seat 1: Arawkalypse ($14.90 in chips) 
Seat 2: Lorpugo ($34.56 in chips) 
Arawkalypse: posts small blind $0.25
Lorpugo: posts big blind $0.50
*** HOLE CARDS ***
Dealt to Lorpugo [2h Tc]
Arawkalypse: raises $0.50 to $1
Lorpugo: folds 
Uncalled bet ($0.50) returned to Arawkalypse
Arawkalypse collected $1 from pot
Arawkalypse: doesn't show hand 
*** SUMMARY ***
Total pot $1 | Rake $0 
Seat 1: Arawkalypse (button) (small blind) collected ($1)
Seat 2: Lorpugo (big blind) folded before Flop



PokerStars Zoom Hand #241350013086:  Hold'em No Limit ($0.25/$0.50 - $10 Cap - ) - 2023/01/23 16:27:52 ET
Table 'Alpha Reticuli (Cap)' 2-max Seat #1 is the button
Seat 1: Lorpugo ($34.06 in chips) 
Seat 2: bigiuadrian ($26.79 in chips) 
Lorpugo: posts small blind $0.25
bigiuadrian: posts big blind $0.50
*** HOLE CARDS ***
Dealt to Lorpugo [8c 3c]
Lorpugo: folds 
Uncalled bet ($0.25) returned to bigiuadrian
bigiuadrian collected $0.50 from pot
bigiuadrian: doesn't show hand 
*** SUMMARY ***
Total pot $0.50 | Rake $0 
Seat 1: Lorpugo (button) (small blind) folded before Flop
Seat 2: bigiuadrian (big blind) collected ($0.50)



PokerStars Zoom Hand #241350015623:  Hold'em No Limit ($0.25/$0.50 - $10 Cap - ) - 2023/01/23 16:27:58 ET
Table 'Alpha Reticuli (Cap)' 2-max Seat #1 is the button
Seat 1: Lorpugo ($33.81 in chips) 
Seat 2: alexcuypers ($22.19 in chips) 
Lorpugo: posts small blind $0.25
alexcuypers: posts big blind $0.50
*** HOLE CARDS ***
Dealt to Lorpugo [Qh 9d]
Lorpugo: raises $0.50 to $1
alexcuypers: calls $0.50
*** FLOP *** [3h 8d 5h]
alexcuypers: checks 
Lorpugo: bets $1.25
alexcuypers: calls $1.25
*** TURN *** [3h 8d 5h] [9s]
alexcuypers: checks 
Lorpugo: bets $4.28
alexcuypers: folds 
Uncalled bet ($4.28) returned to Lorpugo
Lorpugo collected $4.28 from pot
Lorpugo: doesn't show hand 
*** SUMMARY ***
Total pot $4.50 | Rake $0.22 
Board [3h 8d 5h 9s]
Seat 1: Lorpugo (button) (small blind) collected ($4.28)
Seat 2: alexcuypers (big blind) folded on the Turn



PokerStars Zoom Hand #241350027901:  Hold'em No Limit ($0.25/$0.50 - $10 Cap - ) - 2023/01/23 16:28:26 ET
Table 'Alpha Reticuli (Cap)' 2-max Seat #1 is the button
Seat 1: brocky29 ($25.99 in chips) 
Seat 2: Lorpugo ($35.84 in chips) 
brocky29: posts small blind $0.25
Lorpugo: posts big blind $0.50
*** HOLE CARDS ***
Dealt to Lorpugo [9h 9c]
brocky29: folds 
Uncalled bet ($0.25) returned to Lorpugo
Lorpugo collected $0.50 from pot
Lorpugo: doesn't show hand 
*** SUMMARY ***
Total pot $0.50 | Rake $0 
Seat 1: brocky29 (button) (small blind) folded before Flop
Seat 2: Lorpugo (big blind) collected ($0.50)



PokerStars Zoom Hand #241350029919:  Hold'em No Limit ($0.25/$0.50 - $10 Cap - ) - 2023/01/23 16:28:30 ET
Table 'Alpha Reticuli (Cap)' 2-max Seat #1 is the button
Seat 1: Lorpugo ($36.09 in chips) 
Seat 2: bigiuadrian ($27.49 in chips) 
Lorpugo: posts small blind $0.25
bigiuadrian: posts big blind $0.50
*** HOLE CARDS ***
Dealt to Lorpugo [Qd 9h]
Lorpugo: raises $0.50 to $1
bigiuadrian: calls $0.50
*** FLOP *** [9c 5c Jh]
bigiuadrian: checks 
Lorpugo: bets $0.63
bigiuadrian: calls $0.63
*** TURN *** [9c 5c Jh] [Kc]
bigiuadrian: checks 
Lorpugo: bets $0.50
bigiuadrian: calls $0.50
*** RIVER *** [9c 5c Jh Kc] [Qc]
bigiuadrian: checks 
Lorpugo: checks 
*** SHOW DOWN ***
bigiuadrian: shows [4c 3c] (a flush, King high)
Lorpugo: mucks hand 
bigiuadrian collected $4.05 from pot
*** SUMMARY ***
Total pot $4.26 | Rake $0.21 
Board [9c 5c Jh Kc Qc]
Seat 1: Lorpugo (button) (small blind) mucked [Qd 9h]
Seat 2: bigiuadrian (big blind) showed [4c 3c] and won ($4.05) with a flush, King high



PokerStars Zoom Hand #241350042369:  Hold'em No Limit ($0.25/$0.50 - $10 Cap - ) - 2023/01/23 16:28:58 ET
Table 'Alpha Reticuli (Cap)' 2-max Seat #1 is the button
Seat 1: Lorpugo ($33.96 in chips) 
Seat 2: cristiang1995 ($38 in chips) 
Lorpugo: posts small blind $0.25
cristiang1995: posts big blind $0.50
*** HOLE CARDS ***
Dealt to Lorpugo [6h 3h]
Lorpugo: folds 
Uncalled bet ($0.25) returned to cristiang1995
cristiang1995 collected $0.50 from pot
cristiang1995: doesn't show hand 
*** SUMMARY ***
Total pot $0.50 | Rake $0 
Seat 1: Lorpugo (button) (small blind) folded before Flop
Seat 2: cristiang1995 (big blind) collected ($0.50)



PokerStars Zoom Hand #241350044179:  Hold'em No Limit ($0.25/$0.50 - $10 Cap - ) - 2023/01/23 16:29:02 ET
Table 'Alpha Reticuli (Cap)' 2-max Seat #1 is the button
Seat 1: Arawkalypse ($19.05 in chips) 
Seat 2: Lorpugo ($33.71 in chips) 
Arawkalypse: posts small blind $0.25
Lorpugo: posts big blind $0.50
*** HOLE CARDS ***
Dealt to Lorpugo [Qs 3c]
Arawkalypse: raises $0.50 to $1
Lorpugo: folds 
Uncalled bet ($0.50) returned to Arawkalypse
Arawkalypse collected $1 from pot
Arawkalypse: doesn't show hand 
*** SUMMARY ***
Total pot $1 | Rake $0 
Seat 1: Arawkalypse (button) (small blind) collected ($1)
Seat 2: Lorpugo (big blind) folded before Flop



PokerStars Zoom Hand #241350046771:  Hold'em No Limit ($0.25/$0.50 - $10 Cap - ) - 2023/01/23 16:29:08 ET
Table 'Alpha Reticuli (Cap)' 2-max Seat #1 is the button
Seat 1: nasserterapia ($2.18 in chips) 
Seat 2: Lorpugo ($33.21 in chips) 
nasserterapia: posts small blind $0.25
Lorpugo: posts big blind $0.50
*** HOLE CARDS ***
Dealt to Lorpugo [2c 5s]
nasserterapia: folds 
Uncalled bet ($0.25) returned to Lorpugo
Lorpugo collected $0.50 from pot
Lorpugo: doesn't show hand 
*** SUMMARY ***
Total pot $0.50 | Rake $0 
Seat 1: nasserterapia (button) (small blind) folded before Flop
Seat 2: Lorpugo (big blind) collected ($0.50)



PokerStars Zoom Hand #241350049808:  Hold'em No Limit ($0.25/$0.50 - $10 Cap - ) - 2023/01/23 16:29:15 ET
Table 'Alpha Reticuli (Cap)' 2-max Seat #1 is the button
Seat 1: Lorpugo ($33.46 in chips) 
Seat 2: Freakriderz ($30.78 in chips) 
Lorpugo: posts small blind $0.25
Freakriderz: posts big blind $0.50
*** HOLE CARDS ***
Dealt to Lorpugo [9d 2h]
Lorpugo: folds 
Uncalled bet ($0.25) returned to Freakriderz
Freakriderz collected $0.50 from pot
Freakriderz: doesn't show hand 
*** SUMMARY ***
Total pot $0.50 | Rake $0 
Seat 1: Lorpugo (button) (small blind) folded before Flop
Seat 2: Freakriderz (big blind) collected ($0.50)



PokerStars Zoom Hand #241350052953:  Hold'em No Limit ($0.25/$0.50 - $10 Cap - ) - 2023/01/23 16:29:22 ET
Table 'Alpha Reticuli (Cap)' 2-max Seat #1 is the button
Seat 1: Arawkalypse ($20.05 in chips) 
Seat 2: Lorpugo ($33.21 in chips) 
Arawkalypse: posts small blind $0.25
Lorpugo: posts big blind $0.50
*** HOLE CARDS ***
Dealt to Lorpugo [As Td]
Arawkalypse: folds 
Uncalled bet ($0.25) returned to Lorpugo
Lorpugo collected $0.50 from pot
Lorpugo: doesn't show hand 
*** SUMMARY ***
Total pot $0.50 | Rake $0 
Seat 1: Arawkalypse (button) (small blind) folded before Flop
Seat 2: Lorpugo (big blind) collected ($0.50)



PokerStars Zoom Hand #241350056934:  Hold'em No Limit ($0.25/$0.50 - $10 Cap - ) - 2023/01/23 16:29:31 ET
Table 'Alpha Reticuli (Cap)' 2-max Seat #1 is the button
Seat 1: Lorpugo ($33.46 in chips) 
Seat 2: Arawkalypse ($19.55 in chips) 
Lorpugo: posts small blind $0.25
Arawkalypse: posts big blind $0.50
*** HOLE CARDS ***
Dealt to Lorpugo [Ac Th]
Lorpugo: calls $0.25
Arawkalypse: checks 
*** FLOP *** [4h Ah 9c]
Arawkalypse: checks 
Lorpugo: checks 
*** TURN *** [4h Ah 9c] [9s]
Arawkalypse: checks 
Lorpugo: checks 
*** RIVER *** [4h Ah 9c 9s] [Tc]
Arawkalypse: bets $2
Lorpugo: raises $2 to $4
Arawkalypse: folds 
Uncalled bet ($2) returned to Lorpugo
Lorpugo collected $4.75 from pot
Lorpugo: doesn't show hand 
*** SUMMARY ***
Total pot $5 | Rake $0.25 
Board [4h Ah 9c 9s Tc]
Seat 1: Lorpugo (button) (small blind) collected ($4.75)
Seat 2: Arawkalypse (big blind) folded on the River



PokerStars Zoom Hand #241350083287:  Hold'em No Limit ($0.25/$0.50 - $10 Cap - ) - 2023/01/23 16:30:32 ET
Table 'Alpha Reticuli (Cap)' 2-max Seat #1 is the button
Seat 1: Arawkalypse ($17.05 in chips) 
Seat 2: Lorpugo ($35.71 in chips) 
Arawkalypse: posts small blind $0.25
Lorpugo: posts big blind $0.50
*** HOLE CARDS ***
Dealt to Lorpugo [9h 8s]
Arawkalypse: raises $0.50 to $1
Lorpugo: calls $0.50
*** FLOP *** [3s Kc Tc]
Lorpugo: checks 
Arawkalypse: bets $0.63
Lorpugo: folds 
Uncalled bet ($0.63) returned to Arawkalypse
Arawkalypse collected $1.90 from pot
Arawkalypse: doesn't show hand 
*** SUMMARY ***
Total pot $2 | Rake $0.10 
Board [3s Kc Tc]
Seat 1: Arawkalypse (button) (small blind) collected ($1.90)
Seat 2: Lorpugo (big blind) folded on the Flop



PokerStars Zoom Hand #241350090327:  Hold'em No Limit ($0.25/$0.50 - $10 Cap - ) - 2023/01/23 16:30:48 ET
Table 'Alpha Reticuli (Cap)' 2-max Seat #1 is the button
Seat 1: nasserterapia ($4.07 in chips) 
Seat 2: Lorpugo ($34.71 in chips) 
nasserterapia: posts small blind $0.25
Lorpugo: posts big blind $0.50
*** HOLE CARDS ***
Dealt to Lorpugo [5h 4s]
nasserterapia: folds 
Uncalled bet ($0.25) returned to Lorpugo
Lorpugo collected $0.50 from pot
Lorpugo: doesn't show hand 
*** SUMMARY ***
Total pot $0.50 | Rake $0 
Seat 1: nasserterapia (button) (small blind) folded before Flop
Seat 2: Lorpugo (big blind) collected ($0.50)



PokerStars Zoom Hand #241350094020:  Hold'em No Limit ($0.25/$0.50 - $10 Cap - ) - 2023/01/23 16:30:56 ET
Table 'Alpha Reticuli (Cap)' 2-max Seat #1 is the button
Seat 1: Lorpugo ($34.96 in chips) 
Seat 2: Rocko_Barocco ($10.61 in chips) 
Lorpugo: posts small blind $0.25
Rocko_Barocco: posts big blind $0.50
*** HOLE CARDS ***
Dealt to Lorpugo [6s 8s]
Lorpugo: raises $0.50 to $1
Rocko_Barocco: calls $0.50
*** FLOP *** [7s 4c 9h]
Rocko_Barocco: checks 
Lorpugo: checks 
*** TURN *** [7s 4c 9h] [Ac]
Rocko_Barocco: bets $0.50
Lorpugo: raises $1.50 to $2
Rocko_Barocco: folds 
Uncalled bet ($1.50) returned to Lorpugo
Lorpugo collected $2.85 from pot
Lorpugo: doesn't show hand 
*** SUMMARY ***
Total pot $3 | Rake $0.15 
Board [7s 4c 9h Ac]
Seat 1: Lorpugo (button) (small blind) collected ($2.85)
Seat 2: Rocko_Barocco (big blind) folded on the Turn



PokerStars Zoom Hand #241350106548:  Hold'em No Limit ($0.25/$0.50 - $10 Cap - ) - 2023/01/23 16:31:24 ET
Table 'Alpha Reticuli (Cap)' 2-max Seat #1 is the button
Seat 1: cristiang1995 ($26.30 in chips) 
Seat 2: Lorpugo ($36.31 in chips) 
cristiang1995: posts small blind $0.25
Lorpugo: posts big blind $0.50
*** HOLE CARDS ***
Dealt to Lorpugo [8d 5c]
cristiang1995: calls $0.25
Lorpugo: checks 
*** FLOP *** [4c 9h Kh]
Lorpugo: bets $0.50
cristiang1995: calls $0.50
*** TURN *** [4c 9h Kh] [8h]
Lorpugo: checks 
cristiang1995: checks 
*** RIVER *** [4c 9h Kh 8h] [5d]
Lorpugo: bets $1.90
cristiang1995: calls $1.90
*** SHOW DOWN ***
Lorpugo: shows [8d 5c] (two pair, Eights and Fives)
cristiang1995: mucks hand 
Lorpugo collected $5.51 from pot
*** SUMMARY ***
Total pot $5.80 | Rake $0.29 
Board [4c 9h Kh 8h 5d]
Seat 1: cristiang1995 (button) (small blind) mucked [7s 9d]
Seat 2: Lorpugo (big blind) showed [8d 5c] and won ($5.51) with two pair, Eights and Fives



PokerStars Zoom Hand #241350117860:  Hold'em No Limit ($0.25/$0.50 - $10 Cap - ) - 2023/01/23 16:31:50 ET
Table 'Alpha Reticuli (Cap)' 2-max Seat #1 is the button
Seat 1: fila10CZ ($8.15 in chips) 
Seat 2: Lorpugo ($38.92 in chips) 
fila10CZ: posts small blind $0.25
Lorpugo: posts big blind $0.50
*** HOLE CARDS ***
Dealt to Lorpugo [5h Td]
fila10CZ: raises $0.50 to $1
Lorpugo: folds 
Uncalled bet ($0.50) returned to fila10CZ
fila10CZ collected $1 from pot
fila10CZ: doesn't show hand 
*** SUMMARY ***
Total pot $1 | Rake $0 
Seat 1: fila10CZ (button) (small blind) collected ($1)
Seat 2: Lorpugo (big blind) folded before Flop



PokerStars Zoom Hand #241350120537:  Hold'em No Limit ($0.25/$0.50 - $10 Cap - ) - 2023/01/23 16:31:56 ET
Table 'Alpha Reticuli (Cap)' 2-max Seat #1 is the button
Seat 1: Lorpugo ($38.42 in chips) 
Seat 2: Rocko_Barocco ($7.86 in chips) 
Lorpugo: posts small blind $0.25
Rocko_Barocco: posts big blind $0.50
*** HOLE CARDS ***
Dealt to Lorpugo [2c 3h]
Lorpugo: folds 
Uncalled bet ($0.25) returned to Rocko_Barocco
Rocko_Barocco collected $0.50 from pot
Rocko_Barocco: doesn't show hand 
*** SUMMARY ***
Total pot $0.50 | Rake $0 
Seat 1: Lorpugo (button) (small blind) folded before Flop
Seat 2: Rocko_Barocco (big blind) collected ($0.50)



PokerStars Zoom Hand #241350123204:  Hold'em No Limit ($0.25/$0.50 - $10 Cap - ) - 2023/01/23 16:32:02 ET
Table 'Alpha Reticuli (Cap)' 2-max Seat #1 is the button
Seat 1: Lorpugo ($38.17 in chips) 
Seat 2: fila10CZ ($8.65 in chips) 
Lorpugo: posts small blind $0.25
fila10CZ: posts big blind $0.50
*** HOLE CARDS ***
Dealt to Lorpugo [7c 4h]
Lorpugo: folds 
Uncalled bet ($0.25) returned to fila10CZ
fila10CZ collected $0.50 from pot
fila10CZ: doesn't show hand 
*** SUMMARY ***
Total pot $0.50 | Rake $0 
Seat 1: Lorpugo (button) (small blind) folded before Flop
Seat 2: fila10CZ (big blind) collected ($0.50)



PokerStars Zoom Hand #241350124986:  Hold'em No Limit ($0.25/$0.50 - $10 Cap - ) - 2023/01/23 16:32:06 ET
Table 'Alpha Reticuli (Cap)' 2-max Seat #1 is the button
Seat 1: Lorpugo ($37.92 in chips) 
Seat 2: Arawkalypse ($18.70 in chips) 
Lorpugo: posts small blind $0.25
Arawkalypse: posts big blind $0.50
*** HOLE CARDS ***
Dealt to Lorpugo [Jd Qd]
Lorpugo: calls $0.25
Arawkalypse: checks 
*** FLOP *** [Jc 3s Jh]
Arawkalypse: checks 
Lorpugo: checks 
*** TURN *** [Jc 3s Jh] [9s]
Arawkalypse: checks 
Lorpugo: bets $0.50
Arawkalypse: raises $1.46 to $1.96
Lorpugo: raises $4.87 to $6.83
Arawkalypse: raises $2.67 to $9.50 and has reached the $10 cap
Lorpugo: calls $2.67 and has reached the $10 cap
*** RIVER *** [Jc 3s Jh 9s] [3d]
*** SHOW DOWN ***
Arawkalypse: shows [Js 2s] (a full house, Jacks full of Threes)
Lorpugo: shows [Jd Qd] (a full house, Jacks full of Threes)
Arawkalypse collected $9.63 from pot
Lorpugo collected $9.62 from pot
*** SUMMARY ***
Total pot $20 | Rake $0.75 
Board [Jc 3s Jh 9s 3d]
Seat 1: Lorpugo (button) (small blind) showed [Jd Qd] and won ($9.62) with a full house, Jacks full of Threes
Seat 2: Arawkalypse (big blind) showed [Js 2s] and won ($9.63) with a full house, Jacks full of Threes



PokerStars Zoom Hand #241350140882:  Hold'em No Limit ($0.25/$0.50 - $10 Cap - ) - 2023/01/23 16:32:42 ET
Table 'Alpha Reticuli (Cap)' 2-max Seat #1 is the button
Seat 1: Arawkalypse ($18.33 in chips) 
Seat 2: Lorpugo ($37.54 in chips) 
Arawkalypse: posts small blind $0.25
Lorpugo: posts big blind $0.50
*** HOLE CARDS ***
Dealt to Lorpugo [7h 7d]
Arawkalypse: raises $0.50 to $1
Lorpugo: raises $2 to $3
Arawkalypse: calls $2
*** FLOP *** [Js Kh 4c]
Lorpugo: checks 
Arawkalypse: checks 
*** TURN *** [Js Kh 4c] [Kd]
Lorpugo: bets $7 and has reached the $10 cap
Arawkalypse: calls $7 and has reached the $10 cap
*** RIVER *** [Js Kh 4c Kd] [5h]
*** SHOW DOWN ***
Lorpugo: shows [7h 7d] (two pair, Kings and Sevens)
Arawkalypse: shows [Ad Jd] (two pair, Kings and Jacks)
Arawkalypse collected $19.25 from pot
*** SUMMARY ***
Total pot $20 | Rake $0.75 
Board [Js Kh 4c Kd 5h]
Seat 1: Arawkalypse (button) (small blind) showed [Ad Jd] and won ($19.25) with two pair, Kings and Jacks
Seat 2: Lorpugo (big blind) showed [7h 7d] and lost with two pair, Kings and Sevens



PokerStars Zoom Hand #241350151373:  Hold'em No Limit ($0.25/$0.50 - $10 Cap - ) - 2023/01/23 16:33:06 ET
Table 'Alpha Reticuli (Cap)' 2-max Seat #1 is the button
Seat 1: Lorpugo ($27.54 in chips) 
Seat 2: Arawkalypse ($27.58 in chips) 
Lorpugo: posts small blind $0.25
Arawkalypse: posts big blind $0.50
*** HOLE CARDS ***
Dealt to Lorpugo [Ah Jc]
Lorpugo: raises $0.50 to $1
Arawkalypse: folds 
Uncalled bet ($0.50) returned to Lorpugo
Lorpugo collected $1 from pot
Lorpugo: doesn't show hand 
*** SUMMARY ***
Total pot $1 | Rake $0 
Seat 1: Lorpugo (button) (small blind) collected ($1)
Seat 2: Arawkalypse (big blind) folded before Flop



PokerStars Zoom Hand #241350154526:  Hold'em No Limit ($0.25/$0.50 - $10 Cap - ) - 2023/01/23 16:33:14 ET
Table 'Alpha Reticuli (Cap)' 2-max Seat #1 is the button
Seat 1: Lorpugo ($28.04 in chips) 
Seat 2: bigiuadrian ($41.05 in chips) 
Lorpugo: posts small blind $0.25
bigiuadrian: posts big blind $0.50
*** HOLE CARDS ***
Dealt to Lorpugo [Kc As]
Lorpugo: calls $0.25
bigiuadrian: checks 
*** FLOP *** [Kh 9h 3d]
bigiuadrian: checks 
Lorpugo: bets $0.63
bigiuadrian: calls $0.63
*** TURN *** [Kh 9h 3d] [Qd]
bigiuadrian: checks 
Lorpugo: bets $3
bigiuadrian: calls $3
*** RIVER *** [Kh 9h 3d Qd] [5s]
bigiuadrian: checks 
Lorpugo: bets $5.87 and has reached the $10 cap
bigiuadrian: calls $5.87 and has reached the $10 cap
*** SHOW DOWN ***
Lorpugo: shows [Kc As] (a pair of Kings)
bigiuadrian: shows [4s Ks] (a pair of Kings - lower kicker)
Lorpugo collected $19.25 from pot
*** SUMMARY ***
Total pot $20 | Rake $0.75 
Board [Kh 9h 3d Qd 5s]
Seat 1: Lorpugo (button) (small blind) showed [Kc As] and won ($19.25) with a pair of Kings
Seat 2: bigiuadrian (big blind) showed [4s Ks] and lost with a pair of Kings



PokerStars Zoom Hand #241350167740:  Hold'em No Limit ($0.25/$0.50 - $10 Cap - ) - 2023/01/23 16:33:44 ET
Table 'Alpha Reticuli (Cap)' 2-max Seat #1 is the button
Seat 1: Lorpugo ($37.29 in chips) 
Seat 2: alexcuypers ($17.32 in chips) 
Lorpugo: posts small blind $0.25
alexcuypers: posts big blind $0.50
*** HOLE CARDS ***
Dealt to Lorpugo [5s 4h]
Lorpugo: calls $0.25
alexcuypers: raises $1.75 to $2.25
Lorpugo: folds 
Uncalled bet ($1.75) returned to alexcuypers
alexcuypers collected $1 from pot
alexcuypers: doesn't show hand 
*** SUMMARY ***
Total pot $1 | Rake $0 
Seat 1: Lorpugo (button) (small blind) folded before Flop
Seat 2: alexcuypers (big blind) collected ($1)



PokerStars Zoom Hand #241350172164:  Hold'em No Limit ($0.25/$0.50 - $10 Cap - ) - 2023/01/23 16:33:54 ET
Table 'Alpha Reticuli (Cap)' 2-max Seat #1 is the button
Seat 1: Rocko_Barocco ($22.76 in chips) 
Seat 2: Lorpugo ($36.79 in chips) 
Rocko_Barocco: posts small blind $0.25
Lorpugo: posts big blind $0.50
*** HOLE CARDS ***
Dealt to Lorpugo [5s 4c]
Rocko_Barocco: calls $0.25
Lorpugo: checks 
*** FLOP *** [Td Kc 2c]
Lorpugo: bets $0.50
Rocko_Barocco: folds 
Uncalled bet ($0.50) returned to Lorpugo
Lorpugo collected $0.95 from pot
Lorpugo: doesn't show hand 
*** SUMMARY ***
Total pot $1 | Rake $0.05 
Board [Td Kc 2c]
Seat 1: Rocko_Barocco (button) (small blind) folded on the Flop
Seat 2: Lorpugo (big blind) collected ($0.95)



PokerStars Zoom Hand #241350177996:  Hold'em No Limit ($0.25/$0.50 - $10 Cap - ) - 2023/01/23 16:34:07 ET
Table 'Alpha Reticuli (Cap)' 2-max Seat #1 is the button
Seat 1: Arawkalypse ($26.90 in chips) 
Seat 2: Lorpugo ($37.24 in chips) 
Arawkalypse: posts small blind $0.25
Lorpugo: posts big blind $0.50
*** HOLE CARDS ***
Dealt to Lorpugo [5c 3c]
Arawkalypse: raises $0.50 to $1
Lorpugo: calls $0.50
*** FLOP *** [Tc 5h As]
Lorpugo: checks 
Arawkalypse: bets $0.63
Lorpugo: calls $0.63
*** TURN *** [Tc 5h As] [Qh]
Lorpugo: checks 
Arawkalypse: bets $2.05
Lorpugo: folds 
Uncalled bet ($2.05) returned to Arawkalypse
Arawkalypse collected $3.10 from pot
Arawkalypse: doesn't show hand 
*** SUMMARY ***
Total pot $3.26 | Rake $0.16 
Board [Tc 5h As Qh]
Seat 1: Arawkalypse (button) (small blind) collected ($3.10)
Seat 2: Lorpugo (big blind) folded on the Turn



PokerStars Zoom Hand #241350188399:  Hold'em No Limit ($0.25/$0.50 - $10 Cap - ) - 2023/01/23 16:34:31 ET
Table 'Alpha Reticuli (Cap)' 2-max Seat #1 is the button
Seat 1: Lorpugo ($35.61 in chips) 
Seat 2: bigiuadrian ($22.60 in chips) 
Lorpugo: posts small blind $0.25
bigiuadrian: posts big blind $0.50
*** HOLE CARDS ***
Dealt to Lorpugo [Jh 2s]
Lorpugo: folds 
Uncalled bet ($0.25) returned to bigiuadrian
bigiuadrian collected $0.50 from pot
bigiuadrian: doesn't show hand 
*** SUMMARY ***
Total pot $0.50 | Rake $0 
Seat 1: Lorpugo (button) (small blind) folded before Flop
Seat 2: bigiuadrian (big blind) collected ($0.50)



PokerStars Zoom Hand #241350190670:  Hold'em No Limit ($0.25/$0.50 - $10 Cap - ) - 2023/01/23 16:34:36 ET
Table 'Alpha Reticuli (Cap)' 2-max Seat #1 is the button
Seat 1: brocky29 ($11.70 in chips) 
Seat 2: Lorpugo ($35.36 in chips) 
brocky29: posts small blind $0.25
Lorpugo: posts big blind $0.50
*** HOLE CARDS ***
Dealt to Lorpugo [8h 9s]
brocky29: raises $0.50 to $1
Lorpugo: calls $0.50
*** FLOP *** [4s 6d Ks]
Lorpugo: checks 
brocky29: bets $1
Lorpugo: folds 
Uncalled bet ($1) returned to brocky29
brocky29 collected $1.90 from pot
brocky29: doesn't show hand 
*** SUMMARY ***
Total pot $2 | Rake $0.10 
Board [4s 6d Ks]
Seat 1: brocky29 (button) (small blind) collected ($1.90)
Seat 2: Lorpugo (big blind) folded on the Flop



PokerStars Zoom Hand #241350196319:  Hold'em No Limit ($0.25/$0.50 - $10 Cap - ) - 2023/01/23 16:34:49 ET
Table 'Alpha Reticuli (Cap)' 2-max Seat #1 is the button
Seat 1: cristiang1995 ($14.97 in chips) 
Seat 2: Lorpugo ($34.36 in chips) 
cristiang1995: posts small blind $0.25
Lorpugo: posts big blind $0.50
*** HOLE CARDS ***
Dealt to Lorpugo [3h Jc]
cristiang1995: calls $0.25
Lorpugo: checks 
*** FLOP *** [Td Tc Ks]
Lorpugo: bets $0.50
cristiang1995: folds 
Uncalled bet ($0.50) returned to Lorpugo
Lorpugo collected $0.95 from pot
Lorpugo: doesn't show hand 
*** SUMMARY ***
Total pot $1 | Rake $0.05 
Board [Td Tc Ks]
Seat 1: cristiang1995 (button) (small blind) folded on the Flop
Seat 2: Lorpugo (big blind) collected ($0.95)



PokerStars Zoom Hand #241350201579:  Hold'em No Limit ($0.25/$0.50 - $10 Cap - ) - 2023/01/23 16:35:01 ET
Table 'Alpha Reticuli (Cap)' 2-max Seat #1 is the button
Seat 1: cristiang1995 ($14.47 in chips) 
Seat 2: Lorpugo ($34.81 in chips) 
cristiang1995: posts small blind $0.25
Lorpugo: posts big blind $0.50
*** HOLE CARDS ***
Dealt to Lorpugo [9c 5d]
cristiang1995: calls $0.25
Lorpugo: checks 
*** FLOP *** [Jd 5h 4c]
Lorpugo: bets $0.50
cristiang1995: folds 
Uncalled bet ($0.50) returned to Lorpugo
Lorpugo collected $0.95 from pot
Lorpugo: doesn't show hand 
*** SUMMARY ***
Total pot $1 | Rake $0.05 
Board [Jd 5h 4c]
Seat 1: cristiang1995 (button) (small blind) folded on the Flop
Seat 2: Lorpugo (big blind) collected ($0.95)



PokerStars Zoom Hand #241350206308:  Hold'em No Limit ($0.25/$0.50 - $10 Cap - ) - 2023/01/23 16:35:12 ET
Table 'Alpha Reticuli (Cap)' 2-max Seat #1 is the button
Seat 1: Rocko_Barocco ($13.70 in chips) 
Seat 2: Lorpugo ($35.26 in chips) 
Rocko_Barocco: posts small blind $0.25
Lorpugo: posts big blind $0.50
*** HOLE CARDS ***
Dealt to Lorpugo [Jd 5h]
Rocko_Barocco: raises $1 to $1.50
Lorpugo: folds 
Uncalled bet ($1) returned to Rocko_Barocco
Rocko_Barocco collected $1 from pot
Rocko_Barocco: doesn't show hand 
*** SUMMARY ***
Total pot $1 | Rake $0 
Seat 1: Rocko_Barocco (button) (small blind) collected ($1)
Seat 2: Lorpugo (big blind) folded before Flop



PokerStars Zoom Hand #241350209122:  Hold'em No Limit ($0.25/$0.50 - $10 Cap - ) - 2023/01/23 16:35:18 ET
Table 'Alpha Reticuli (Cap)' 2-max Seat #1 is the button
Seat 1: Lorpugo ($34.76 in chips) 
Seat 2: brocky29 ($13.10 in chips) 
Lorpugo: posts small blind $0.25
brocky29: posts big blind $0.50
*** HOLE CARDS ***
Dealt to Lorpugo [7s 5d]
Lorpugo: calls $0.25
brocky29: raises $1 to $1.50
Lorpugo: folds 
Uncalled bet ($1) returned to brocky29
brocky29 collected $1 from pot
brocky29: doesn't show hand 
*** SUMMARY ***
Total pot $1 | Rake $0 
Seat 1: Lorpugo (button) (small blind) folded before Flop
Seat 2: brocky29 (big blind) collected ($1)



PokerStars Zoom Hand #241350212477:  Hold'em No Limit ($0.25/$0.50 - $10 Cap - ) - 2023/01/23 16:35:26 ET
Table 'Alpha Reticuli (Cap)' 2-max Seat #1 is the button
Seat 1: Lorpugo ($34.26 in chips) 
Seat 2: Rocko_Barocco ($14.20 in chips) 
Lorpugo: posts small blind $0.25
Rocko_Barocco: posts big blind $0.50
*** HOLE CARDS ***
Dealt to Lorpugo [Ad Qs]
Lorpugo: calls $0.25
Rocko_Barocco: raises $1 to $1.50
Lorpugo: raises $8.50 to $10 and has reached the $10 cap
Rocko_Barocco: calls $8.50 and has reached the $10 cap
*** FLOP *** [8d 7d 9s]
*** TURN *** [8d 7d 9s] [5c]
*** RIVER *** [8d 7d 9s 5c] [6h]
*** SHOW DOWN ***
Rocko_Barocco: shows [3s As] (a straight, Five to Nine)
Lorpugo: shows [Ad Qs] (a straight, Five to Nine)
Rocko_Barocco collected $9.63 from pot
Lorpugo collected $9.62 from pot
*** SUMMARY ***
Total pot $20 | Rake $0.75 
Board [8d 7d 9s 5c 6h]
Seat 1: Lorpugo (button) (small blind) showed [Ad Qs] and won ($9.62) with a straight, Five to Nine
Seat 2: Rocko_Barocco (big blind) showed [3s As] and won ($9.63) with a straight, Five to Nine



PokerStars Zoom Hand #241350220224:  Hold'em No Limit ($0.25/$0.50 - $10 Cap - ) - 2023/01/23 16:35:44 ET
Table 'Alpha Reticuli (Cap)' 2-max Seat #1 is the button
Seat 1: Lorpugo ($33.88 in chips) 
Seat 2: alexcuypers ($10 in chips) 
Lorpugo: posts small blind $0.25
alexcuypers: posts big blind $0.50
*** HOLE CARDS ***
Dealt to Lorpugo [7h Td]
Lorpugo: calls $0.25
alexcuypers: checks 
*** FLOP *** [6s 9s Qc]
alexcuypers: checks 
Lorpugo: checks 
*** TURN *** [6s 9s Qc] [Ts]
alexcuypers: checks 
Lorpugo: bets $0.63
alexcuypers: calls $0.63
*** RIVER *** [6s 9s Qc Ts] [Kc]
alexcuypers: bets $1.50
Lorpugo: folds 
Uncalled bet ($1.50) returned to alexcuypers
alexcuypers collected $2.15 from pot
alexcuypers: doesn't show hand 
*** SUMMARY ***
Total pot $2.26 | Rake $0.11 
Board [6s 9s Qc Ts Kc]
Seat 1: Lorpugo (button) (small blind) folded on the River
Seat 2: alexcuypers (big blind) collected ($2.15)



PokerStars Zoom Hand #241350229847:  Hold'em No Limit ($0.25/$0.50 - $10 Cap - ) - 2023/01/23 16:36:07 ET
Table 'Alpha Reticuli (Cap)' 2-max Seat #1 is the button
Seat 1: brocky29 ($13.60 in chips) 
Seat 2: Lorpugo ($32.75 in chips) 
brocky29: posts small blind $0.25
Lorpugo: posts big blind $0.50
*** HOLE CARDS ***
Dealt to Lorpugo [8d 9h]
brocky29: raises $0.50 to $1
Lorpugo: calls $0.50
*** FLOP *** [Tc Js Jh]
Lorpugo: checks 
brocky29: bets $0.75
Lorpugo: raises $0.75 to $1.50
brocky29: calls $0.75
*** TURN *** [Tc Js Jh] [6s]
Lorpugo: bets $1
brocky29: folds 
Uncalled bet ($1) returned to Lorpugo
Lorpugo collected $4.75 from pot
Lorpugo: doesn't show hand 
*** SUMMARY ***
Total pot $5 | Rake $0.25 
Board [Tc Js Jh 6s]
Seat 1: brocky29 (button) (small blind) folded on the Turn
Seat 2: Lorpugo (big blind) collected ($4.75)



PokerStars Zoom Hand #241350242035:  Hold'em No Limit ($0.25/$0.50 - $10 Cap - ) - 2023/01/23 16:36:35 ET
Table 'Alpha Reticuli (Cap)' 2-max Seat #1 is the button
Seat 1: brocky29 ($11.10 in chips) 
Seat 2: Lorpugo ($35 in chips) 
brocky29: posts small blind $0.25
Lorpugo: posts big blind $0.50
*** HOLE CARDS ***
Dealt to Lorpugo [Ks Qh]
brocky29: raises $0.50 to $1
Lorpugo: raises $2 to $3
brocky29: folds 
Uncalled bet ($2) returned to Lorpugo
Lorpugo collected $2 from pot
Lorpugo: doesn't show hand 
*** SUMMARY ***
Total pot $2 | Rake $0 
Seat 1: brocky29 (button) (small blind) folded before Flop
Seat 2: Lorpugo (big blind) collected ($2)



PokerStars Zoom Hand #241350251921:  Hold'em No Limit ($0.25/$0.50 - $10 Cap - ) - 2023/01/23 16:36:58 ET
Table 'Alpha Reticuli (Cap)' 2-max Seat #1 is the button
Seat 1: Lorpugo ($36 in chips) 
Seat 2: Freakriderz ($32.63 in chips) 
Lorpugo: posts small blind $0.25
Freakriderz: posts big blind $0.50
*** HOLE CARDS ***
Dealt to Lorpugo [As Qc]
Lorpugo: raises $0.50 to $1
Freakriderz: calls $0.50
*** FLOP *** [2s Jc 8s]
Freakriderz: checks 
Lorpugo: checks 
*** TURN *** [2s Jc 8s] [Th]
Freakriderz: bets $0.97
Lorpugo: calls $0.97
*** RIVER *** [2s Jc 8s Th] [7s]
Freakriderz: checks 
Lorpugo: checks 
*** SHOW DOWN ***
Freakriderz: shows [6c Kh] (high card King)
Lorpugo: shows [As Qc] (high card Ace)
Lorpugo collected $3.74 from pot
*** SUMMARY ***
Total pot $3.94 | Rake $0.20 
Board [2s Jc 8s Th 7s]
Seat 1: Lorpugo (button) (small blind) showed [As Qc] and won ($3.74) with high card Ace
Seat 2: Freakriderz (big blind) showed [6c Kh] and lost with high card King



PokerStars Zoom Hand #241350270977:  Hold'em No Limit ($0.25/$0.50 - $10 Cap - ) - 2023/01/23 16:37:43 ET
Table 'Alpha Reticuli (Cap)' 2-max Seat #1 is the button
Seat 1: Lorpugo ($37.77 in chips) 
Seat 2: cristiang1995 ($25.57 in chips) 
Lorpugo: posts small blind $0.25
cristiang1995: posts big blind $0.50
*** HOLE CARDS ***
Dealt to Lorpugo [Jc 9c]
Lorpugo: raises $0.50 to $1
cristiang1995: calls $0.50
*** FLOP *** [7d 8s Ts]
cristiang1995: checks 
Lorpugo: bets $0.63
cristiang1995: folds 
Uncalled bet ($0.63) returned to Lorpugo
Lorpugo collected $1.90 from pot
Lorpugo: doesn't show hand 
*** SUMMARY ***
Total pot $2 | Rake $0.10 
Board [7d 8s Ts]
Seat 1: Lorpugo (button) (small blind) collected ($1.90)
Seat 2: cristiang1995 (big blind) folded on the Flop



PokerStars Zoom Hand #241350279946:  Hold'em No Limit ($0.25/$0.50 - $10 Cap - ) - 2023/01/23 16:38:04 ET
Table 'Alpha Reticuli (Cap)' 2-max Seat #1 is the button
Seat 1: Lorpugo ($38.67 in chips) 
Seat 2: nasserterapia ($6.60 in chips) 
Lorpugo: posts small blind $0.25
nasserterapia: posts big blind $0.50
*** HOLE CARDS ***
Dealt to Lorpugo [Js 8d]
Lorpugo: raises $0.50 to $1
nasserterapia: raises $5.60 to $6.60 and is all-in
Lorpugo: folds 
Uncalled bet ($5.60) returned to nasserterapia
nasserterapia collected $2 from pot
nasserterapia: doesn't show hand 
*** SUMMARY ***
Total pot $2 | Rake $0 
Seat 1: Lorpugo (button) (small blind) folded before Flop
Seat 2: nasserterapia (big blind) collected ($2)



PokerStars Zoom Hand #241350285468:  Hold'em No Limit ($0.25/$0.50 - $10 Cap - ) - 2023/01/23 16:38:17 ET
Table 'Alpha Reticuli (Cap)' 2-max Seat #1 is the button
Seat 1: Rocko_Barocco ($6.41 in chips) 
Seat 2: Lorpugo ($37.67 in chips) 
Rocko_Barocco: posts small blind $0.25
Lorpugo: posts big blind $0.50
*** HOLE CARDS ***
Dealt to Lorpugo [4h 6h]
Rocko_Barocco: calls $0.25
Lorpugo: raises $0.75 to $1.25
Rocko_Barocco: calls $0.75
*** FLOP *** [Jh Kc 7c]
Lorpugo: bets $0.79
Rocko_Barocco: calls $0.79
*** TURN *** [Jh Kc 7c] [9h]
Lorpugo: bets $7.96 and has reached the $10 cap
Rocko_Barocco: calls $4.37 and is all-in
Uncalled bet ($3.59) returned to Lorpugo
*** RIVER *** [Jh Kc 7c 9h] [5c]
*** SHOW DOWN ***
Lorpugo: shows [4h 6h] (high card King)
Rocko_Barocco: shows [Kd 4d] (a pair of Kings)
Rocko_Barocco collected $12.18 from pot
*** SUMMARY ***
Total pot $12.82 | Rake $0.64 
Board [Jh Kc 7c 9h 5c]
Seat 1: Rocko_Barocco (button) (small blind) showed [Kd 4d] and won ($12.18) with a pair of Kings
Seat 2: Lorpugo (big blind) showed [4h 6h] and lost with high card King



PokerStars Zoom Hand #241350298651:  Hold'em No Limit ($0.25/$0.50 - $10 Cap - ) - 2023/01/23 16:38:48 ET
Table 'Alpha Reticuli (Cap)' 2-max Seat #1 is the button
Seat 1: Lorpugo ($31.26 in chips) 
Seat 2: Rocko_Barocco ($12.18 in chips) 
Lorpugo: posts small blind $0.25
Rocko_Barocco: posts big blind $0.50
*** HOLE CARDS ***
Dealt to Lorpugo [2s Tc]
Lorpugo: folds 
Uncalled bet ($0.25) returned to Rocko_Barocco
Rocko_Barocco collected $0.50 from pot
Rocko_Barocco: doesn't show hand 
*** SUMMARY ***
Total pot $0.50 | Rake $0 
Seat 1: Lorpugo (button) (small blind) folded before Flop
Seat 2: Rocko_Barocco (big blind) collected ($0.50)



PokerStars Zoom Hand #241350302447:  Hold'em No Limit ($0.25/$0.50 - $10 Cap - ) - 2023/01/23 16:38:57 ET
Table 'Alpha Reticuli (Cap)' 2-max Seat #1 is the button
Seat 1: Rocko_Barocco ($12.43 in chips) 
Seat 2: Lorpugo ($31.01 in chips) 
Rocko_Barocco: posts small blind $0.25
Lorpugo: posts big blind $0.50
*** HOLE CARDS ***
Dealt to Lorpugo [9c Qc]
Rocko_Barocco: raises $1 to $1.50
Lorpugo: calls $1
*** FLOP *** [4s 3s 8s]
Lorpugo: checks 
Rocko_Barocco: bets $2.85
Lorpugo: folds 
Uncalled bet ($2.85) returned to Rocko_Barocco
Rocko_Barocco collected $2.85 from pot
Rocko_Barocco: doesn't show hand 
*** SUMMARY ***
Total pot $3 | Rake $0.15 
Board [4s 3s 8s]
Seat 1: Rocko_Barocco (button) (small blind) collected ($2.85)
Seat 2: Lorpugo (big blind) folded on the Flop



PokerStars Zoom Hand #241350308354:  Hold'em No Limit ($0.25/$0.50 - $10 Cap - ) - 2023/01/23 16:39:11 ET
Table 'Alpha Reticuli (Cap)' 2-max Seat #1 is the button
Seat 1: Lorpugo ($29.51 in chips) 
Seat 2: Rocko_Barocco ($13.78 in chips) 
Lorpugo: posts small blind $0.25
Rocko_Barocco: posts big blind $0.50
*** HOLE CARDS ***
Dealt to Lorpugo [4s Qc]
Lorpugo: raises $0.50 to $1
Rocko_Barocco: calls $0.50
*** FLOP *** [6d 8c 6h]
Rocko_Barocco: checks 
Lorpugo: bets $0.50
Rocko_Barocco: calls $0.50
*** TURN *** [6d 8c 6h] [9s]
Rocko_Barocco: checks 
Lorpugo: checks 
*** RIVER *** [6d 8c 6h 9s] [8s]
Rocko_Barocco: checks 
Lorpugo: bets $2.50
Rocko_Barocco: folds 
Uncalled bet ($2.50) returned to Lorpugo
Lorpugo collected $2.85 from pot
Lorpugo: doesn't show hand 
*** SUMMARY ***
Total pot $3 | Rake $0.15 
Board [6d 8c 6h 9s 8s]
Seat 1: Lorpugo (button) (small blind) collected ($2.85)
Seat 2: Rocko_Barocco (big blind) folded on the River



PokerStars Zoom Hand #241350330540:  Hold'em No Limit ($0.25/$0.50 - $10 Cap - ) - 2023/01/23 16:40:04 ET
Table 'Alpha Reticuli (Cap)' 2-max Seat #1 is the button
Seat 1: Rocko_Barocco ($12.28 in chips) 
Seat 2: Lorpugo ($30.86 in chips) 
Rocko_Barocco: posts small blind $0.25
Lorpugo: posts big blind $0.50
*** HOLE CARDS ***
Dealt to Lorpugo [4s Ad]
Rocko_Barocco: calls $0.25
Lorpugo: raises $1.50 to $2
Rocko_Barocco: folds 
Uncalled bet ($1.50) returned to Lorpugo
Lorpugo collected $1 from pot
Lorpugo: doesn't show hand 
*** SUMMARY ***
Total pot $1 | Rake $0 
Seat 1: Rocko_Barocco (button) (small blind) folded before Flop
Seat 2: Lorpugo (big blind) collected ($1)



PokerStars Zoom Hand #241350335826:  Hold'em No Limit ($0.25/$0.50 - $10 Cap - ) - 2023/01/23 16:40:17 ET
Table 'Alpha Reticuli (Cap)' 2-max Seat #1 is the button
Seat 1: Lorpugo ($31.36 in chips) 
Seat 2: Rocko_Barocco ($11.78 in chips) 
Lorpugo: posts small blind $0.25
Rocko_Barocco: posts big blind $0.50
*** HOLE CARDS ***
Dealt to Lorpugo [9s 6c]
Lorpugo: raises $0.50 to $1
Rocko_Barocco: calls $0.50
*** FLOP *** [9d Td Qc]
Rocko_Barocco: checks 
Lorpugo: checks 
*** TURN *** [9d Td Qc] [7c]
Rocko_Barocco: bets $0.95
Lorpugo: folds 
Uncalled bet ($0.95) returned to Rocko_Barocco
Rocko_Barocco collected $1.90 from pot
Rocko_Barocco: doesn't show hand 
*** SUMMARY ***
Total pot $2 | Rake $0.10 
Board [9d Td Qc 7c]
Seat 1: Lorpugo (button) (small blind) folded on the Turn
Seat 2: Rocko_Barocco (big blind) collected ($1.90)



PokerStars Zoom Hand #241350345675:  Hold'em No Limit ($0.25/$0.50 - $10 Cap - ) - 2023/01/23 16:40:40 ET
Table 'Alpha Reticuli (Cap)' 2-max Seat #1 is the button
Seat 1: Freakriderz ($38.47 in chips) 
Seat 2: Lorpugo ($30.36 in chips) 
Freakriderz: posts small blind $0.25
Lorpugo: posts big blind $0.50
*** HOLE CARDS ***
Dealt to Lorpugo [Js Tc]
Freakriderz: raises $0.50 to $1
Lorpugo: calls $0.50
*** FLOP *** [7c 6d 3s]
Lorpugo: checks 
Freakriderz: bets $1
Lorpugo: calls $1
*** TURN *** [7c 6d 3s] [9c]
Lorpugo: checks 
Freakriderz: bets $2.44
Lorpugo: calls $2.44
*** RIVER *** [7c 6d 3s 9c] [2h]
Lorpugo: checks 
Freakriderz: checks 
*** SHOW DOWN ***
Lorpugo: shows [Js Tc] (high card Jack)
Freakriderz: shows [5h Kc] (high card King)
Freakriderz collected $8.33 from pot
*** SUMMARY ***
Total pot $8.88 | Rake $0.55 
Board [7c 6d 3s 9c 2h]
Seat 1: Freakriderz (button) (small blind) showed [5h Kc] and won ($8.33) with high card King
Seat 2: Lorpugo (big blind) showed [Js Tc] and lost with high card Jack



PokerStars Zoom Hand #241350360054:  Hold'em No Limit ($0.25/$0.50 - $10 Cap - ) - 2023/01/23 16:41:14 ET
Table 'Alpha Reticuli (Cap)' 2-max Seat #1 is the button
Seat 1: Lorpugo ($25.92 in chips) 
Seat 2: Freakriderz ($42.36 in chips) 
Lorpugo: posts small blind $0.25
Freakriderz: posts big blind $0.50
*** HOLE CARDS ***
Dealt to Lorpugo [5s 4s]
Lorpugo: raises $0.50 to $1
Freakriderz: folds 
Uncalled bet ($0.50) returned to Lorpugo
Lorpugo collected $1 from pot
Lorpugo: doesn't show hand 
*** SUMMARY ***
Total pot $1 | Rake $0 
Seat 1: Lorpugo (button) (small blind) collected ($1)
Seat 2: Freakriderz (big blind) folded before Flop



PokerStars Zoom Hand #241350364772:  Hold'em No Limit ($0.25/$0.50 - $10 Cap - ) - 2023/01/23 16:41:25 ET
Table 'Alpha Reticuli (Cap)' 2-max Seat #1 is the button
Seat 1: Freakriderz ($41.86 in chips) 
Seat 2: Lorpugo ($26.42 in chips) 
Freakriderz: posts small blind $0.25
Lorpugo: posts big blind $0.50
*** HOLE CARDS ***
Dealt to Lorpugo [8d 3d]
Freakriderz: raises $0.50 to $1
Lorpugo: folds 
Uncalled bet ($0.50) returned to Freakriderz
Freakriderz collected $1 from pot
Freakriderz: doesn't show hand 
*** SUMMARY ***
Total pot $1 | Rake $0 
Seat 1: Freakriderz (button) (small blind) collected ($1)
Seat 2: Lorpugo (big blind) folded before Flop



PokerStars Zoom Hand #241350367585:  Hold'em No Limit ($0.25/$0.50 - $10 Cap - ) - 2023/01/23 16:41:32 ET
Table 'Alpha Reticuli (Cap)' 2-max Seat #1 is the button
Seat 1: Lorpugo ($25.92 in chips) 
Seat 2: Freakriderz ($42.36 in chips) 
Lorpugo: posts small blind $0.25
Freakriderz: posts big blind $0.50
*** HOLE CARDS ***
Dealt to Lorpugo [9h 3c]
Lorpugo: folds 
Uncalled bet ($0.25) returned to Freakriderz
Freakriderz collected $0.50 from pot
Freakriderz: doesn't show hand 
*** SUMMARY ***
Total pot $0.50 | Rake $0 
Seat 1: Lorpugo (button) (small blind) folded before Flop
Seat 2: Freakriderz (big blind) collected ($0.50)



PokerStars Zoom Hand #241350370179:  Hold'em No Limit ($0.25/$0.50 - $10 Cap - ) - 2023/01/23 16:41:38 ET
Table 'Alpha Reticuli (Cap)' 2-max Seat #1 is the button
Seat 1: Freakriderz ($42.61 in chips) 
Seat 2: Lorpugo ($25.67 in chips) 
Freakriderz: posts small blind $0.25
Lorpugo: posts big blind $0.50
*** HOLE CARDS ***
Dealt to Lorpugo [4d As]
Freakriderz: raises $0.50 to $1
Lorpugo: calls $0.50
*** FLOP *** [2d 5h 2h]
Lorpugo: checks 
Freakriderz: bets $1
Lorpugo: calls $1
*** TURN *** [2d 5h 2h] [Jc]
Lorpugo: checks 
Freakriderz: bets $1.50
Lorpugo: calls $1.50
*** RIVER *** [2d 5h 2h Jc] [Td]
Lorpugo: checks 
Freakriderz: checks 
*** SHOW DOWN ***
Lorpugo: shows [4d As] (a pair of Deuces)
Freakriderz: shows [5d 7c] (two pair, Fives and Deuces)
Freakriderz collected $6.56 from pot
*** SUMMARY ***
Total pot $7 | Rake $0.44 
Board [2d 5h 2h Jc Td]
Seat 1: Freakriderz (button) (small blind) showed [5d 7c] and won ($6.56) with two pair, Fives and Deuces
Seat 2: Lorpugo (big blind) showed [4d As] and lost with a pair of Deuces



PokerStars Zoom Hand #241350381353:  Hold'em No Limit ($0.25/$0.50 - $10 Cap - ) - 2023/01/23 16:42:04 ET
Table 'Alpha Reticuli (Cap)' 2-max Seat #1 is the button
Seat 1: Lorpugo ($22.17 in chips) 
Seat 2: Freakriderz ($45.67 in chips) 
Lorpugo: posts small blind $0.25
Freakriderz: posts big blind $0.50
*** HOLE CARDS ***
Dealt to Lorpugo [Qs 5h]
Lorpugo: raises $0.50 to $1
Freakriderz: calls $0.50
*** FLOP *** [4s 3d Ac]
Freakriderz: checks 
Lorpugo: bets $0.95
Freakriderz: calls $0.95
*** TURN *** [4s 3d Ac] [Kh]
Freakriderz: checks 
Lorpugo: bets $2.44
Freakriderz: raises $5.61 to $8.05 and has reached the $10 cap
Lorpugo: folds 
Uncalled bet ($5.61) returned to Freakriderz
Freakriderz collected $8.23 from pot
Freakriderz: doesn't show hand 
*** SUMMARY ***
Total pot $8.78 | Rake $0.55 
Board [4s 3d Ac Kh]
Seat 1: Lorpugo (button) (small blind) folded on the Turn
Seat 2: Freakriderz (big blind) collected ($8.23)



PokerStars Zoom Hand #241350393761:  Hold'em No Limit ($0.25/$0.50 - $10 Cap - ) - 2023/01/23 16:42:34 ET
Table 'Alpha Reticuli (Cap)' 2-max Seat #1 is the button
Seat 1: cristiang1995 ($14.97 in chips) 
Seat 2: Lorpugo ($17.78 in chips) 
cristiang1995: posts small blind $0.25
Lorpugo: posts big blind $0.50
*** HOLE CARDS ***
Dealt to Lorpugo [4s Td]
cristiang1995: calls $0.25
Lorpugo: checks 
*** FLOP *** [7d Th Tc]
Lorpugo: checks 
cristiang1995: checks 
*** TURN *** [7d Th Tc] [9h]
Lorpugo: bets $0.50
cristiang1995: calls $0.50
*** RIVER *** [7d Th Tc 9h] [9d]
Lorpugo: bets $3
cristiang1995: folds 
Uncalled bet ($3) returned to Lorpugo
Lorpugo collected $1.90 from pot
Lorpugo: doesn't show hand 
*** SUMMARY ***
Total pot $2 | Rake $0.10 
Board [7d Th Tc 9h 9d]
Seat 1: cristiang1995 (button) (small blind) folded on the River
Seat 2: Lorpugo (big blind) collected ($1.90)



PokerStars Zoom Hand #241350408720:  Hold'em No Limit ($0.25/$0.50 - $10 Cap - ) - 2023/01/23 16:43:09 ET
Table 'Alpha Reticuli (Cap)' 2-max Seat #1 is the button
Seat 1: Freakriderz ($46.51 in chips) 
Seat 2: Lorpugo ($18.68 in chips) 
Freakriderz: posts small blind $0.25
Lorpugo: posts big blind $0.50
*** HOLE CARDS ***
Dealt to Lorpugo [7c 3s]
Freakriderz: raises $0.50 to $1
Lorpugo: folds 
Uncalled bet ($0.50) returned to Freakriderz
Freakriderz collected $1 from pot
Freakriderz: doesn't show hand 
*** SUMMARY ***
Total pot $1 | Rake $0 
Seat 1: Freakriderz (button) (small blind) collected ($1)
Seat 2: Lorpugo (big blind) folded before Flop



PokerStars Zoom Hand #241350411734:  Hold'em No Limit ($0.25/$0.50 - $10 Cap - ) - 2023/01/23 16:43:16 ET
Table 'Alpha Reticuli (Cap)' 2-max Seat #1 is the button
Seat 1: Lorpugo ($18.18 in chips) 
Seat 2: cristiang1995 ($14.42 in chips) 
Lorpugo: posts small blind $0.25
cristiang1995: posts big blind $0.50
*** HOLE CARDS ***
Dealt to Lorpugo [Qh Tc]
Lorpugo: raises $0.50 to $1
cristiang1995: calls $0.50
*** FLOP *** [7d 2c Kd]
cristiang1995: checks 
Lorpugo: bets $0.63
cristiang1995: folds 
Uncalled bet ($0.63) returned to Lorpugo
Lorpugo collected $1.90 from pot
Lorpugo: doesn't show hand 
*** SUMMARY ***
Total pot $2 | Rake $0.10 
Board [7d 2c Kd]
Seat 1: Lorpugo (button) (small blind) collected ($1.90)
Seat 2: cristiang1995 (big blind) folded on the Flop



PokerStars Zoom Hand #241350431368:  Hold'em No Limit ($0.25/$0.50 - $10 Cap - ) - 2023/01/23 16:44:04 ET
Table 'Alpha Reticuli (Cap)' 2-max Seat #1 is the button
Seat 1: Freakriderz ($46.26 in chips) 
Seat 2: Lorpugo ($19.08 in chips) 
Freakriderz: posts small blind $0.25
Lorpugo: posts big blind $0.50
*** HOLE CARDS ***
Dealt to Lorpugo [4s Kh]
Freakriderz: folds 
Uncalled bet ($0.25) returned to Lorpugo
Lorpugo collected $0.50 from pot
Lorpugo: doesn't show hand 
*** SUMMARY ***
Total pot $0.50 | Rake $0 
Seat 1: Freakriderz (button) (small blind) folded before Flop
Seat 2: Lorpugo (big blind) collected ($0.50)



PokerStars Zoom Hand #241350441113:  Hold'em No Limit ($0.25/$0.50 - $10 Cap - ) - 2023/01/23 16:44:27 ET
Table 'Alpha Reticuli (Cap)' 2-max Seat #1 is the button
Seat 1: Lorpugo ($19.33 in chips) 
Seat 2: Freakriderz ($44.51 in chips) 
Lorpugo: posts small blind $0.25
Freakriderz: posts big blind $0.50
*** HOLE CARDS ***
Dealt to Lorpugo [9d As]
Lorpugo: raises $0.50 to $1
Freakriderz: folds 
Uncalled bet ($0.50) returned to Lorpugo
Lorpugo collected $1 from pot
Lorpugo: doesn't show hand 
*** SUMMARY ***
Total pot $1 | Rake $0 
Seat 1: Lorpugo (button) (small blind) collected ($1)
Seat 2: Freakriderz (big blind) folded before Flop



PokerStars Zoom Hand #241350451157:  Hold'em No Limit ($0.25/$0.50 - $10 Cap - ) - 2023/01/23 16:44:51 ET
Table 'Alpha Reticuli (Cap)' 2-max Seat #1 is the button
Seat 1: Rocko_Barocco ($15.74 in chips) 
Seat 2: Lorpugo ($19.83 in chips) 
Rocko_Barocco: posts small blind $0.25
Lorpugo: posts big blind $0.50
*** HOLE CARDS ***
Dealt to Lorpugo [Kc 7d]
Rocko_Barocco: raises $1 to $1.50
Lorpugo: folds 
Uncalled bet ($1) returned to Rocko_Barocco
Rocko_Barocco collected $1 from pot
Rocko_Barocco: doesn't show hand 
*** SUMMARY ***
Total pot $1 | Rake $0 
Seat 1: Rocko_Barocco (button) (small blind) collected ($1)
Seat 2: Lorpugo (big blind) folded before Flop



PokerStars Zoom Hand #241350455707:  Hold'em No Limit ($0.25/$0.50 - $10 Cap - ) - 2023/01/23 16:45:02 ET
Table 'Alpha Reticuli (Cap)' 2-max Seat #1 is the button
Seat 1: bigiuadrian ($36.06 in chips) 
Seat 2: Lorpugo ($19.33 in chips) 
bigiuadrian: posts small blind $0.25
Lorpugo: posts big blind $0.50
*** HOLE CARDS ***
Dealt to Lorpugo [Jh 8h]
bigiuadrian: folds 
Uncalled bet ($0.25) returned to Lorpugo
Lorpugo collected $0.50 from pot
Lorpugo: doesn't show hand 
*** SUMMARY ***
Total pot $0.50 | Rake $0 
Seat 1: bigiuadrian (button) (small blind) folded before Flop
Seat 2: Lorpugo (big blind) collected ($0.50)



PokerStars Zoom Hand #241350461706:  Hold'em No Limit ($0.25/$0.50 - $10 Cap - ) - 2023/01/23 16:45:16 ET
Table 'Alpha Reticuli (Cap)' 2-max Seat #1 is the button
Seat 1: Lorpugo ($19.58 in chips) 
Seat 2: bigiuadrian ($35.56 in chips) 
Lorpugo: posts small blind $0.25
bigiuadrian: posts big blind $0.50
*** HOLE CARDS ***
Dealt to Lorpugo [3d Kd]
Lorpugo: raises $0.50 to $1
bigiuadrian: folds 
Uncalled bet ($0.50) returned to Lorpugo
Lorpugo collected $1 from pot
Lorpugo: doesn't show hand 
*** SUMMARY ***
Total pot $1 | Rake $0 
Seat 1: Lorpugo (button) (small blind) collected ($1)
Seat 2: bigiuadrian (big blind) folded before Flop



PokerStars Zoom Hand #241350468904:  Hold'em No Limit ($0.25/$0.50 - $10 Cap - ) - 2023/01/23 16:45:33 ET
Table 'Alpha Reticuli (Cap)' 2-max Seat #1 is the button
Seat 1: Freakriderz ($43.26 in chips) 
Seat 2: Lorpugo ($20.08 in chips) 
Freakriderz: posts small blind $0.25
Lorpugo: posts big blind $0.50
*** HOLE CARDS ***
Dealt to Lorpugo [6d Ad]
Freakriderz: raises $0.50 to $1
Lorpugo: raises $2 to $3
Freakriderz: folds 
Uncalled bet ($2) returned to Lorpugo
Lorpugo collected $2 from pot
Lorpugo: doesn't show hand 
*** SUMMARY ***
Total pot $2 | Rake $0 
Seat 1: Freakriderz (button) (small blind) folded before Flop
Seat 2: Lorpugo (big blind) collected ($2)



PokerStars Zoom Hand #241350482089:  Hold'em No Limit ($0.25/$0.50 - $10 Cap - ) - 2023/01/23 16:46:04 ET
Table 'Alpha Reticuli (Cap)' 2-max Seat #1 is the button
Seat 1: Lorpugo ($21.08 in chips) 
Seat 2: cristiang1995 ($23.66 in chips) 
Lorpugo: posts small blind $0.25
cristiang1995: posts big blind $0.50
*** HOLE CARDS ***
Dealt to Lorpugo [9s Qc]
Lorpugo: raises $0.50 to $1
cristiang1995: calls $0.50
*** FLOP *** [7c 5d 6h]
cristiang1995: checks 
Lorpugo: bets $0.63
cristiang1995: calls $0.63
*** TURN *** [7c 5d 6h] [9c]
cristiang1995: checks 
Lorpugo: bets $0.50
cristiang1995: calls $0.50
*** RIVER *** [7c 5d 6h 9c] [7d]
cristiang1995: checks 
Lorpugo: checks 
*** SHOW DOWN ***
cristiang1995: shows [5s 6d] (two pair, Sevens and Sixes)
Lorpugo: shows [9s Qc] (two pair, Nines and Sevens)
Lorpugo collected $4.05 from pot
*** SUMMARY ***
Total pot $4.26 | Rake $0.21 
Board [7c 5d 6h 9c 7d]
Seat 1: Lorpugo (button) (small blind) showed [9s Qc] and won ($4.05) with two pair, Nines and Sevens
Seat 2: cristiang1995 (big blind) showed [5s 6d] and lost with two pair, Sevens and Sixes



PokerStars Zoom Hand #241350499301:  Hold'em No Limit ($0.25/$0.50 - $10 Cap - ) - 2023/01/23 16:46:44 ET
Table 'Alpha Reticuli (Cap)' 2-max Seat #1 is the button
Seat 1: Freakriderz ($37.97 in chips) 
Seat 2: Lorpugo ($23 in chips) 
Freakriderz: posts small blind $0.25
Lorpugo: posts big blind $0.50
*** HOLE CARDS ***
Dealt to Lorpugo [Ah 2d]
Freakriderz: raises $0.50 to $1
Lorpugo: calls $0.50
*** FLOP *** [Th 8h 8c]
Lorpugo: checks 
Freakriderz: bets $0.97
Lorpugo: raises $0.97 to $1.94
Freakriderz: calls $0.97
*** TURN *** [Th 8h 8c] [2c]
Lorpugo: checks 
Freakriderz: checks 
*** RIVER *** [Th 8h 8c 2c] [Qh]
Lorpugo: checks 
Freakriderz: checks 
*** SHOW DOWN ***
Lorpugo: shows [Ah 2d] (two pair, Eights and Deuces)
Freakriderz: mucks hand 
Lorpugo collected $5.59 from pot
*** SUMMARY ***
Total pot $5.88 | Rake $0.29 
Board [Th 8h 8c 2c Qh]
Seat 1: Freakriderz (button) (small blind) mucked [4s Ks]
Seat 2: Lorpugo (big blind) showed [Ah 2d] and won ($5.59) with two pair, Eights and Deuces



PokerStars Zoom Hand #241350514755:  Hold'em No Limit ($0.25/$0.50 - $10 Cap - ) - 2023/01/23 16:47:21 ET
Table 'Alpha Reticuli (Cap)' 2-max Seat #1 is the button
Seat 1: Lorpugo ($25.65 in chips) 
Seat 2: bigiuadrian ($39.92 in chips) 
Lorpugo: posts small blind $0.25
bigiuadrian: posts big blind $0.50
*** HOLE CARDS ***
Dealt to Lorpugo [Ac 7c]
Lorpugo: calls $0.25
bigiuadrian: checks 
*** FLOP *** [5s 2d 6s]
bigiuadrian: checks 
Lorpugo: checks 
*** TURN *** [5s 2d 6s] [7d]
bigiuadrian: bets $1.45
Lorpugo: raises $8.05 to $9.50 and has reached the $10 cap
bigiuadrian: folds 
Uncalled bet ($8.05) returned to Lorpugo
Lorpugo collected $3.70 from pot
Lorpugo: doesn't show hand 
*** SUMMARY ***
Total pot $3.90 | Rake $0.20 
Board [5s 2d 6s 7d]
Seat 1: Lorpugo (button) (small blind) collected ($3.70)
Seat 2: bigiuadrian (big blind) folded on the Turn



PokerStars Zoom Hand #241350526251:  Hold'em No Limit ($0.25/$0.50 - $10 Cap - ) - 2023/01/23 16:47:48 ET
Table 'Alpha Reticuli (Cap)' 2-max Seat #1 is the button
Seat 1: Lorpugo ($27.40 in chips) 
Seat 2: Freakriderz ($34.78 in chips) 
Lorpugo: posts small blind $0.25
Freakriderz: posts big blind $0.50
*** HOLE CARDS ***
Dealt to Lorpugo [Qd 9s]
Lorpugo: raises $0.50 to $1
Freakriderz: folds 
Uncalled bet ($0.50) returned to Lorpugo
Lorpugo collected $1 from pot
Lorpugo: doesn't show hand 
*** SUMMARY ***
Total pot $1 | Rake $0 
Seat 1: Lorpugo (button) (small blind) collected ($1)
Seat 2: Freakriderz (big blind) folded before Flop



PokerStars Zoom Hand #241350531354:  Hold'em No Limit ($0.25/$0.50 - $10 Cap - ) - 2023/01/23 16:48:00 ET
Table 'Alpha Reticuli (Cap)' 2-max Seat #1 is the button
Seat 1: bigiuadrian ($34.97 in chips) 
Seat 2: Lorpugo ($27.90 in chips) 
bigiuadrian: posts small blind $0.25
Lorpugo: posts big blind $0.50
*** HOLE CARDS ***
Dealt to Lorpugo [3s 3c]
bigiuadrian: raises $1 to $1.50
Lorpugo: calls $1
*** FLOP *** [2c Qs 2s]
Lorpugo: checks 
bigiuadrian: bets $2.35
Lorpugo: raises $6.15 to $8.50 and has reached the $10 cap
bigiuadrian: calls $6.15 and has reached the $10 cap
*** TURN *** [2c Qs 2s] [8h]
*** RIVER *** [2c Qs 2s 8h] [6h]
*** SHOW DOWN ***
Lorpugo: shows [3s 3c] (two pair, Threes and Deuces)
bigiuadrian: shows [9s 4s] (a pair of Deuces)
Lorpugo collected $19.25 from pot
*** SUMMARY ***
Total pot $20 | Rake $0.75 
Board [2c Qs 2s 8h 6h]
Seat 1: bigiuadrian (button) (small blind) showed [9s 4s] and lost with a pair of Deuces
Seat 2: Lorpugo (big blind) showed [3s 3c] and won ($19.25) with two pair, Threes and Deuces



PokerStars Zoom Hand #241350540704:  Hold'em No Limit ($0.25/$0.50 - $10 Cap - ) - 2023/01/23 16:48:22 ET
Table 'Alpha Reticuli (Cap)' 2-max Seat #1 is the button
Seat 1: Freakriderz ($34.72 in chips) 
Seat 2: Lorpugo ($37.15 in chips) 
Freakriderz: posts small blind $0.25
Lorpugo: posts big blind $0.50
*** HOLE CARDS ***
Dealt to Lorpugo [Qs 8d]
Freakriderz: folds 
Uncalled bet ($0.25) returned to Lorpugo
Lorpugo collected $0.50 from pot
Lorpugo: doesn't show hand 
*** SUMMARY ***
Total pot $0.50 | Rake $0 
Seat 1: Freakriderz (button) (small blind) folded before Flop
Seat 2: Lorpugo (big blind) collected ($0.50)



PokerStars Zoom Hand #241350543287:  Hold'em No Limit ($0.25/$0.50 - $10 Cap - ) - 2023/01/23 16:48:28 ET
Table 'Alpha Reticuli (Cap)' 2-max Seat #1 is the button
Seat 1: Lorpugo ($37.40 in chips) 
Seat 2: Freakriderz ($34.47 in chips) 
Lorpugo: posts small blind $0.25
Freakriderz: posts big blind $0.50
*** HOLE CARDS ***
Dealt to Lorpugo [Jc Kh]
Lorpugo: raises $0.50 to $1
Freakriderz: calls $0.50
*** FLOP *** [Qs 7s 3s]
Freakriderz: checks 
Lorpugo: bets $0.50
Freakriderz: calls $0.50
*** TURN *** [Qs 7s 3s] [8c]
Freakriderz: checks 
Lorpugo: checks 
*** RIVER *** [Qs 7s 3s 8c] [Jh]
Freakriderz: bets $2.11
Lorpugo: calls $2.11
*** SHOW DOWN ***
Freakriderz: shows [8s Qh] (two pair, Queens and Eights)
Lorpugo: mucks hand 
Freakriderz collected $6.77 from pot
*** SUMMARY ***
Total pot $7.22 | Rake $0.45 
Board [Qs 7s 3s 8c Jh]
Seat 1: Lorpugo (button) (small blind) mucked [Jc Kh]
Seat 2: Freakriderz (big blind) showed [8s Qh] and won ($6.77) with two pair, Queens and Eights



PokerStars Zoom Hand #241350558791:  Hold'em No Limit ($0.25/$0.50 - $10 Cap - ) - 2023/01/23 16:49:04 ET
Table 'Alpha Reticuli (Cap)' 2-max Seat #1 is the button
Seat 1: Freakriderz ($37.63 in chips) 
Seat 2: Lorpugo ($33.79 in chips) 
Freakriderz: posts small blind $0.25
Lorpugo: posts big blind $0.50
*** HOLE CARDS ***
Dealt to Lorpugo [6d Tc]
Freakriderz: raises $0.50 to $1
Lorpugo: folds 
Uncalled bet ($0.50) returned to Freakriderz
Freakriderz collected $1 from pot
Freakriderz: doesn't show hand 
*** SUMMARY ***
Total pot $1 | Rake $0 
Seat 1: Freakriderz (button) (small blind) collected ($1)
Seat 2: Lorpugo (big blind) folded before Flop



PokerStars Zoom Hand #241350563523:  Hold'em No Limit ($0.25/$0.50 - $10 Cap - ) - 2023/01/23 16:49:15 ET
Table 'Alpha Reticuli (Cap)' 2-max Seat #1 is the button
Seat 1: Lorpugo ($33.29 in chips) 
Seat 2: nasserterapia ($8.25 in chips) 
Lorpugo: posts small blind $0.25
nasserterapia: posts big blind $0.50
*** HOLE CARDS ***
Dealt to Lorpugo [4c 7h]
Lorpugo: folds 
Uncalled bet ($0.25) returned to nasserterapia
nasserterapia collected $0.50 from pot
nasserterapia: doesn't show hand 
*** SUMMARY ***
Total pot $0.50 | Rake $0 
Seat 1: Lorpugo (button) (small blind) folded before Flop
Seat 2: nasserterapia (big blind) collected ($0.50)



PokerStars Zoom Hand #241350566072:  Hold'em No Limit ($0.25/$0.50 - $10 Cap - ) - 2023/01/23 16:49:21 ET
Table 'Alpha Reticuli (Cap)' 2-max Seat #1 is the button
Seat 1: nasserterapia ($8.50 in chips) 
Seat 2: Lorpugo ($33.04 in chips) 
nasserterapia: posts small blind $0.25
Lorpugo: posts big blind $0.50
*** HOLE CARDS ***
Dealt to Lorpugo [5c 7h]
nasserterapia: calls $0.25
Lorpugo: checks 
*** FLOP *** [Kd Ts 2c]
Lorpugo: checks 
nasserterapia is connected 
nasserterapia: bets $0.50
Lorpugo: folds 
Uncalled bet ($0.50) returned to nasserterapia
nasserterapia collected $0.95 from pot
nasserterapia: doesn't show hand 
*** SUMMARY ***
Total pot $1 | Rake $0.05 
Board [Kd Ts 2c]
Seat 1: nasserterapia (button) (small blind) collected ($0.95)
Seat 2: Lorpugo (big blind) folded on the Flop



PokerStars Zoom Hand #241350578801:  Hold'em No Limit ($0.25/$0.50 - $10 Cap - ) - 2023/01/23 16:49:51 ET
Table 'Alpha Reticuli (Cap)' 2-max Seat #1 is the button
Seat 1: Lorpugo ($32.54 in chips) 
Seat 2: nasserterapia ($8.95 in chips) 
Lorpugo: posts small blind $0.25
nasserterapia: posts big blind $0.50
*** HOLE CARDS ***
Dealt to Lorpugo [8d Qd]
Lorpugo: raises $0.50 to $1
nasserterapia: calls $0.50
*** FLOP *** [5c Ah 3c]
nasserterapia: bets $0.50
Lorpugo: folds 
Uncalled bet ($0.50) returned to nasserterapia
nasserterapia collected $1.90 from pot
nasserterapia: doesn't show hand 
*** SUMMARY ***
Total pot $2 | Rake $0.10 
Board [5c Ah 3c]
Seat 1: Lorpugo (button) (small blind) folded on the Flop
Seat 2: nasserterapia (big blind) collected ($1.90)



PokerStars Zoom Hand #241350592749:  Hold'em No Limit ($0.25/$0.50 - $10 Cap - ) - 2023/01/23 16:50:24 ET
Table 'Alpha Reticuli (Cap)' 2-max Seat #1 is the button
Seat 1: Lorpugo ($31.54 in chips) 
Seat 2: Rocko_Barocco ($8.99 in chips) 
Lorpugo: posts small blind $0.25
Rocko_Barocco: posts big blind $0.50
*** HOLE CARDS ***
Dealt to Lorpugo [5h 3c]
Lorpugo: folds 
Uncalled bet ($0.25) returned to Rocko_Barocco
Rocko_Barocco collected $0.50 from pot
Rocko_Barocco: doesn't show hand 
*** SUMMARY ***
Total pot $0.50 | Rake $0 
Seat 1: Lorpugo (button) (small blind) folded before Flop
Seat 2: Rocko_Barocco (big blind) collected ($0.50)



PokerStars Zoom Hand #241350594996:  Hold'em No Limit ($0.25/$0.50 - $10 Cap - ) - 2023/01/23 16:50:29 ET
Table 'Alpha Reticuli (Cap)' 2-max Seat #1 is the button
Seat 1: cristiang1995 ($21.38 in chips) 
Seat 2: Lorpugo ($31.29 in chips) 
cristiang1995: posts small blind $0.25
Lorpugo: posts big blind $0.50
*** HOLE CARDS ***
Dealt to Lorpugo [9c 9s]
cristiang1995: calls $0.25
Lorpugo: raises $1 to $1.50
cristiang1995: calls $1
*** FLOP *** [Jc 7s As]
Lorpugo: bets $1.43
cristiang1995: folds 
Uncalled bet ($1.43) returned to Lorpugo
Lorpugo collected $2.85 from pot
Lorpugo: doesn't show hand 
*** SUMMARY ***
Total pot $3 | Rake $0.15 
Board [Jc 7s As]
Seat 1: cristiang1995 (button) (small blind) folded on the Flop
Seat 2: Lorpugo (big blind) collected ($2.85)



PokerStars Zoom Hand #241350602213:  Hold'em No Limit ($0.25/$0.50 - $10 Cap - ) - 2023/01/23 16:50:46 ET
Table 'Alpha Reticuli (Cap)' 2-max Seat #1 is the button
Seat 1: Lorpugo ($32.64 in chips) 
Seat 2: Freakriderz ($36.23 in chips) 
Lorpugo: posts small blind $0.25
Freakriderz: posts big blind $0.50
*** HOLE CARDS ***
Dealt to Lorpugo [Ah 4d]
Lorpugo: raises $0.50 to $1
Freakriderz: folds 
Uncalled bet ($0.50) returned to Lorpugo
Lorpugo collected $1 from pot
Lorpugo: doesn't show hand 
*** SUMMARY ***
Total pot $1 | Rake $0 
Seat 1: Lorpugo (button) (small blind) collected ($1)
Seat 2: Freakriderz (big blind) folded before Flop



PokerStars Zoom Hand #241350606027:  Hold'em No Limit ($0.25/$0.50 - $10 Cap - ) - 2023/01/23 16:50:55 ET
Table 'Alpha Reticuli (Cap)' 2-max Seat #1 is the button
Seat 1: Freakriderz ($35.73 in chips) 
Seat 2: Lorpugo ($33.14 in chips) 
Freakriderz: posts small blind $0.25
Lorpugo: posts big blind $0.50
*** HOLE CARDS ***
Dealt to Lorpugo [Kh 5c]
Freakriderz: folds 
Uncalled bet ($0.25) returned to Lorpugo
Lorpugo collected $0.50 from pot
Lorpugo: doesn't show hand 
*** SUMMARY ***
Total pot $0.50 | Rake $0 
Seat 1: Freakriderz (button) (small blind) folded before Flop
Seat 2: Lorpugo (big blind) collected ($0.50)



PokerStars Zoom Hand #241350608663:  Hold'em No Limit ($0.25/$0.50 - $10 Cap - ) - 2023/01/23 16:51:01 ET
Table 'Alpha Reticuli (Cap)' 2-max Seat #1 is the button
Seat 1: Lorpugo ($33.39 in chips) 
Seat 2: bigiuadrian ($28.75 in chips) 
Lorpugo: posts small blind $0.25
bigiuadrian: posts big blind $0.50
*** HOLE CARDS ***
Dealt to Lorpugo [Qc 5s]
Lorpugo: calls $0.25
bigiuadrian: checks 
*** FLOP *** [Kc 7s 2s]
bigiuadrian: checks 
Lorpugo: bets $0.50
bigiuadrian: raises $1.45 to $1.95
Lorpugo: folds 
Uncalled bet ($1.45) returned to bigiuadrian
bigiuadrian collected $1.90 from pot
bigiuadrian: doesn't show hand 
*** SUMMARY ***
Total pot $2 | Rake $0.10 
Board [Kc 7s 2s]
Seat 1: Lorpugo (button) (small blind) folded on the Flop
Seat 2: bigiuadrian (big blind) collected ($1.90)



PokerStars Zoom Hand #241350617074:  Hold'em No Limit ($0.25/$0.50 - $10 Cap - ) - 2023/01/23 16:51:21 ET
Table 'Alpha Reticuli (Cap)' 2-max Seat #1 is the button
Seat 1: bigiuadrian ($29.65 in chips) 
Seat 2: Lorpugo ($32.39 in chips) 
bigiuadrian: posts small blind $0.25
Lorpugo: posts big blind $0.50
*** HOLE CARDS ***
Dealt to Lorpugo [4c Td]
bigiuadrian: calls $0.25
Lorpugo: checks 
*** FLOP *** [Ac 8h 9s]
Lorpugo: checks 
bigiuadrian: checks 
*** TURN *** [Ac 8h 9s] [Ah]
Lorpugo: bets $0.63
bigiuadrian: calls $0.63
*** RIVER *** [Ac 8h 9s Ah] [8d]
Lorpugo: checks 
bigiuadrian: bets $2.65
Lorpugo: folds 
Uncalled bet ($2.65) returned to bigiuadrian
bigiuadrian collected $2.15 from pot
bigiuadrian: doesn't show hand 
*** SUMMARY ***
Total pot $2.26 | Rake $0.11 
Board [Ac 8h 9s Ah 8d]
Seat 1: bigiuadrian (button) (small blind) collected ($2.15)
Seat 2: Lorpugo (big blind) folded on the River



PokerStars Zoom Hand #241350628119:  Hold'em No Limit ($0.25/$0.50 - $10 Cap - ) - 2023/01/23 16:51:47 ET
Table 'Alpha Reticuli (Cap)' 2-max Seat #1 is the button
Seat 1: Lorpugo ($31.26 in chips) 
Seat 2: bigiuadrian ($30.67 in chips) 
Lorpugo: posts small blind $0.25
bigiuadrian: posts big blind $0.50
*** HOLE CARDS ***
Dealt to Lorpugo [8d 3h]
Lorpugo: folds 
Uncalled bet ($0.25) returned to bigiuadrian
bigiuadrian collected $0.50 from pot
bigiuadrian: doesn't show hand 
*** SUMMARY ***
Total pot $0.50 | Rake $0 
Seat 1: Lorpugo (button) (small blind) folded before Flop
Seat 2: bigiuadrian (big blind) collected ($0.50)



PokerStars Zoom Hand #241350630643:  Hold'em No Limit ($0.25/$0.50 - $10 Cap - ) - 2023/01/23 16:51:54 ET
Table 'Alpha Reticuli (Cap)' 2-max Seat #1 is the button
Seat 1: bigiuadrian ($30.92 in chips) 
Seat 2: Lorpugo ($31.01 in chips) 
bigiuadrian: posts small blind $0.25
Lorpugo: posts big blind $0.50
*** HOLE CARDS ***
Dealt to Lorpugo [4s Jd]
bigiuadrian: calls $0.25
Lorpugo: checks 
*** FLOP *** [Kd 2c 9h]
Lorpugo: checks 
bigiuadrian: checks 
*** TURN *** [Kd 2c 9h] [8d]
Lorpugo: checks 
bigiuadrian: bets $0.95
Lorpugo: folds 
Uncalled bet ($0.95) returned to bigiuadrian
bigiuadrian collected $0.95 from pot
bigiuadrian: doesn't show hand 
*** SUMMARY ***
Total pot $1 | Rake $0.05 
Board [Kd 2c 9h 8d]
Seat 1: bigiuadrian (button) (small blind) collected ($0.95)
Seat 2: Lorpugo (big blind) folded on the Turn



PokerStars Zoom Hand #241350638310:  Hold'em No Limit ($0.25/$0.50 - $10 Cap - ) - 2023/01/23 16:52:12 ET
Table 'Alpha Reticuli (Cap)' 2-max Seat #1 is the button
Seat 1: Lorpugo ($30.51 in chips) 
Seat 2: bigiuadrian ($31.37 in chips) 
Lorpugo: posts small blind $0.25
bigiuadrian: posts big blind $0.50
*** HOLE CARDS ***
Dealt to Lorpugo [6s 8d]
Lorpugo: raises $0.50 to $1
bigiuadrian: raises $9 to $10 and has reached the $10 cap
Lorpugo: folds 
Uncalled bet ($9) returned to bigiuadrian
bigiuadrian collected $2 from pot
bigiuadrian: doesn't show hand 
*** SUMMARY ***
Total pot $2 | Rake $0 
Seat 1: Lorpugo (button) (small blind) folded before Flop
Seat 2: bigiuadrian (big blind) collected ($2)



PokerStars Zoom Hand #241350642159:  Hold'em No Limit ($0.25/$0.50 - $10 Cap - ) - 2023/01/23 16:52:21 ET
Table 'Alpha Reticuli (Cap)' 2-max Seat #1 is the button
Seat 1: bigiuadrian ($32.37 in chips) 
Seat 2: Lorpugo ($29.51 in chips) 
bigiuadrian: posts small blind $0.25
Lorpugo: posts big blind $0.50
*** HOLE CARDS ***
Dealt to Lorpugo [6s 7s]
bigiuadrian: calls $0.25
Lorpugo: raises $1 to $1.50
bigiuadrian: folds 
Uncalled bet ($1) returned to Lorpugo
Lorpugo collected $1 from pot
Lorpugo: doesn't show hand 
*** SUMMARY ***
Total pot $1 | Rake $0 
Seat 1: bigiuadrian (button) (small blind) folded before Flop
Seat 2: Lorpugo (big blind) collected ($1)



PokerStars Zoom Hand #241350645942:  Hold'em No Limit ($0.25/$0.50 - $10 Cap - ) - 2023/01/23 16:52:30 ET
Table 'Alpha Reticuli (Cap)' 2-max Seat #1 is the button
Seat 1: Lorpugo ($30.01 in chips) 
Seat 2: bigiuadrian ($31.87 in chips) 
Lorpugo: posts small blind $0.25
bigiuadrian: posts big blind $0.50
*** HOLE CARDS ***
Dealt to Lorpugo [3s Th]
Lorpugo: folds 
Uncalled bet ($0.25) returned to bigiuadrian
bigiuadrian collected $0.50 from pot
bigiuadrian: doesn't show hand 
*** SUMMARY ***
Total pot $0.50 | Rake $0 
Seat 1: Lorpugo (button) (small blind) folded before Flop
Seat 2: bigiuadrian (big blind) collected ($0.50)



PokerStars Zoom Hand #241350648602:  Hold'em No Limit ($0.25/$0.50 - $10 Cap - ) - 2023/01/23 16:52:36 ET
Table 'Alpha Reticuli (Cap)' 2-max Seat #1 is the button
Seat 1: Lorpugo ($29.76 in chips) 
Seat 2: Freakriderz ($35.23 in chips) 
Lorpugo: posts small blind $0.25
Freakriderz: posts big blind $0.50
*** HOLE CARDS ***
Dealt to Lorpugo [5c 3s]
Lorpugo: folds 
Uncalled bet ($0.25) returned to Freakriderz
Freakriderz collected $0.50 from pot
Freakriderz: doesn't show hand 
*** SUMMARY ***
Total pot $0.50 | Rake $0 
Seat 1: Lorpugo (button) (small blind) folded before Flop
Seat 2: Freakriderz (big blind) collected ($0.50)



PokerStars Zoom Hand #241350651010:  Hold'em No Limit ($0.25/$0.50 - $10 Cap - ) - 2023/01/23 16:52:42 ET
Table 'Alpha Reticuli (Cap)' 2-max Seat #1 is the button
Seat 1: nasserterapia ($4.34 in chips) 
Seat 2: Lorpugo ($29.51 in chips) 
nasserterapia: posts small blind $0.25
Lorpugo: posts big blind $0.50
*** HOLE CARDS ***
Dealt to Lorpugo [5h As]
nasserterapia: calls $0.25
Lorpugo: raises $9.50 to $10 and has reached the $10 cap
nasserterapia: calls $3.84 and is all-in
Uncalled bet ($5.66) returned to Lorpugo
*** FLOP *** [6d Qc 4s]
*** TURN *** [6d Qc 4s] [8d]
*** RIVER *** [6d Qc 4s 8d] [8c]
*** SHOW DOWN ***
Lorpugo: shows [5h As] (a pair of Eights)
nasserterapia: shows [9c Kc] (a pair of Eights - lower kicker)
Lorpugo collected $8.25 from pot
*** SUMMARY ***
Total pot $8.68 | Rake $0.43 
Board [6d Qc 4s 8d 8c]
Seat 1: nasserterapia (button) (small blind) showed [9c Kc] and lost with a pair of Eights
Seat 2: Lorpugo (big blind) showed [5h As] and won ($8.25) with a pair of Eights



