PokerStars Zoom Hand #240918804300:  Hold'em No Limit ($0.25/$0.50) - 2023/01/04 19:50:29 ET
Table 'C Carinae' 2-max Seat #1 is the button
Seat 1: Karol Krzym ($50 in chips) 
Seat 2: Lorpugo ($25 in chips) 
Karol Krzym: posts small blind $0.25
Lorpugo: posts big blind $0.50
*** HOLE CARDS ***
Dealt to Lorpugo [5c Kc]
Karol Krzym: folds 
Uncalled bet ($0.25) returned to Lorpugo
Lorpugo collected $0.50 from pot
Lorpugo: doesn't show hand 
*** SUMMARY ***
Total pot $0.50 | Rake $0 
Seat 1: Karol Krzym (button) (small blind) folded before Flop
Seat 2: Lorpugo (big blind) collected ($0.50)



PokerStars Zoom Hand #240918805894:  Hold'em No Limit ($0.25/$0.50) - 2023/01/04 19:50:35 ET
Table 'C Carinae' 2-max Seat #1 is the button
Seat 1: Lorpugo ($25.25 in chips) 
Seat 2: ceedsie ($87.50 in chips) 
Lorpugo: posts small blind $0.25
ceedsie: posts big blind $0.50
*** HOLE CARDS ***
Dealt to Lorpugo [8d 7s]
Lorpugo: raises $0.50 to $1
ceedsie: calls $0.50
*** FLOP *** [9c 6d Th]
ceedsie: bets $1.14
Lorpugo: raises $2.76 to $3.90
ceedsie: calls $2.76
*** TURN *** [9c 6d Th] [Kc]
ceedsie: checks 
Lorpugo: bets $5
ceedsie: folds 
Uncalled bet ($5) returned to Lorpugo
Lorpugo collected $9.31 from pot
Lorpugo: doesn't show hand 
*** SUMMARY ***
Total pot $9.80 | Rake $0.49 
Board [9c 6d Th Kc]
Seat 1: Lorpugo (button) (small blind) collected ($9.31)
Seat 2: ceedsie (big blind) folded on the Turn



PokerStars Zoom Hand #240918814810:  Hold'em No Limit ($0.25/$0.50) - 2023/01/04 19:51:09 ET
Table 'C Carinae' 2-max Seat #1 is the button
Seat 1: guillermo324 ($35.87 in chips) 
Seat 2: Lorpugo ($29.66 in chips) 
guillermo324: posts small blind $0.25
Lorpugo: posts big blind $0.50
*** HOLE CARDS ***
Dealt to Lorpugo [8s Ad]
guillermo324: folds 
Uncalled bet ($0.25) returned to Lorpugo
Lorpugo collected $0.50 from pot
Lorpugo: doesn't show hand 
*** SUMMARY ***
Total pot $0.50 | Rake $0 
Seat 1: guillermo324 (button) (small blind) folded before Flop
Seat 2: Lorpugo (big blind) collected ($0.50)



PokerStars Zoom Hand #240918816963:  Hold'em No Limit ($0.25/$0.50) - 2023/01/04 19:51:17 ET
Table 'C Carinae' 2-max Seat #1 is the button
Seat 1: tng5627 ($55.03 in chips) 
Seat 2: Lorpugo ($29.91 in chips) 
tng5627: posts small blind $0.25
Lorpugo: posts big blind $0.50
*** HOLE CARDS ***
Dealt to Lorpugo [4s 3s]
tng5627: raises $0.60 to $1.10
Lorpugo: calls $0.60
*** FLOP *** [8d 9c Jd]
Lorpugo: checks 
tng5627: bets $0.69
Lorpugo: folds 
Uncalled bet ($0.69) returned to tng5627
tng5627 collected $2.09 from pot
tng5627: doesn't show hand 
*** SUMMARY ***
Total pot $2.20 | Rake $0.11 
Board [8d 9c Jd]
Seat 1: tng5627 (button) (small blind) collected ($2.09)
Seat 2: Lorpugo (big blind) folded on the Flop



PokerStars Zoom Hand #240918822098:  Hold'em No Limit ($0.25/$0.50) - 2023/01/04 19:51:36 ET
Table 'C Carinae' 2-max Seat #1 is the button
Seat 1: Lorpugo ($28.81 in chips) 
Seat 2: Mr_Rake_Back ($40.31 in chips) 
Lorpugo: posts small blind $0.25
Mr_Rake_Back: posts big blind $0.50
*** HOLE CARDS ***
Dealt to Lorpugo [9h Tc]
Lorpugo: raises $0.50 to $1
Mr_Rake_Back: raises $3 to $4
Lorpugo: folds 
Uncalled bet ($3) returned to Mr_Rake_Back
Mr_Rake_Back collected $2 from pot
Mr_Rake_Back: doesn't show hand 
*** SUMMARY ***
Total pot $2 | Rake $0 
Seat 1: Lorpugo (button) (small blind) folded before Flop
Seat 2: Mr_Rake_Back (big blind) collected ($2)



PokerStars Zoom Hand #240918825841:  Hold'em No Limit ($0.25/$0.50) - 2023/01/04 19:51:50 ET
Table 'C Carinae' 2-max Seat #1 is the button
Seat 1: masakazuid ($51 in chips) 
Seat 2: Lorpugo ($27.81 in chips) 
masakazuid: posts small blind $0.25
Lorpugo: posts big blind $0.50
*** HOLE CARDS ***
Dealt to Lorpugo [Qh 4c]
masakazuid: folds 
Uncalled bet ($0.25) returned to Lorpugo
Lorpugo collected $0.50 from pot
Lorpugo: doesn't show hand 
*** SUMMARY ***
Total pot $0.50 | Rake $0 
Seat 1: masakazuid (button) (small blind) folded before Flop
Seat 2: Lorpugo (big blind) collected ($0.50)



PokerStars Zoom Hand #240918827748:  Hold'em No Limit ($0.25/$0.50) - 2023/01/04 19:51:57 ET
Table 'C Carinae' 2-max Seat #1 is the button
Seat 1: Lorpugo ($28.06 in chips) 
Seat 2: Mr_Rake_Back ($41.81 in chips) 
Lorpugo: posts small blind $0.25
Mr_Rake_Back: posts big blind $0.50
*** HOLE CARDS ***
Dealt to Lorpugo [Ts 7c]
Lorpugo: calls $0.25
Mr_Rake_Back: checks 
*** FLOP *** [5d 9h 9c]
Mr_Rake_Back: checks 
Lorpugo: checks 
*** TURN *** [5d 9h 9c] [4d]
Mr_Rake_Back: checks 
Lorpugo: bets $0.55
Mr_Rake_Back: folds 
Uncalled bet ($0.55) returned to Lorpugo
Lorpugo collected $0.95 from pot
Lorpugo: doesn't show hand 
*** SUMMARY ***
Total pot $1 | Rake $0.05 
Board [5d 9h 9c 4d]
Seat 1: Lorpugo (button) (small blind) collected ($0.95)
Seat 2: Mr_Rake_Back (big blind) folded on the Turn



PokerStars Zoom Hand #240918834141:  Hold'em No Limit ($0.25/$0.50) - 2023/01/04 19:52:21 ET
Table 'C Carinae' 2-max Seat #1 is the button
Seat 1: Mr_Rake_Back ($41.31 in chips) 
Seat 2: Lorpugo ($28.51 in chips) 
Mr_Rake_Back: posts small blind $0.25
Lorpugo: posts big blind $0.50
*** HOLE CARDS ***
Dealt to Lorpugo [Jc Qd]
Mr_Rake_Back: raises $1 to $1.50
Lorpugo: calls $1
*** FLOP *** [8h 7h 5h]
Lorpugo: checks 
Mr_Rake_Back: checks 
*** TURN *** [8h 7h 5h] [2c]
Lorpugo: bets $0.50
Mr_Rake_Back: folds 
Uncalled bet ($0.50) returned to Lorpugo
Lorpugo collected $2.85 from pot
Lorpugo: doesn't show hand 
*** SUMMARY ***
Total pot $3 | Rake $0.15 
Board [8h 7h 5h 2c]
Seat 1: Mr_Rake_Back (button) (small blind) folded on the Turn
Seat 2: Lorpugo (big blind) collected ($2.85)



PokerStars Zoom Hand #240918840892:  Hold'em No Limit ($0.25/$0.50) - 2023/01/04 19:52:46 ET
Table 'C Carinae' 2-max Seat #1 is the button
Seat 1: Lorpugo ($29.86 in chips) 
Seat 2: parrudson ($58.98 in chips) 
Lorpugo: posts small blind $0.25
parrudson: posts big blind $0.50
*** HOLE CARDS ***
Dealt to Lorpugo [Tc 3s]
Lorpugo: folds 
Uncalled bet ($0.25) returned to parrudson
parrudson collected $0.50 from pot
parrudson: doesn't show hand 
*** SUMMARY ***
Total pot $0.50 | Rake $0 
Seat 1: Lorpugo (button) (small blind) folded before Flop
Seat 2: parrudson (big blind) collected ($0.50)



PokerStars Zoom Hand #240918842850:  Hold'em No Limit ($0.25/$0.50) - 2023/01/04 19:52:53 ET
Table 'C Carinae' 2-max Seat #1 is the button
Seat 1: Lorpugo ($29.61 in chips) 
Seat 2: chrissipbg ($159.22 in chips) 
Lorpugo: posts small blind $0.25
chrissipbg: posts big blind $0.50
*** HOLE CARDS ***
Dealt to Lorpugo [Js Td]
Lorpugo: calls $0.25
chrissipbg: checks 
*** FLOP *** [Ks 3h 8s]
chrissipbg: bets $0.50
Lorpugo: calls $0.50
*** TURN *** [Ks 3h 8s] [Ad]
chrissipbg: checks 
Lorpugo: bets $1
chrissipbg: calls $1
*** RIVER *** [Ks 3h 8s Ad] [3d]
chrissipbg: checks 
Lorpugo: checks 
*** SHOW DOWN ***
chrissipbg: shows [Qs 4s] (a pair of Threes)
Lorpugo: mucks hand 
chrissipbg collected $3.75 from pot
*** SUMMARY ***
Total pot $4 | Rake $0.25 
Board [Ks 3h 8s Ad 3d]
Seat 1: Lorpugo (button) (small blind) mucked [Js Td]
Seat 2: chrissipbg (big blind) showed [Qs 4s] and won ($3.75) with a pair of Threes



PokerStars Zoom Hand #240918850294:  Hold'em No Limit ($0.25/$0.50) - 2023/01/04 19:53:22 ET
Table 'C Carinae' 2-max Seat #1 is the button
Seat 1: honeythief11 ($71.14 in chips) 
Seat 2: Lorpugo ($27.61 in chips) 
honeythief11: posts small blind $0.25
Lorpugo: posts big blind $0.50
*** HOLE CARDS ***
Dealt to Lorpugo [9c Jc]
honeythief11: raises $0.75 to $1.25
Lorpugo: calls $0.75
*** FLOP *** [Ac Th 5s]
Lorpugo: checks 
honeythief11: bets $1
Lorpugo: folds 
Uncalled bet ($1) returned to honeythief11
honeythief11 collected $2.38 from pot
honeythief11: doesn't show hand 
*** SUMMARY ***
Total pot $2.50 | Rake $0.12 
Board [Ac Th 5s]
Seat 1: honeythief11 (button) (small blind) collected ($2.38)
Seat 2: Lorpugo (big blind) folded on the Flop



PokerStars Zoom Hand #240918855644:  Hold'em No Limit ($0.25/$0.50) - 2023/01/04 19:53:42 ET
Table 'C Carinae' 2-max Seat #1 is the button
Seat 1: Lorpugo ($26.36 in chips) 
Seat 2: Mounsef Lk ($57.78 in chips) 
Lorpugo: posts small blind $0.25
Mounsef Lk: posts big blind $0.50
*** HOLE CARDS ***
Dealt to Lorpugo [9h Ad]
Lorpugo: raises $0.50 to $1
Mounsef Lk: calls $0.50
*** FLOP *** [9s Kc Tc]
Mounsef Lk: checks 
Lorpugo: checks 
*** TURN *** [9s Kc Tc] [Ac]
Mounsef Lk: bets $6
Lorpugo: folds 
Uncalled bet ($6) returned to Mounsef Lk
Mounsef Lk collected $1.90 from pot
Mounsef Lk: doesn't show hand 
*** SUMMARY ***
Total pot $2 | Rake $0.10 
Board [9s Kc Tc Ac]
Seat 1: Lorpugo (button) (small blind) folded on the Turn
Seat 2: Mounsef Lk (big blind) collected ($1.90)



PokerStars Zoom Hand #240918866068:  Hold'em No Limit ($0.25/$0.50) - 2023/01/04 19:54:21 ET
Table 'C Carinae' 2-max Seat #1 is the button
Seat 1: Mounsef Lk ($58.68 in chips) 
Seat 2: Lorpugo ($25.36 in chips) 
Mounsef Lk: posts small blind $0.25
Lorpugo: posts big blind $0.50
*** HOLE CARDS ***
Dealt to Lorpugo [3h 8h]
Mounsef Lk: raises $8 to $8.50
Lorpugo: folds 
Uncalled bet ($8) returned to Mounsef Lk
Mounsef Lk collected $1 from pot
Mounsef Lk: doesn't show hand 
*** SUMMARY ***
Total pot $1 | Rake $0 
Seat 1: Mounsef Lk (button) (small blind) collected ($1)
Seat 2: Lorpugo (big blind) folded before Flop



PokerStars Zoom Hand #240918870838:  Hold'em No Limit ($0.25/$0.50) - 2023/01/04 19:54:39 ET
Table 'C Carinae' 2-max Seat #1 is the button
Seat 1: Lorpugo ($24.86 in chips) 
Seat 2: speedfan1987 ($25.94 in chips) 
Lorpugo: posts small blind $0.25
speedfan1987: posts big blind $0.50
*** HOLE CARDS ***
Dealt to Lorpugo [Ts 6c]
Lorpugo: folds 
Uncalled bet ($0.25) returned to speedfan1987
speedfan1987 collected $0.50 from pot
speedfan1987: doesn't show hand 
*** SUMMARY ***
Total pot $0.50 | Rake $0 
Seat 1: Lorpugo (button) (small blind) folded before Flop
Seat 2: speedfan1987 (big blind) collected ($0.50)



PokerStars Zoom Hand #240918872197:  Hold'em No Limit ($0.25/$0.50) - 2023/01/04 19:54:44 ET
Table 'C Carinae' 2-max Seat #1 is the button
Seat 1: Mr_Rake_Back ($35.92 in chips) 
Seat 2: Lorpugo ($24.61 in chips) 
Mr_Rake_Back: posts small blind $0.25
Lorpugo: posts big blind $0.50
*** HOLE CARDS ***
Dealt to Lorpugo [6h 3c]
Mr_Rake_Back: folds 
Uncalled bet ($0.25) returned to Lorpugo
Lorpugo collected $0.50 from pot
Lorpugo: doesn't show hand 
*** SUMMARY ***
Total pot $0.50 | Rake $0 
Seat 1: Mr_Rake_Back (button) (small blind) folded before Flop
Seat 2: Lorpugo (big blind) collected ($0.50)



PokerStars Zoom Hand #240918873523:  Hold'em No Limit ($0.25/$0.50) - 2023/01/04 19:54:49 ET
Table 'C Carinae' 2-max Seat #1 is the button
Seat 1: krosen999 ($25.85 in chips) 
Seat 2: Lorpugo ($24.86 in chips) 
krosen999: posts small blind $0.25
Lorpugo: posts big blind $0.50
*** HOLE CARDS ***
Dealt to Lorpugo [6d Jh]
krosen999: calls $0.25
Lorpugo: checks 
*** FLOP *** [5c 4d Jd]
Lorpugo: checks 
krosen999: checks 
*** TURN *** [5c 4d Jd] [Ks]
Lorpugo: checks 
krosen999: checks 
*** RIVER *** [5c 4d Jd Ks] [8s]
Lorpugo: bets $0.50
krosen999: folds 
Uncalled bet ($0.50) returned to Lorpugo
Lorpugo collected $0.95 from pot
Lorpugo: doesn't show hand 
*** SUMMARY ***
Total pot $1 | Rake $0.05 
Board [5c 4d Jd Ks 8s]
Seat 1: krosen999 (button) (small blind) folded on the River
Seat 2: Lorpugo (big blind) collected ($0.95)



PokerStars Zoom Hand #240918878179:  Hold'em No Limit ($0.25/$0.50) - 2023/01/04 19:55:06 ET
Table 'C Carinae' 2-max Seat #1 is the button
Seat 1: Lorpugo ($25.31 in chips) 
Seat 2: Karol Krzym ($50 in chips) 
Lorpugo: posts small blind $0.25
Karol Krzym: posts big blind $0.50
*** HOLE CARDS ***
Dealt to Lorpugo [As 5d]
Lorpugo: calls $0.25
Karol Krzym: checks 
*** FLOP *** [2s 9h Kd]
Karol Krzym: checks 
Lorpugo: bets $0.50
Karol Krzym: folds 
Uncalled bet ($0.50) returned to Lorpugo
Lorpugo collected $0.95 from pot
Lorpugo: doesn't show hand 
*** SUMMARY ***
Total pot $1 | Rake $0.05 
Board [2s 9h Kd]
Seat 1: Lorpugo (button) (small blind) collected ($0.95)
Seat 2: Karol Krzym (big blind) folded on the Flop



PokerStars Zoom Hand #240918884221:  Hold'em No Limit ($0.25/$0.50) - 2023/01/04 19:55:34 ET
Table 'C Carinae' 2-max Seat #1 is the button
Seat 1: Lorpugo ($25.76 in chips) 
Seat 2: masakazuid ($53.58 in chips) 
Lorpugo: posts small blind $0.25
masakazuid: posts big blind $0.50
*** HOLE CARDS ***
Dealt to Lorpugo [8c Qs]
Lorpugo: raises $0.50 to $1
masakazuid: raises $3 to $4
Lorpugo: folds 
Uncalled bet ($3) returned to masakazuid
masakazuid collected $2 from pot
masakazuid: doesn't show hand 
*** SUMMARY ***
Total pot $2 | Rake $0 
Seat 1: Lorpugo (button) (small blind) folded before Flop
Seat 2: masakazuid (big blind) collected ($2)



PokerStars Zoom Hand #240918886809:  Hold'em No Limit ($0.25/$0.50) - 2023/01/04 19:55:46 ET
Table 'C Carinae' 2-max Seat #1 is the button
Seat 1: Karol Krzym ($50.50 in chips) 
Seat 2: Lorpugo ($24.76 in chips) 
Karol Krzym: posts small blind $0.25
Lorpugo: posts big blind $0.50
*** HOLE CARDS ***
Dealt to Lorpugo [2c 9d]
Karol Krzym: folds 
Uncalled bet ($0.25) returned to Lorpugo
Lorpugo collected $0.50 from pot
Lorpugo: doesn't show hand 
*** SUMMARY ***
Total pot $0.50 | Rake $0 
Seat 1: Karol Krzym (button) (small blind) folded before Flop
Seat 2: Lorpugo (big blind) collected ($0.50)



PokerStars Zoom Hand #240918887918:  Hold'em No Limit ($0.25/$0.50) - 2023/01/04 19:55:51 ET
Table 'C Carinae' 2-max Seat #1 is the button
Seat 1: Lorpugo ($25.01 in chips) 
Seat 2: speedfan1987 ($51.13 in chips) 
Lorpugo: posts small blind $0.25
speedfan1987: posts big blind $0.50
*** HOLE CARDS ***
Dealt to Lorpugo [6d Ts]
Lorpugo: folds 
Uncalled bet ($0.25) returned to speedfan1987
speedfan1987 collected $0.50 from pot
speedfan1987: doesn't show hand 
*** SUMMARY ***
Total pot $0.50 | Rake $0 
Seat 1: Lorpugo (button) (small blind) folded before Flop
Seat 2: speedfan1987 (big blind) collected ($0.50)



PokerStars Zoom Hand #240918889493:  Hold'em No Limit ($0.25/$0.50) - 2023/01/04 19:55:58 ET
Table 'C Carinae' 2-max Seat #1 is the button
Seat 1: masakazuid ($55.08 in chips) 
Seat 2: Lorpugo ($24.76 in chips) 
masakazuid: posts small blind $0.25
Lorpugo: posts big blind $0.50
*** HOLE CARDS ***
Dealt to Lorpugo [8c 7s]
masakazuid: raises $0.75 to $1.25
Lorpugo: calls $0.75
*** FLOP *** [As 3d Kd]
Lorpugo: checks 
masakazuid: bets $1.79
Lorpugo: folds 
Uncalled bet ($1.79) returned to masakazuid
masakazuid collected $2.38 from pot
masakazuid: doesn't show hand 
*** SUMMARY ***
Total pot $2.50 | Rake $0.12 
Board [As 3d Kd]
Seat 1: masakazuid (button) (small blind) collected ($2.38)
Seat 2: Lorpugo (big blind) folded on the Flop



PokerStars Zoom Hand #240918893431:  Hold'em No Limit ($0.25/$0.50) - 2023/01/04 19:56:16 ET
Table 'C Carinae' 2-max Seat #1 is the button
Seat 1: Mounsef Lk ($50.31 in chips) 
Seat 2: Lorpugo ($23.51 in chips) 
Mounsef Lk: posts small blind $0.25
Lorpugo: posts big blind $0.50
*** HOLE CARDS ***
Dealt to Lorpugo [4d 5c]
Mounsef Lk: raises $0.50 to $1
Lorpugo: calls $0.50
*** FLOP *** [Tc As Ts]
Lorpugo: checks 
Mounsef Lk: bets $49.31 and is all-in
Lorpugo: folds 
Uncalled bet ($49.31) returned to Mounsef Lk
Mounsef Lk collected $1.90 from pot
Mounsef Lk: doesn't show hand 
*** SUMMARY ***
Total pot $2 | Rake $0.10 
Board [Tc As Ts]
Seat 1: Mounsef Lk (button) (small blind) collected ($1.90)
Seat 2: Lorpugo (big blind) folded on the Flop



PokerStars Zoom Hand #240918897179:  Hold'em No Limit ($0.25/$0.50) - 2023/01/04 19:56:34 ET
Table 'C Carinae' 2-max Seat #1 is the button
Seat 1: Lorpugo ($22.51 in chips) 
Seat 2: Karol Krzym ($50.25 in chips) 
Lorpugo: posts small blind $0.25
Karol Krzym: posts big blind $0.50
*** HOLE CARDS ***
Dealt to Lorpugo [6d 5s]
Lorpugo: calls $0.25
Karol Krzym: checks 
*** FLOP *** [8h 7d Ts]
Karol Krzym: checks 
Lorpugo: bets $0.50
Karol Krzym: calls $0.50
*** TURN *** [8h 7d Ts] [Jd]
Karol Krzym: checks 
Lorpugo: checks 
*** RIVER *** [8h 7d Ts Jd] [5h]
Karol Krzym: checks 
Lorpugo: checks 
*** SHOW DOWN ***
Karol Krzym: shows [4c 8s] (a pair of Eights)
Lorpugo: mucks hand 
Karol Krzym collected $1.90 from pot
*** SUMMARY ***
Total pot $2 | Rake $0.10 
Board [8h 7d Ts Jd 5h]
Seat 1: Lorpugo (button) (small blind) mucked [6d 5s]
Seat 2: Karol Krzym (big blind) showed [4c 8s] and won ($1.90) with a pair of Eights



PokerStars Zoom Hand #240918900922:  Hold'em No Limit ($0.25/$0.50) - 2023/01/04 19:56:51 ET
Table 'C Carinae' 2-max Seat #1 is the button
Seat 1: Mounsef Lk ($51.71 in chips) 
Seat 2: Lorpugo ($21.51 in chips) 
Mounsef Lk: posts small blind $0.25
Lorpugo: posts big blind $0.50
*** HOLE CARDS ***
Dealt to Lorpugo [2d As]
Mounsef Lk: raises $0.50 to $1
Lorpugo: calls $0.50
*** FLOP *** [6h Ts Tc]
Lorpugo: checks 
Mounsef Lk: bets $1.90
Lorpugo: calls $1.90
*** TURN *** [6h Ts Tc] [2c]
Lorpugo: bets $18.61 and is all-in
Mounsef Lk: calls $18.61
*** RIVER *** [6h Ts Tc 2c] [Kc]
*** SHOW DOWN ***
Lorpugo: shows [2d As] (two pair, Tens and Deuces)
Mounsef Lk: shows [Ad 9s] (a pair of Tens)
Lorpugo collected $42.27 from pot
Mounsef Lk cashed out the hand for $6.18 | Cash Out Fee $0.06
*** SUMMARY ***
Total pot $43.02 | Rake $0.75 
Board [6h Ts Tc 2c Kc]
Seat 1: Mounsef Lk (button) (small blind) showed [Ad 9s] and lost with a pair of Tens (cashed out).
Seat 2: Lorpugo (big blind) showed [2d As] and won ($42.27) with two pair, Tens and Deuces



PokerStars Zoom Hand #240918909733:  Hold'em No Limit ($0.25/$0.50) - 2023/01/04 19:57:31 ET
Table 'C Carinae' 2-max Seat #1 is the button
Seat 1: Lorpugo ($42.27 in chips) 
Seat 2: chrissipbg ($153.07 in chips) 
Lorpugo: posts small blind $0.25
chrissipbg: posts big blind $0.50
*** HOLE CARDS ***
Dealt to Lorpugo [7d 8c]
Lorpugo: raises $0.50 to $1
chrissipbg: calls $0.50
*** FLOP *** [8d Ac 9c]
chrissipbg: checks 
Lorpugo: checks 
*** TURN *** [8d Ac 9c] [Td]
chrissipbg: checks 
Lorpugo: bets $0.50
chrissipbg: calls $0.50
*** RIVER *** [8d Ac 9c Td] [5s]
chrissipbg: checks 
Lorpugo: checks 
*** SHOW DOWN ***
chrissipbg: shows [Jd 2d] (high card Ace)
Lorpugo: shows [7d 8c] (a pair of Eights)
Lorpugo collected $2.85 from pot
*** SUMMARY ***
Total pot $3 | Rake $0.15 
Board [8d Ac 9c Td 5s]
Seat 1: Lorpugo (button) (small blind) showed [7d 8c] and won ($2.85) with a pair of Eights
Seat 2: chrissipbg (big blind) showed [Jd 2d] and lost with high card Ace



PokerStars Zoom Hand #240918916552:  Hold'em No Limit ($0.25/$0.50) - 2023/01/04 19:58:01 ET
Table 'C Carinae' 2-max Seat #1 is the button
Seat 1: MwL96 ($36.45 in chips) 
Seat 2: Lorpugo ($43.62 in chips) 
MwL96: posts small blind $0.25
Lorpugo: posts big blind $0.50
*** HOLE CARDS ***
Dealt to Lorpugo [5h 8d]
MwL96: calls $0.25
Lorpugo: checks 
*** FLOP *** [Jh Ad As]
Lorpugo: checks 
MwL96: checks 
*** TURN *** [Jh Ad As] [Ac]
Lorpugo: checks 
MwL96: bets $1.50
Lorpugo: folds 
Uncalled bet ($1.50) returned to MwL96
MwL96 collected $0.95 from pot
MwL96: doesn't show hand 
*** SUMMARY ***
Total pot $1 | Rake $0.05 
Board [Jh Ad As Ac]
Seat 1: MwL96 (button) (small blind) collected ($0.95)
Seat 2: Lorpugo (big blind) folded on the Turn



PokerStars Zoom Hand #240918920810:  Hold'em No Limit ($0.25/$0.50) - 2023/01/04 19:58:21 ET
Table 'C Carinae' 2-max Seat #1 is the button
Seat 1: Lorpugo ($43.12 in chips) 
Seat 2: parrudson ($28.30 in chips) 
Lorpugo: posts small blind $0.25
parrudson: posts big blind $0.50
*** HOLE CARDS ***
Dealt to Lorpugo [Jc 2c]
Lorpugo: raises $0.50 to $1
parrudson: raises $3.50 to $4.50
Lorpugo: folds 
Uncalled bet ($3.50) returned to parrudson
parrudson collected $2 from pot
parrudson: doesn't show hand 
*** SUMMARY ***
Total pot $2 | Rake $0 
Seat 1: Lorpugo (button) (small blind) folded before Flop
Seat 2: parrudson (big blind) collected ($2)



PokerStars Zoom Hand #240918924420:  Hold'em No Limit ($0.25/$0.50) - 2023/01/04 19:58:37 ET
Table 'C Carinae' 2-max Seat #1 is the button
Seat 1: parrudson ($29.30 in chips) 
Seat 2: Lorpugo ($42.12 in chips) 
parrudson: posts small blind $0.25
Lorpugo: posts big blind $0.50
*** HOLE CARDS ***
Dealt to Lorpugo [5d 2c]
parrudson: folds 
Uncalled bet ($0.25) returned to Lorpugo
Lorpugo collected $0.50 from pot
Lorpugo: doesn't show hand 
*** SUMMARY ***
Total pot $0.50 | Rake $0 
Seat 1: parrudson (button) (small blind) folded before Flop
Seat 2: Lorpugo (big blind) collected ($0.50)



PokerStars Zoom Hand #240918925577:  Hold'em No Limit ($0.25/$0.50) - 2023/01/04 19:58:42 ET
Table 'C Carinae' 2-max Seat #1 is the button
Seat 1: Lorpugo ($42.37 in chips) 
Seat 2: honeythief11 ($75.55 in chips) 
Lorpugo: posts small blind $0.25
honeythief11: posts big blind $0.50
*** HOLE CARDS ***
Dealt to Lorpugo [3s 5c]
Lorpugo: folds 
Uncalled bet ($0.25) returned to honeythief11
honeythief11 collected $0.50 from pot
honeythief11: doesn't show hand 
*** SUMMARY ***
Total pot $0.50 | Rake $0 
Seat 1: Lorpugo (button) (small blind) folded before Flop
Seat 2: honeythief11 (big blind) collected ($0.50)



PokerStars Zoom Hand #240918926727:  Hold'em No Limit ($0.25/$0.50) - 2023/01/04 19:58:47 ET
Table 'C Carinae' 2-max Seat #1 is the button
Seat 1: Lorpugo ($42.12 in chips) 
Seat 2: speedfan1987 ($53.93 in chips) 
Lorpugo: posts small blind $0.25
speedfan1987: posts big blind $0.50
*** HOLE CARDS ***
Dealt to Lorpugo [Jh 8d]
Lorpugo: raises $0.50 to $1
speedfan1987: calls $0.50
*** FLOP *** [Ac Ks 8s]
speedfan1987: checks 
Lorpugo: bets $0.50
speedfan1987: calls $0.50
*** TURN *** [Ac Ks 8s] [7s]
speedfan1987: bets $0.50
Lorpugo: calls $0.50
*** RIVER *** [Ac Ks 8s 7s] [3c]
speedfan1987: checks 
Lorpugo: checks 
*** SHOW DOWN ***
speedfan1987: shows [6d 6c] (a pair of Sixes)
Lorpugo: shows [Jh 8d] (a pair of Eights)
Lorpugo collected $3.80 from pot
*** SUMMARY ***
Total pot $4 | Rake $0.20 
Board [Ac Ks 8s 7s 3c]
Seat 1: Lorpugo (button) (small blind) showed [Jh 8d] and won ($3.80) with a pair of Eights
Seat 2: speedfan1987 (big blind) showed [6d 6c] and lost with a pair of Sixes



PokerStars Zoom Hand #240918932211:  Hold'em No Limit ($0.25/$0.50) - 2023/01/04 19:59:12 ET
Table 'C Carinae' 2-max Seat #1 is the button
Seat 1: speedfan1987 ($51.93 in chips) 
Seat 2: Lorpugo ($43.92 in chips) 
speedfan1987: posts small blind $0.25
Lorpugo: posts big blind $0.50
*** HOLE CARDS ***
Dealt to Lorpugo [Qd As]
speedfan1987: calls $0.25
Lorpugo: checks 
*** FLOP *** [4d 8c Ah]
Lorpugo: checks 
speedfan1987: bets $0.50
Lorpugo: raises $0.98 to $1.48
speedfan1987: folds 
Uncalled bet ($0.98) returned to Lorpugo
Lorpugo collected $1.90 from pot
Lorpugo: doesn't show hand 
*** SUMMARY ***
Total pot $2 | Rake $0.10 
Board [4d 8c Ah]
Seat 1: speedfan1987 (button) (small blind) folded on the Flop
Seat 2: Lorpugo (big blind) collected ($1.90)



PokerStars Zoom Hand #240918936582:  Hold'em No Limit ($0.25/$0.50) - 2023/01/04 19:59:32 ET
Table 'C Carinae' 2-max Seat #1 is the button
Seat 1: Lorpugo ($44.82 in chips) 
Seat 2: speedfan1987 ($50.93 in chips) 
Lorpugo: posts small blind $0.25
speedfan1987: posts big blind $0.50
*** HOLE CARDS ***
Dealt to Lorpugo [4h 2h]
Lorpugo: calls $0.25
speedfan1987: checks 
*** FLOP *** [7c 3c 9c]
speedfan1987: bets $0.50
Lorpugo: folds 
Uncalled bet ($0.50) returned to speedfan1987
speedfan1987 collected $0.95 from pot
speedfan1987: doesn't show hand 
*** SUMMARY ***
Total pot $1 | Rake $0.05 
Board [7c 3c 9c]
Seat 1: Lorpugo (button) (small blind) folded on the Flop
Seat 2: speedfan1987 (big blind) collected ($0.95)



PokerStars Zoom Hand #240918939556:  Hold'em No Limit ($0.25/$0.50) - 2023/01/04 19:59:46 ET
Table 'C Carinae' 2-max Seat #1 is the button
Seat 1: speedfan1987 ($51.38 in chips) 
Seat 2: Lorpugo ($44.32 in chips) 
speedfan1987: posts small blind $0.25
Lorpugo: posts big blind $0.50
*** HOLE CARDS ***
Dealt to Lorpugo [Ah 7d]
speedfan1987: raises $1 to $1.50
Lorpugo: calls $1
*** FLOP *** [6d 4s 4d]
Lorpugo: checks 
speedfan1987: bets $1
Lorpugo: raises $1.60 to $2.60
speedfan1987: calls $1.60
*** TURN *** [6d 4s 4d] [Ad]
Lorpugo: checks 
speedfan1987: checks 
*** RIVER *** [6d 4s 4d Ad] [Kc]
Lorpugo: checks 
speedfan1987: checks 
*** SHOW DOWN ***
Lorpugo: shows [Ah 7d] (two pair, Aces and Fours)
speedfan1987: mucks hand 
Lorpugo collected $7.79 from pot
*** SUMMARY ***
Total pot $8.20 | Rake $0.41 
Board [6d 4s 4d Ad Kc]
Seat 1: speedfan1987 (button) (small blind) mucked [Kh Js]
Seat 2: Lorpugo (big blind) showed [Ah 7d] and won ($7.79) with two pair, Aces and Fours



PokerStars Zoom Hand #240918948381:  Hold'em No Limit ($0.25/$0.50) - 2023/01/04 20:00:25 ET
Table 'C Carinae' 2-max Seat #1 is the button
Seat 1: Lorpugo ($48.01 in chips) 
Seat 2: speedfan1987 ($47.28 in chips) 
Lorpugo: posts small blind $0.25
speedfan1987: posts big blind $0.50
*** HOLE CARDS ***
Dealt to Lorpugo [8s 2s]
Lorpugo: folds 
Uncalled bet ($0.25) returned to speedfan1987
speedfan1987 collected $0.50 from pot
speedfan1987: doesn't show hand 
*** SUMMARY ***
Total pot $0.50 | Rake $0 
Seat 1: Lorpugo (button) (small blind) folded before Flop
Seat 2: speedfan1987 (big blind) collected ($0.50)



PokerStars Zoom Hand #240918949801:  Hold'em No Limit ($0.25/$0.50) - 2023/01/04 20:00:31 ET
Table 'C Carinae' 2-max Seat #1 is the button
Seat 1: speedfan1987 ($47.53 in chips) 
Seat 2: Lorpugo ($47.76 in chips) 
speedfan1987: posts small blind $0.25
Lorpugo: posts big blind $0.50
*** HOLE CARDS ***
Dealt to Lorpugo [5c Ts]
speedfan1987: calls $0.25
Lorpugo: checks 
*** FLOP *** [4c 7h 6h]
Lorpugo: checks 
speedfan1987: checks 
*** TURN *** [4c 7h 6h] [Kc]
Lorpugo: checks 
speedfan1987: bets $0.50
Lorpugo: calls $0.50
*** RIVER *** [4c 7h 6h Kc] [Th]
Lorpugo: checks 
speedfan1987: checks 
*** SHOW DOWN ***
Lorpugo: shows [5c Ts] (a pair of Tens)
speedfan1987: mucks hand 
Lorpugo collected $1.90 from pot
*** SUMMARY ***
Total pot $2 | Rake $0.10 
Board [4c 7h 6h Kc Th]
Seat 1: speedfan1987 (button) (small blind) mucked [6s 8c]
Seat 2: Lorpugo (big blind) showed [5c Ts] and won ($1.90) with a pair of Tens



PokerStars Zoom Hand #240918955238:  Hold'em No Limit ($0.25/$0.50) - 2023/01/04 20:00:53 ET
Table 'C Carinae' 2-max Seat #1 is the button
Seat 1: Lorpugo ($48.66 in chips) 
Seat 2: speedfan1987 ($46.53 in chips) 
Lorpugo: posts small blind $0.25
speedfan1987: posts big blind $0.50
*** HOLE CARDS ***
Dealt to Lorpugo [3s 5h]
Lorpugo: folds 
Uncalled bet ($0.25) returned to speedfan1987
speedfan1987 collected $0.50 from pot
speedfan1987: doesn't show hand 
*** SUMMARY ***
Total pot $0.50 | Rake $0 
Seat 1: Lorpugo (button) (small blind) folded before Flop
Seat 2: speedfan1987 (big blind) collected ($0.50)



PokerStars Zoom Hand #240918956712:  Hold'em No Limit ($0.25/$0.50) - 2023/01/04 20:00:59 ET
Table 'C Carinae' 2-max Seat #1 is the button
Seat 1: speedfan1987 ($46.78 in chips) 
Seat 2: Lorpugo ($48.41 in chips) 
speedfan1987: posts small blind $0.25
Lorpugo: posts big blind $0.50
*** HOLE CARDS ***
Dealt to Lorpugo [Jd 5s]
speedfan1987: folds 
Uncalled bet ($0.25) returned to Lorpugo
Lorpugo collected $0.50 from pot
Lorpugo: doesn't show hand 
*** SUMMARY ***
Total pot $0.50 | Rake $0 
Seat 1: speedfan1987 (button) (small blind) folded before Flop
Seat 2: Lorpugo (big blind) collected ($0.50)



PokerStars Zoom Hand #240918958219:  Hold'em No Limit ($0.25/$0.50) - 2023/01/04 20:01:05 ET
Table 'C Carinae' 2-max Seat #1 is the button
Seat 1: Lorpugo ($48.66 in chips) 
Seat 2: speedfan1987 ($46.53 in chips) 
Lorpugo: posts small blind $0.25
speedfan1987: posts big blind $0.50
*** HOLE CARDS ***
Dealt to Lorpugo [3s 8h]
Lorpugo: folds 
Uncalled bet ($0.25) returned to speedfan1987
speedfan1987 collected $0.50 from pot
speedfan1987: doesn't show hand 
*** SUMMARY ***
Total pot $0.50 | Rake $0 
Seat 1: Lorpugo (button) (small blind) folded before Flop
Seat 2: speedfan1987 (big blind) collected ($0.50)



PokerStars Zoom Hand #240918959440:  Hold'em No Limit ($0.25/$0.50) - 2023/01/04 20:01:10 ET
Table 'C Carinae' 2-max Seat #1 is the button
Seat 1: Lorpugo ($48.41 in chips) 
Seat 2: siera92 ($50 in chips) 
Lorpugo: posts small blind $0.25
siera92: posts big blind $0.50
*** HOLE CARDS ***
Dealt to Lorpugo [Th 6c]
Lorpugo: folds 
Uncalled bet ($0.25) returned to siera92
siera92 collected $0.50 from pot
siera92: doesn't show hand 
*** SUMMARY ***
Total pot $0.50 | Rake $0 
Seat 1: Lorpugo (button) (small blind) folded before Flop
Seat 2: siera92 (big blind) collected ($0.50)



PokerStars Zoom Hand #240918960696:  Hold'em No Limit ($0.25/$0.50) - 2023/01/04 20:01:15 ET
Table 'C Carinae' 2-max Seat #1 is the button
Seat 1: krosen999 ($37.49 in chips) 
Seat 2: Lorpugo ($48.16 in chips) 
krosen999: posts small blind $0.25
Lorpugo: posts big blind $0.50
*** HOLE CARDS ***
Dealt to Lorpugo [5d 2s]
krosen999: calls $0.25
Lorpugo: checks 
*** FLOP *** [3d Ks 8d]
Lorpugo: checks 
krosen999: bets $0.50
Lorpugo: folds 
Uncalled bet ($0.50) returned to krosen999
krosen999 collected $0.95 from pot
krosen999: doesn't show hand 
*** SUMMARY ***
Total pot $1 | Rake $0.05 
Board [3d Ks 8d]
Seat 1: krosen999 (button) (small blind) collected ($0.95)
Seat 2: Lorpugo (big blind) folded on the Flop



PokerStars Zoom Hand #240918964027:  Hold'em No Limit ($0.25/$0.50) - 2023/01/04 20:01:28 ET
Table 'C Carinae' 2-max Seat #1 is the button
Seat 1: Lorpugo ($47.66 in chips) 
Seat 2: krosen999 ($37.94 in chips) 
Lorpugo: posts small blind $0.25
krosen999: posts big blind $0.50
*** HOLE CARDS ***
Dealt to Lorpugo [Jd 5s]
Lorpugo: folds 
Uncalled bet ($0.25) returned to krosen999
krosen999 collected $0.50 from pot
krosen999: doesn't show hand 
*** SUMMARY ***
Total pot $0.50 | Rake $0 
Seat 1: Lorpugo (button) (small blind) folded before Flop
Seat 2: krosen999 (big blind) collected ($0.50)



