PokerStars Zoom Hand #240961381832:  Hold'em No Limit ($0.25/$0.50 - $10 Cap - ) - 2023/01/06 17:11:52 ET
Table 'Alpha Reticuli (Cap)' 2-max Seat #1 is the button
Seat 1: Shivas prana ($10 in chips) 
Seat 2: Lorpugo ($10 in chips) 
Shivas prana: posts small blind $0.25
Lorpugo: posts big blind $0.50
*** HOLE CARDS ***
Dealt to Lorpugo [Qc 4h]
Shivas prana: calls $0.25
Lorpugo: checks 
*** FLOP *** [3c 6s Ad]
Lorpugo: checks 
Shivas prana: bets $0.50
Lorpugo: raises $0.98 to $1.48
Shivas prana: calls $0.98
*** TURN *** [3c 6s Ad] [2d]
Lorpugo: checks 
Shivas prana: bets $0.75
Lorpugo: raises $1.74 to $2.49
Shivas prana: folds 
Uncalled bet ($1.74) returned to Lorpugo
Lorpugo collected $5.19 from pot
Lorpugo: doesn't show hand 
*** SUMMARY ***
Total pot $5.46 | Rake $0.27 
Board [3c 6s Ad 2d]
Seat 1: Shivas prana (button) (small blind) folded on the Turn
Seat 2: Lorpugo (big blind) collected ($5.19)



PokerStars Zoom Hand #240961398442:  Hold'em No Limit ($0.25/$0.50 - $10 Cap - ) - 2023/01/06 17:12:28 ET
Table 'Alpha Reticuli (Cap)' 2-max Seat #1 is the button
Seat 1: Shivas prana ($20.53 in chips) 
Seat 2: Lorpugo ($12.46 in chips) 
Shivas prana: posts small blind $0.25
Lorpugo: posts big blind $0.50
*** HOLE CARDS ***
Dealt to Lorpugo [Jc 6d]
Shivas prana: folds 
Uncalled bet ($0.25) returned to Lorpugo
Lorpugo collected $0.50 from pot
Lorpugo: doesn't show hand 
*** SUMMARY ***
Total pot $0.50 | Rake $0 
Seat 1: Shivas prana (button) (small blind) folded before Flop
Seat 2: Lorpugo (big blind) collected ($0.50)



PokerStars Zoom Hand #240961402120:  Hold'em No Limit ($0.25/$0.50 - $10 Cap - ) - 2023/01/06 17:12:37 ET
Table 'Alpha Reticuli (Cap)' 2-max Seat #1 is the button
Seat 1: Lorpugo ($12.71 in chips) 
Seat 2: kevin19931706 ($11.65 in chips) 
Lorpugo: posts small blind $0.25
kevin19931706: posts big blind $0.50
*** HOLE CARDS ***
Dealt to Lorpugo [5h 5d]
Lorpugo: calls $0.25
kevin19931706: raises $1.50 to $2
Lorpugo: raises $8 to $10 and has reached the $10 cap
kevin19931706: folds 
Uncalled bet ($8) returned to Lorpugo
Lorpugo collected $4 from pot
Lorpugo: doesn't show hand 
*** SUMMARY ***
Total pot $4 | Rake $0 
Seat 1: Lorpugo (button) (small blind) collected ($4)
Seat 2: kevin19931706 (big blind) folded before Flop



PokerStars Zoom Hand #240961411668:  Hold'em No Limit ($0.25/$0.50 - $10 Cap - ) - 2023/01/06 17:12:57 ET
Table 'Alpha Reticuli (Cap)' 2-max Seat #1 is the button
Seat 1: Lorpugo ($14.71 in chips) 
Seat 2: Shivas prana ($10 in chips) 
Lorpugo: posts small blind $0.25
Shivas prana: posts big blind $0.50
*** HOLE CARDS ***
Dealt to Lorpugo [4h 8h]
Lorpugo: calls $0.25
Shivas prana: checks 
*** FLOP *** [2s 7s Jc]
Shivas prana: checks 
Lorpugo: bets $0.50
Shivas prana: folds 
Uncalled bet ($0.50) returned to Lorpugo
Lorpugo collected $0.95 from pot
Lorpugo: doesn't show hand 
*** SUMMARY ***
Total pot $1 | Rake $0.05 
Board [2s 7s Jc]
Seat 1: Lorpugo (button) (small blind) collected ($0.95)
Seat 2: Shivas prana (big blind) folded on the Flop



PokerStars Zoom Hand #240961419423:  Hold'em No Limit ($0.25/$0.50 - $10 Cap - ) - 2023/01/06 17:13:15 ET
Table 'Alpha Reticuli (Cap)' 2-max Seat #1 is the button
Seat 1: Shivas prana ($20.98 in chips) 
Seat 2: Lorpugo ($15.16 in chips) 
Shivas prana: posts small blind $0.25
Lorpugo: posts big blind $0.50
*** HOLE CARDS ***
Dealt to Lorpugo [Qd 4h]
Shivas prana: calls $0.25
Lorpugo: checks 
*** FLOP *** [8h Tc Qh]
Lorpugo: bets $0.50
Shivas prana: folds 
Uncalled bet ($0.50) returned to Lorpugo
Lorpugo collected $0.95 from pot
Lorpugo: doesn't show hand 
*** SUMMARY ***
Total pot $1 | Rake $0.05 
Board [8h Tc Qh]
Seat 1: Shivas prana (button) (small blind) folded on the Flop
Seat 2: Lorpugo (big blind) collected ($0.95)



PokerStars Zoom Hand #240961425392:  Hold'em No Limit ($0.25/$0.50 - $10 Cap - ) - 2023/01/06 17:13:28 ET
Table 'Alpha Reticuli (Cap)' 2-max Seat #1 is the button
Seat 1: Lorpugo ($15.61 in chips) 
Seat 2: Shivas prana ($10 in chips) 
Lorpugo: posts small blind $0.25
Shivas prana: posts big blind $0.50
*** HOLE CARDS ***
Dealt to Lorpugo [Jh Js]
Lorpugo: calls $0.25
Shivas prana: raises $9.50 to $10 and is all-in
Lorpugo: calls $9.50 and has reached the $10 cap
*** FLOP *** [3d 9d 5h]
*** TURN *** [3d 9d 5h] [Ah]
*** RIVER *** [3d 9d 5h Ah] [8h]
*** SHOW DOWN ***
Shivas prana: shows [2s 2h] (a pair of Deuces)
Lorpugo: shows [Jh Js] (a pair of Jacks)
Lorpugo collected $19.25 from pot
*** SUMMARY ***
Total pot $20 | Rake $0.75 
Board [3d 9d 5h Ah 8h]
Seat 1: Lorpugo (button) (small blind) showed [Jh Js] and won ($19.25) with a pair of Jacks
Seat 2: Shivas prana (big blind) showed [2s 2h] and lost with a pair of Deuces



PokerStars Zoom Hand #240961432648:  Hold'em No Limit ($0.25/$0.50 - $10 Cap - ) - 2023/01/06 17:13:44 ET
Table 'Alpha Reticuli (Cap)' 2-max Seat #1 is the button
Seat 1: Shivas prana ($20.73 in chips) 
Seat 2: Lorpugo ($24.86 in chips) 
Shivas prana: posts small blind $0.25
Lorpugo: posts big blind $0.50
*** HOLE CARDS ***
Dealt to Lorpugo [6h 5s]
Shivas prana: calls $0.25
Lorpugo: checks 
*** FLOP *** [7c Ts 4s]
Lorpugo: checks 
Shivas prana: checks 
*** TURN *** [7c Ts 4s] [As]
Lorpugo: checks 
Shivas prana: bets $0.50
Lorpugo: calls $0.50
*** RIVER *** [7c Ts 4s As] [Jh]
Lorpugo: checks 
Shivas prana: bets $1
Lorpugo: folds 
Uncalled bet ($1) returned to Shivas prana
Shivas prana collected $1.90 from pot
Shivas prana: doesn't show hand 
*** SUMMARY ***
Total pot $2 | Rake $0.10 
Board [7c Ts 4s As Jh]
Seat 1: Shivas prana (button) (small blind) collected ($1.90)
Seat 2: Lorpugo (big blind) folded on the River



PokerStars Zoom Hand #240961445944:  Hold'em No Limit ($0.25/$0.50 - $10 Cap - ) - 2023/01/06 17:14:13 ET
Table 'Alpha Reticuli (Cap)' 2-max Seat #1 is the button
Seat 1: Lorpugo ($23.86 in chips) 
Seat 2: Schmaecker99 ($3.30 in chips) 
Lorpugo: posts small blind $0.25
Schmaecker99: posts big blind $0.50
*** HOLE CARDS ***
Dealt to Lorpugo [7h Ks]
Lorpugo: calls $0.25
Schmaecker99: raises $2.80 to $3.30 and is all-in
Lorpugo: calls $2.80
*** FLOP *** [2h Qh 6h]
*** TURN *** [2h Qh 6h] [3h]
*** RIVER *** [2h Qh 6h 3h] [7c]
*** SHOW DOWN ***
Schmaecker99: shows [4s Js] (high card Queen)
Lorpugo: shows [7h Ks] (a flush, Queen high)
Lorpugo collected $6.27 from pot
*** SUMMARY ***
Total pot $6.60 | Rake $0.33 
Board [2h Qh 6h 3h 7c]
Seat 1: Lorpugo (button) (small blind) showed [7h Ks] and won ($6.27) with a flush, Queen high
Seat 2: Schmaecker99 (big blind) showed [4s Js] and lost with high card Queen



PokerStars Zoom Hand #240961459095:  Hold'em No Limit ($0.25/$0.50 - $10 Cap - ) - 2023/01/06 17:14:42 ET
Table 'Alpha Reticuli (Cap)' 2-max Seat #1 is the button
Seat 1: Shivas prana ($10.45 in chips) 
Seat 2: Lorpugo ($26.83 in chips) 
Shivas prana: posts small blind $0.25
Lorpugo: posts big blind $0.50
*** HOLE CARDS ***
Dealt to Lorpugo [8c 9c]
Shivas prana: calls $0.25
Lorpugo: raises $0.75 to $1.25
Shivas prana: folds 
Uncalled bet ($0.75) returned to Lorpugo
Lorpugo collected $1 from pot
Lorpugo: doesn't show hand 
*** SUMMARY ***
Total pot $1 | Rake $0 
Seat 1: Shivas prana (button) (small blind) folded before Flop
Seat 2: Lorpugo (big blind) collected ($1)



PokerStars Zoom Hand #240961464460:  Hold'em No Limit ($0.25/$0.50 - $10 Cap - ) - 2023/01/06 17:14:54 ET
Table 'Alpha Reticuli (Cap)' 2-max Seat #1 is the button
Seat 1: Lorpugo ($27.33 in chips) 
Seat 2: Shivas prana ($10 in chips) 
Lorpugo: posts small blind $0.25
Shivas prana: posts big blind $0.50
*** HOLE CARDS ***
Dealt to Lorpugo [9d Qd]
Lorpugo: raises $0.50 to $1
Shivas prana: raises $9 to $10 and is all-in
Lorpugo: folds 
Uncalled bet ($9) returned to Shivas prana
Shivas prana collected $2 from pot
Shivas prana: doesn't show hand 
*** SUMMARY ***
Total pot $2 | Rake $0 
Seat 1: Lorpugo (button) (small blind) folded before Flop
Seat 2: Shivas prana (big blind) collected ($2)



PokerStars Zoom Hand #240961468176:  Hold'em No Limit ($0.25/$0.50 - $10 Cap - ) - 2023/01/06 17:15:02 ET
Table 'Alpha Reticuli (Cap)' 2-max Seat #1 is the button
Seat 1: Shivas prana ($20.88 in chips) 
Seat 2: Lorpugo ($26.33 in chips) 
Shivas prana: posts small blind $0.25
Lorpugo: posts big blind $0.50
*** HOLE CARDS ***
Dealt to Lorpugo [Jd Ts]
Shivas prana: calls $0.25
Lorpugo: raises $0.50 to $1
Shivas prana: calls $0.50
*** FLOP *** [4s Td 4c]
Lorpugo: bets $0.50
Shivas prana: calls $0.50
*** TURN *** [4s Td 4c] [3d]
Lorpugo: checks 
Shivas prana: checks 
*** RIVER *** [4s Td 4c 3d] [Qs]
Lorpugo: checks 
Shivas prana: checks 
*** SHOW DOWN ***
Lorpugo: shows [Jd Ts] (two pair, Tens and Fours)
Shivas prana: mucks hand 
Lorpugo collected $2.85 from pot
*** SUMMARY ***
Total pot $3 | Rake $0.15 
Board [4s Td 4c 3d Qs]
Seat 1: Shivas prana (button) (small blind) mucked [3s Ad]
Seat 2: Lorpugo (big blind) showed [Jd Ts] and won ($2.85) with two pair, Tens and Fours



PokerStars Zoom Hand #240961480080:  Hold'em No Limit ($0.25/$0.50 - $10 Cap - ) - 2023/01/06 17:15:28 ET
Table 'Alpha Reticuli (Cap)' 2-max Seat #1 is the button
Seat 1: Lorpugo ($27.68 in chips) 
Seat 2: Shivas prana ($19.38 in chips) 
Lorpugo: posts small blind $0.25
Shivas prana: posts big blind $0.50
*** HOLE CARDS ***
Dealt to Lorpugo [9c 5h]
Lorpugo: folds 
Uncalled bet ($0.25) returned to Shivas prana
Shivas prana collected $0.50 from pot
Shivas prana: doesn't show hand 
*** SUMMARY ***
Total pot $0.50 | Rake $0 
Seat 1: Lorpugo (button) (small blind) folded before Flop
Seat 2: Shivas prana (big blind) collected ($0.50)



PokerStars Zoom Hand #240961483723:  Hold'em No Limit ($0.25/$0.50 - $10 Cap - ) - 2023/01/06 17:15:36 ET
Table 'Alpha Reticuli (Cap)' 2-max Seat #1 is the button
Seat 1: Lorpugo ($27.43 in chips) 
Seat 2: Shivas prana ($11.45 in chips) 
Lorpugo: posts small blind $0.25
Shivas prana: posts big blind $0.50
*** HOLE CARDS ***
Dealt to Lorpugo [6h 2s]
Lorpugo: folds 
Uncalled bet ($0.25) returned to Shivas prana
Shivas prana collected $0.50 from pot
Shivas prana: doesn't show hand 
*** SUMMARY ***
Total pot $0.50 | Rake $0 
Seat 1: Lorpugo (button) (small blind) folded before Flop
Seat 2: Shivas prana (big blind) collected ($0.50)



PokerStars Zoom Hand #240961485529:  Hold'em No Limit ($0.25/$0.50 - $10 Cap - ) - 2023/01/06 17:15:40 ET
Table 'Alpha Reticuli (Cap)' 2-max Seat #1 is the button
Seat 1: Shivas prana ($19.63 in chips) 
Seat 2: Lorpugo ($27.18 in chips) 
Shivas prana: posts small blind $0.25
Lorpugo: posts big blind $0.50
*** HOLE CARDS ***
Dealt to Lorpugo [8s Jd]
Shivas prana: calls $0.25
Lorpugo: checks 
*** FLOP *** [7s Jc As]
Lorpugo: checks 
Shivas prana: bets $0.50
Lorpugo: calls $0.50
*** TURN *** [7s Jc As] [6d]
Lorpugo: bets $0.50
Shivas prana: folds 
Uncalled bet ($0.50) returned to Lorpugo
Lorpugo collected $1.90 from pot
Lorpugo: doesn't show hand 
*** SUMMARY ***
Total pot $2 | Rake $0.10 
Board [7s Jc As 6d]
Seat 1: Shivas prana (button) (small blind) folded on the Turn
Seat 2: Lorpugo (big blind) collected ($1.90)



PokerStars Zoom Hand #240961494655:  Hold'em No Limit ($0.25/$0.50 - $10 Cap - ) - 2023/01/06 17:16:00 ET
Table 'Alpha Reticuli (Cap)' 2-max Seat #1 is the button
Seat 1: kevin19931706 ($5.64 in chips) 
Seat 2: Lorpugo ($28.08 in chips) 
kevin19931706: posts small blind $0.25
Lorpugo: posts big blind $0.50
*** HOLE CARDS ***
Dealt to Lorpugo [5s 3h]
kevin19931706: folds 
Uncalled bet ($0.25) returned to Lorpugo
Lorpugo collected $0.50 from pot
Lorpugo: doesn't show hand 
*** SUMMARY ***
Total pot $0.50 | Rake $0 
Seat 1: kevin19931706 (button) (small blind) folded before Flop
Seat 2: Lorpugo (big blind) collected ($0.50)



PokerStars Zoom Hand #240961503645:  Hold'em No Limit ($0.25/$0.50 - $10 Cap - ) - 2023/01/06 17:16:20 ET
Table 'Alpha Reticuli (Cap)' 2-max Seat #1 is the button
Seat 1: Lorpugo ($28.33 in chips) 
Seat 2: Shivas prana ($10.45 in chips) 
Lorpugo: posts small blind $0.25
Shivas prana: posts big blind $0.50
*** HOLE CARDS ***
Dealt to Lorpugo [Ks Td]
Lorpugo: calls $0.25
Shivas prana: checks 
*** FLOP *** [Jc 5s Kd]
Shivas prana: checks 
Lorpugo: checks 
*** TURN *** [Jc 5s Kd] [Kh]
Shivas prana: checks 
Lorpugo: bets $0.63
Shivas prana: folds 
Uncalled bet ($0.63) returned to Lorpugo
Lorpugo collected $0.95 from pot
Lorpugo: doesn't show hand 
*** SUMMARY ***
Total pot $1 | Rake $0.05 
Board [Jc 5s Kd Kh]
Seat 1: Lorpugo (button) (small blind) collected ($0.95)
Seat 2: Shivas prana (big blind) folded on the Turn



PokerStars Zoom Hand #240961512767:  Hold'em No Limit ($0.25/$0.50 - $10 Cap - ) - 2023/01/06 17:16:41 ET
Table 'Alpha Reticuli (Cap)' 2-max Seat #1 is the button
Seat 1: Lorpugo ($28.78 in chips) 
Seat 2: Shivas prana ($23.85 in chips) 
Lorpugo: posts small blind $0.25
Shivas prana: posts big blind $0.50
*** HOLE CARDS ***
Dealt to Lorpugo [3s 2c]
Lorpugo: folds 
Uncalled bet ($0.25) returned to Shivas prana
Shivas prana collected $0.50 from pot
Shivas prana: doesn't show hand 
*** SUMMARY ***
Total pot $0.50 | Rake $0 
Seat 1: Lorpugo (button) (small blind) folded before Flop
Seat 2: Shivas prana (big blind) collected ($0.50)



PokerStars Zoom Hand #240961517302:  Hold'em No Limit ($0.25/$0.50 - $10 Cap - ) - 2023/01/06 17:16:51 ET
Table 'Alpha Reticuli (Cap)' 2-max Seat #1 is the button
Seat 1: Shivas prana ($10 in chips) 
Seat 2: Lorpugo ($28.53 in chips) 
Shivas prana: posts small blind $0.25
Lorpugo: posts big blind $0.50
*** HOLE CARDS ***
Dealt to Lorpugo [Qs 9s]
Shivas prana: calls $0.25
Lorpugo: checks 
*** FLOP *** [3d 6d Qd]
Lorpugo: bets $0.50
Shivas prana: folds 
Uncalled bet ($0.50) returned to Lorpugo
Lorpugo collected $0.95 from pot
Lorpugo: doesn't show hand 
*** SUMMARY ***
Total pot $1 | Rake $0.05 
Board [3d 6d Qd]
Seat 1: Shivas prana (button) (small blind) folded on the Flop
Seat 2: Lorpugo (big blind) collected ($0.95)



PokerStars Zoom Hand #240961522780:  Hold'em No Limit ($0.25/$0.50 - $10 Cap - ) - 2023/01/06 17:17:03 ET
Table 'Alpha Reticuli (Cap)' 2-max Seat #1 is the button
Seat 1: kevin19931706 ($5.24 in chips) 
Seat 2: Lorpugo ($28.98 in chips) 
kevin19931706: posts small blind $0.25
Lorpugo: posts big blind $0.50
*** HOLE CARDS ***
Dealt to Lorpugo [7h 7d]
kevin19931706: raises $4.74 to $5.24 and is all-in
Lorpugo: calls $4.74
*** FLOP *** [8h 2c 4c]
*** TURN *** [8h 2c 4c] [8c]
*** RIVER *** [8h 2c 4c 8c] [5d]
*** SHOW DOWN ***
Lorpugo: shows [7h 7d] (two pair, Eights and Sevens)
kevin19931706: shows [9c 8d] (three of a kind, Eights)
kevin19931706 collected $9.96 from pot
*** SUMMARY ***
Total pot $10.48 | Rake $0.52 
Board [8h 2c 4c 8c 5d]
Seat 1: kevin19931706 (button) (small blind) showed [9c 8d] and won ($9.96) with three of a kind, Eights
Seat 2: Lorpugo (big blind) showed [7h 7d] and lost with two pair, Eights and Sevens



PokerStars Zoom Hand #240961529019:  Hold'em No Limit ($0.25/$0.50 - $10 Cap - ) - 2023/01/06 17:17:17 ET
Table 'Alpha Reticuli (Cap)' 2-max Seat #1 is the button
Seat 1: Lorpugo ($23.74 in chips) 
Seat 2: kevin19931706 ($9.96 in chips) 
Lorpugo: posts small blind $0.25
kevin19931706: posts big blind $0.50
*** HOLE CARDS ***
Dealt to Lorpugo [7c 9h]
Lorpugo: calls $0.25
kevin19931706: checks 
*** FLOP *** [3s 6c 9c]
kevin19931706: checks 
Lorpugo: bets $9.50 and has reached the $10 cap
kevin19931706: folds 
Uncalled bet ($9.50) returned to Lorpugo
Lorpugo collected $0.95 from pot
Lorpugo: doesn't show hand 
*** SUMMARY ***
Total pot $1 | Rake $0.05 
Board [3s 6c 9c]
Seat 1: Lorpugo (button) (small blind) collected ($0.95)
Seat 2: kevin19931706 (big blind) folded on the Flop



PokerStars Zoom Hand #240961538193:  Hold'em No Limit ($0.25/$0.50 - $10 Cap - ) - 2023/01/06 17:17:37 ET
Table 'Alpha Reticuli (Cap)' 2-max Seat #1 is the button
Seat 1: Lorpugo ($24.19 in chips) 
Seat 2: Shivas prana ($10 in chips) 
Lorpugo: posts small blind $0.25
Shivas prana: posts big blind $0.50
*** HOLE CARDS ***
Dealt to Lorpugo [6c Ah]
Lorpugo: calls $0.25
Shivas prana: checks 
*** FLOP *** [7h Ad 8h]
Shivas prana: checks 
Lorpugo: bets $0.50
Shivas prana: calls $0.50
*** TURN *** [7h Ad 8h] [8c]
Shivas prana: checks 
Lorpugo: checks 
*** RIVER *** [7h Ad 8h 8c] [4c]
Shivas prana: bets $9 and is all-in
Lorpugo: calls $9 and has reached the $10 cap
*** SHOW DOWN ***
Shivas prana: shows [8s 5s] (three of a kind, Eights)
Lorpugo: shows [6c Ah] (two pair, Aces and Eights)
Shivas prana collected $19.25 from pot
*** SUMMARY ***
Total pot $20 | Rake $0.75 
Board [7h Ad 8h 8c 4c]
Seat 1: Lorpugo (button) (small blind) showed [6c Ah] and lost with two pair, Aces and Eights
Seat 2: Shivas prana (big blind) showed [8s 5s] and won ($19.25) with three of a kind, Eights



PokerStars Zoom Hand #240961552984:  Hold'em No Limit ($0.25/$0.50 - $10 Cap - ) - 2023/01/06 17:18:10 ET
Table 'Alpha Reticuli (Cap)' 2-max Seat #1 is the button
Seat 1: Shivas prana ($19.25 in chips) 
Seat 2: Lorpugo ($14.19 in chips) 
Shivas prana: posts small blind $0.25
Lorpugo: posts big blind $0.50
*** HOLE CARDS ***
Dealt to Lorpugo [8c 7h]
Shivas prana: calls $0.25
Lorpugo: checks 
*** FLOP *** [6s Kc 2c]
Lorpugo: checks 
Shivas prana: bets $0.50
Lorpugo: folds 
Uncalled bet ($0.50) returned to Shivas prana
Shivas prana collected $0.95 from pot
Shivas prana: doesn't show hand 
*** SUMMARY ***
Total pot $1 | Rake $0.05 
Board [6s Kc 2c]
Seat 1: Shivas prana (button) (small blind) collected ($0.95)
Seat 2: Lorpugo (big blind) folded on the Flop



PokerStars Zoom Hand #240961559334:  Hold'em No Limit ($0.25/$0.50 - $10 Cap - ) - 2023/01/06 17:18:24 ET
Table 'Alpha Reticuli (Cap)' 2-max Seat #1 is the button
Seat 1: Lorpugo ($13.69 in chips) 
Seat 2: Shivas prana ($19.70 in chips) 
Lorpugo: posts small blind $0.25
Shivas prana: posts big blind $0.50
*** HOLE CARDS ***
Dealt to Lorpugo [9s 2c]
Lorpugo: folds 
Uncalled bet ($0.25) returned to Shivas prana
Shivas prana collected $0.50 from pot
Shivas prana: doesn't show hand 
*** SUMMARY ***
Total pot $0.50 | Rake $0 
Seat 1: Lorpugo (button) (small blind) folded before Flop
Seat 2: Shivas prana (big blind) collected ($0.50)



PokerStars Zoom Hand #240961562302:  Hold'em No Limit ($0.25/$0.50 - $10 Cap - ) - 2023/01/06 17:18:30 ET
Table 'Alpha Reticuli (Cap)' 2-max Seat #1 is the button
Seat 1: Shivas prana ($19.95 in chips) 
Seat 2: Lorpugo ($13.44 in chips) 
Shivas prana: posts small blind $0.25
Lorpugo: posts big blind $0.50
*** HOLE CARDS ***
Dealt to Lorpugo [3s 7d]
Shivas prana: folds 
Uncalled bet ($0.25) returned to Lorpugo
Lorpugo collected $0.50 from pot
Lorpugo: doesn't show hand 
*** SUMMARY ***
Total pot $0.50 | Rake $0 
Seat 1: Shivas prana (button) (small blind) folded before Flop
Seat 2: Lorpugo (big blind) collected ($0.50)



PokerStars Zoom Hand #240961564594:  Hold'em No Limit ($0.25/$0.50 - $10 Cap - ) - 2023/01/06 17:18:35 ET
Table 'Alpha Reticuli (Cap)' 2-max Seat #1 is the button
Seat 1: Lorpugo ($13.69 in chips) 
Seat 2: Shivas prana ($19.70 in chips) 
Lorpugo: posts small blind $0.25
Shivas prana: posts big blind $0.50
*** HOLE CARDS ***
Dealt to Lorpugo [Th 6c]
Lorpugo: folds 
Uncalled bet ($0.25) returned to Shivas prana
Shivas prana collected $0.50 from pot
Shivas prana: doesn't show hand 
*** SUMMARY ***
Total pot $0.50 | Rake $0 
Seat 1: Lorpugo (button) (small blind) folded before Flop
Seat 2: Shivas prana (big blind) collected ($0.50)



PokerStars Zoom Hand #240961567816:  Hold'em No Limit ($0.25/$0.50 - $10 Cap - ) - 2023/01/06 17:18:42 ET
Table 'Alpha Reticuli (Cap)' 2-max Seat #1 is the button
Seat 1: Shivas prana ($19.95 in chips) 
Seat 2: Lorpugo ($13.44 in chips) 
Shivas prana: posts small blind $0.25
Lorpugo: posts big blind $0.50
*** HOLE CARDS ***
Dealt to Lorpugo [Kh 9c]
Shivas prana: calls $0.25
Lorpugo: checks 
*** FLOP *** [6d 9s Qs]
Lorpugo: checks 
Shivas prana: bets $0.50
Lorpugo: calls $0.50
*** TURN *** [6d 9s Qs] [8s]
Lorpugo: checks 
Shivas prana: checks 
*** RIVER *** [6d 9s Qs 8s] [Ah]
Lorpugo: checks 
Shivas prana: bets $2.85
Lorpugo: folds 
Uncalled bet ($2.85) returned to Shivas prana
Shivas prana collected $1.90 from pot
Shivas prana: doesn't show hand 
*** SUMMARY ***
Total pot $2 | Rake $0.10 
Board [6d 9s Qs 8s Ah]
Seat 1: Shivas prana (button) (small blind) collected ($1.90)
Seat 2: Lorpugo (big blind) folded on the River



PokerStars Zoom Hand #240961581673:  Hold'em No Limit ($0.25/$0.50 - $10 Cap - ) - 2023/01/06 17:19:13 ET
Table 'Alpha Reticuli (Cap)' 2-max Seat #1 is the button
Seat 1: Lorpugo ($12.44 in chips) 
Seat 2: Shivas prana ($20.85 in chips) 
Lorpugo: posts small blind $0.25
Shivas prana: posts big blind $0.50
*** HOLE CARDS ***
Dealt to Lorpugo [3c 5s]
Lorpugo: folds 
Uncalled bet ($0.25) returned to Shivas prana
Shivas prana collected $0.50 from pot
Shivas prana: doesn't show hand 
*** SUMMARY ***
Total pot $0.50 | Rake $0 
Seat 1: Lorpugo (button) (small blind) folded before Flop
Seat 2: Shivas prana (big blind) collected ($0.50)



PokerStars Zoom Hand #240961584146:  Hold'em No Limit ($0.25/$0.50 - $10 Cap - ) - 2023/01/06 17:19:18 ET
Table 'Alpha Reticuli (Cap)' 2-max Seat #1 is the button
Seat 1: Shivas prana ($21.10 in chips) 
Seat 2: Lorpugo ($12.19 in chips) 
Shivas prana: posts small blind $0.25
Lorpugo: posts big blind $0.50
*** HOLE CARDS ***
Dealt to Lorpugo [Ah 7c]
Shivas prana: calls $0.25
Lorpugo: checks 
*** FLOP *** [3d 2h 9d]
Lorpugo: bets $0.50
Shivas prana: calls $0.50
*** TURN *** [3d 2h 9d] [Js]
Lorpugo: checks 
Shivas prana: bets $2.85
Lorpugo: folds 
Uncalled bet ($2.85) returned to Shivas prana
Shivas prana collected $1.90 from pot
Shivas prana: doesn't show hand 
*** SUMMARY ***
Total pot $2 | Rake $0.10 
Board [3d 2h 9d Js]
Seat 1: Shivas prana (button) (small blind) collected ($1.90)
Seat 2: Lorpugo (big blind) folded on the Turn



PokerStars Zoom Hand #240961595417:  Hold'em No Limit ($0.25/$0.50 - $10 Cap - ) - 2023/01/06 17:19:43 ET
Table 'Alpha Reticuli (Cap)' 2-max Seat #1 is the button
Seat 1: Lorpugo ($11.19 in chips) 
Seat 2: Shivas prana ($22 in chips) 
Lorpugo: posts small blind $0.25
Shivas prana: posts big blind $0.50
*** HOLE CARDS ***
Dealt to Lorpugo [9c Tc]
Lorpugo: calls $0.25
Shivas prana: checks 
*** FLOP *** [Jd 4s Ts]
Shivas prana: checks 
Lorpugo: checks 
*** TURN *** [Jd 4s Ts] [Ac]
Shivas prana: checks 
Lorpugo: bets $0.50
Shivas prana: folds 
Uncalled bet ($0.50) returned to Lorpugo
Lorpugo collected $0.95 from pot
Lorpugo: doesn't show hand 
*** SUMMARY ***
Total pot $1 | Rake $0.05 
Board [Jd 4s Ts Ac]
Seat 1: Lorpugo (button) (small blind) collected ($0.95)
Seat 2: Shivas prana (big blind) folded on the Turn



PokerStars Zoom Hand #240961603621:  Hold'em No Limit ($0.25/$0.50 - $10 Cap - ) - 2023/01/06 17:20:02 ET
Table 'Alpha Reticuli (Cap)' 2-max Seat #1 is the button
Seat 1: Shivas prana ($24.90 in chips) 
Seat 2: Lorpugo ($11.64 in chips) 
Shivas prana: posts small blind $0.25
Lorpugo: posts big blind $0.50
*** HOLE CARDS ***
Dealt to Lorpugo [8d 7s]
Shivas prana: calls $0.25
Lorpugo: checks 
*** FLOP *** [4d Ah Kh]
Lorpugo: bets $0.50
Shivas prana: calls $0.50
*** TURN *** [4d Ah Kh] [Kd]
Lorpugo: checks 
Shivas prana: checks 
*** RIVER *** [4d Ah Kh Kd] [2s]
Lorpugo: checks 
Shivas prana: bets $1.43
Lorpugo: folds 
Uncalled bet ($1.43) returned to Shivas prana
Shivas prana collected $1.90 from pot
Shivas prana: doesn't show hand 
*** SUMMARY ***
Total pot $2 | Rake $0.10 
Board [4d Ah Kh Kd 2s]
Seat 1: Shivas prana (button) (small blind) collected ($1.90)
Seat 2: Lorpugo (big blind) folded on the River



PokerStars Zoom Hand #240961615894:  Hold'em No Limit ($0.25/$0.50 - $10 Cap - ) - 2023/01/06 17:20:29 ET
Table 'Alpha Reticuli (Cap)' 2-max Seat #1 is the button
Seat 1: Lorpugo ($10.64 in chips) 
Seat 2: Shivas prana ($25.80 in chips) 
Lorpugo: posts small blind $0.25
Shivas prana: posts big blind $0.50
*** HOLE CARDS ***
Dealt to Lorpugo [8c 8d]
Lorpugo: raises $0.50 to $1
Shivas prana: raises $9 to $10 and has reached the $10 cap
Lorpugo: calls $9 and has reached the $10 cap
*** FLOP *** [4c Qs Kh]
*** TURN *** [4c Qs Kh] [Td]
*** RIVER *** [4c Qs Kh Td] [2h]
*** SHOW DOWN ***
Shivas prana: shows [Ad 6c] (high card Ace)
Lorpugo: shows [8c 8d] (a pair of Eights)
Lorpugo collected $19.25 from pot
*** SUMMARY ***
Total pot $20 | Rake $0.75 
Board [4c Qs Kh Td 2h]
Seat 1: Lorpugo (button) (small blind) showed [8c 8d] and won ($19.25) with a pair of Eights
Seat 2: Shivas prana (big blind) showed [Ad 6c] and lost with high card Ace



PokerStars Zoom Hand #240961624275:  Hold'em No Limit ($0.25/$0.50 - $10 Cap - ) - 2023/01/06 17:20:48 ET
Table 'Alpha Reticuli (Cap)' 2-max Seat #1 is the button
Seat 1: Shivas prana ($15.80 in chips) 
Seat 2: Lorpugo ($19.89 in chips) 
Shivas prana: posts small blind $0.25
Lorpugo: posts big blind $0.50
*** HOLE CARDS ***
Dealt to Lorpugo [8c 3h]
Shivas prana: calls $0.25
Lorpugo: checks 
*** FLOP *** [7c 3s Td]
Lorpugo: checks 
Shivas prana: bets $0.50
Lorpugo: calls $0.50
*** TURN *** [7c 3s Td] [2h]
Lorpugo: checks 
Shivas prana: checks 
*** RIVER *** [7c 3s Td 2h] [4c]
Lorpugo: checks 
Shivas prana: checks 
*** SHOW DOWN ***
Lorpugo: shows [8c 3h] (a pair of Threes)
Shivas prana: mucks hand 
Lorpugo collected $1.90 from pot
*** SUMMARY ***
Total pot $2 | Rake $0.10 
Board [7c 3s Td 2h 4c]
Seat 1: Shivas prana (button) (small blind) mucked [As Js]
Seat 2: Lorpugo (big blind) showed [8c 3h] and won ($1.90) with a pair of Threes



PokerStars Zoom Hand #240961636619:  Hold'em No Limit ($0.25/$0.50 - $10 Cap - ) - 2023/01/06 17:21:15 ET
Table 'Alpha Reticuli (Cap)' 2-max Seat #1 is the button
Seat 1: Lorpugo ($20.79 in chips) 
Seat 2: Shivas prana ($14.80 in chips) 
Lorpugo: posts small blind $0.25
Shivas prana: posts big blind $0.50
*** HOLE CARDS ***
Dealt to Lorpugo [Kd 5h]
Lorpugo: calls $0.25
Shivas prana: checks 
*** FLOP *** [3d Ac 6h]
Shivas prana: checks 
Lorpugo: bets $0.50
Shivas prana: folds 
Uncalled bet ($0.50) returned to Lorpugo
Lorpugo collected $0.95 from pot
Lorpugo: doesn't show hand 
*** SUMMARY ***
Total pot $1 | Rake $0.05 
Board [3d Ac 6h]
Seat 1: Lorpugo (button) (small blind) collected ($0.95)
Seat 2: Shivas prana (big blind) folded on the Flop



PokerStars Zoom Hand #240961645557:  Hold'em No Limit ($0.25/$0.50 - $10 Cap - ) - 2023/01/06 17:21:35 ET
Table 'Alpha Reticuli (Cap)' 2-max Seat #1 is the button
Seat 1: Shivas prana ($14.30 in chips) 
Seat 2: Lorpugo ($21.24 in chips) 
Shivas prana: posts small blind $0.25
Lorpugo: posts big blind $0.50
*** HOLE CARDS ***
Dealt to Lorpugo [As Ad]
Shivas prana: calls $0.25
Lorpugo: checks 
*** FLOP *** [6s Tc 8h]
Lorpugo: checks 
Shivas prana: checks 
*** TURN *** [6s Tc 8h] [Qh]
Lorpugo: bets $0.50
Shivas prana: calls $0.50
*** RIVER *** [6s Tc 8h Qh] [Th]
Lorpugo: checks 
Shivas prana: bets $0.63
Lorpugo: calls $0.63
*** SHOW DOWN ***
Shivas prana: shows [9d Qc] (two pair, Queens and Tens)
Lorpugo: shows [As Ad] (two pair, Aces and Tens)
Lorpugo collected $3.10 from pot
*** SUMMARY ***
Total pot $3.26 | Rake $0.16 
Board [6s Tc 8h Qh Th]
Seat 1: Shivas prana (button) (small blind) showed [9d Qc] and lost with two pair, Queens and Tens
Seat 2: Lorpugo (big blind) showed [As Ad] and won ($3.10) with two pair, Aces and Tens



PokerStars Zoom Hand #240961658875:  Hold'em No Limit ($0.25/$0.50 - $10 Cap - ) - 2023/01/06 17:22:05 ET
Table 'Alpha Reticuli (Cap)' 2-max Seat #1 is the button
Seat 1: Lorpugo ($22.71 in chips) 
Seat 2: kevin19931706 ($8.97 in chips) 
Lorpugo: posts small blind $0.25
kevin19931706: posts big blind $0.50
*** HOLE CARDS ***
Dealt to Lorpugo [Ks Kc]
Lorpugo: raises $0.50 to $1
kevin19931706: calls $0.50
*** FLOP *** [2c 4d Jd]
kevin19931706: checks 
Lorpugo: checks 
*** TURN *** [2c 4d Jd] [6c]
kevin19931706: bets $1.50
Lorpugo: raises $7.50 to $9 and has reached the $10 cap
kevin19931706: calls $6.47 and is all-in
Uncalled bet ($1.03) returned to Lorpugo
*** RIVER *** [2c 4d Jd 6c] [6s]
*** SHOW DOWN ***
kevin19931706: shows [5h Jh] (two pair, Jacks and Sixes)
Lorpugo: shows [Ks Kc] (two pair, Kings and Sixes)
Lorpugo collected $17.19 from pot
*** SUMMARY ***
Total pot $17.94 | Rake $0.75 
Board [2c 4d Jd 6c 6s]
Seat 1: Lorpugo (button) (small blind) showed [Ks Kc] and won ($17.19) with two pair, Kings and Sixes
Seat 2: kevin19931706 (big blind) showed [5h Jh] and lost with two pair, Jacks and Sixes



PokerStars Zoom Hand #240961675740:  Hold'em No Limit ($0.25/$0.50 - $10 Cap - ) - 2023/01/06 17:22:43 ET
Table 'Alpha Reticuli (Cap)' 2-max Seat #1 is the button
Seat 1: Shivas prana ($12.67 in chips) 
Seat 2: Lorpugo ($30.93 in chips) 
Shivas prana: posts small blind $0.25
Lorpugo: posts big blind $0.50
*** HOLE CARDS ***
Dealt to Lorpugo [9c 3d]
Shivas prana: calls $0.25
Lorpugo: checks 
*** FLOP *** [Ts 8s 7d]
Lorpugo: bets $0.50
Shivas prana: folds 
Uncalled bet ($0.50) returned to Lorpugo
Lorpugo collected $0.95 from pot
Lorpugo: doesn't show hand 
*** SUMMARY ***
Total pot $1 | Rake $0.05 
Board [Ts 8s 7d]
Seat 1: Shivas prana (button) (small blind) folded on the Flop
Seat 2: Lorpugo (big blind) collected ($0.95)



PokerStars Zoom Hand #240961681602:  Hold'em No Limit ($0.25/$0.50 - $10 Cap - ) - 2023/01/06 17:22:56 ET
Table 'Alpha Reticuli (Cap)' 2-max Seat #1 is the button
Seat 1: Lorpugo ($31.38 in chips) 
Seat 2: Shivas prana ($12.17 in chips) 
Lorpugo: posts small blind $0.25
Shivas prana: posts big blind $0.50
*** HOLE CARDS ***
Dealt to Lorpugo [Kh 3d]
Lorpugo: calls $0.25
Shivas prana: checks 
*** FLOP *** [4d Th Ts]
Shivas prana: checks 
Lorpugo: bets $0.50
Shivas prana: raises $1 to $1.50
Lorpugo: folds 
Uncalled bet ($1) returned to Shivas prana
Shivas prana collected $1.90 from pot
Shivas prana: doesn't show hand 
*** SUMMARY ***
Total pot $2 | Rake $0.10 
Board [4d Th Ts]
Seat 1: Lorpugo (button) (small blind) folded on the Flop
Seat 2: Shivas prana (big blind) collected ($1.90)



PokerStars Zoom Hand #240961691484:  Hold'em No Limit ($0.25/$0.50 - $10 Cap - ) - 2023/01/06 17:23:18 ET
Table 'Alpha Reticuli (Cap)' 2-max Seat #1 is the button
Seat 1: Shivas prana ($10.45 in chips) 
Seat 2: Lorpugo ($30.38 in chips) 
Shivas prana: posts small blind $0.25
Lorpugo: posts big blind $0.50
*** HOLE CARDS ***
Dealt to Lorpugo [5d 4d]
Shivas prana: calls $0.25
Lorpugo: checks 
*** FLOP *** [Kh 9h 3h]
Lorpugo: checks 
Shivas prana: checks 
*** TURN *** [Kh 9h 3h] [Qh]
Lorpugo: bets $0.50
Shivas prana: calls $0.50
*** RIVER *** [Kh 9h 3h Qh] [4c]
Lorpugo: checks 
Shivas prana: bets $1.43
Lorpugo: folds 
Uncalled bet ($1.43) returned to Shivas prana
Shivas prana collected $1.90 from pot
Shivas prana: doesn't show hand 
*** SUMMARY ***
Total pot $2 | Rake $0.10 
Board [Kh 9h 3h Qh 4c]
Seat 1: Shivas prana (button) (small blind) collected ($1.90)
Seat 2: Lorpugo (big blind) folded on the River



PokerStars Zoom Hand #240961701764:  Hold'em No Limit ($0.25/$0.50 - $10 Cap - ) - 2023/01/06 17:23:42 ET
Table 'Alpha Reticuli (Cap)' 2-max Seat #1 is the button
Seat 1: Lorpugo ($29.38 in chips) 
Seat 2: Shivas prana ($13.07 in chips) 
Lorpugo: posts small blind $0.25
Shivas prana: posts big blind $0.50
*** HOLE CARDS ***
Dealt to Lorpugo [9h 4h]
Lorpugo: calls $0.25
Shivas prana: raises $9.50 to $10 and has reached the $10 cap
Lorpugo: folds 
Uncalled bet ($9.50) returned to Shivas prana
Shivas prana collected $1 from pot
Shivas prana: doesn't show hand 
*** SUMMARY ***
Total pot $1 | Rake $0 
Seat 1: Lorpugo (button) (small blind) folded before Flop
Seat 2: Shivas prana (big blind) collected ($1)



PokerStars Zoom Hand #240961705653:  Hold'em No Limit ($0.25/$0.50 - $10 Cap - ) - 2023/01/06 17:23:51 ET
Table 'Alpha Reticuli (Cap)' 2-max Seat #1 is the button
Seat 1: Shivas prana ($11.35 in chips) 
Seat 2: Lorpugo ($28.88 in chips) 
Shivas prana: posts small blind $0.25
Lorpugo: posts big blind $0.50
*** HOLE CARDS ***
Dealt to Lorpugo [Qd 2c]
Shivas prana: calls $0.25
Lorpugo: checks 
*** FLOP *** [5d 6h 9s]
Lorpugo: checks 
Shivas prana: bets $0.50
Lorpugo: folds 
Uncalled bet ($0.50) returned to Shivas prana
Shivas prana collected $0.95 from pot
Shivas prana: doesn't show hand 
*** SUMMARY ***
Total pot $1 | Rake $0.05 
Board [5d 6h 9s]
Seat 1: Shivas prana (button) (small blind) collected ($0.95)
Seat 2: Lorpugo (big blind) folded on the Flop



PokerStars Zoom Hand #240961711900:  Hold'em No Limit ($0.25/$0.50 - $10 Cap - ) - 2023/01/06 17:24:05 ET
Table 'Alpha Reticuli (Cap)' 2-max Seat #1 is the button
Seat 1: Lorpugo ($28.38 in chips) 
Seat 2: Shivas prana ($13.57 in chips) 
Lorpugo: posts small blind $0.25
Shivas prana: posts big blind $0.50
*** HOLE CARDS ***
Dealt to Lorpugo [Ah Ac]
Lorpugo: calls $0.25
Shivas prana: checks 
*** FLOP *** [Th Qc 7h]
Shivas prana: checks 
Lorpugo: checks 
*** TURN *** [Th Qc 7h] [Js]
Shivas prana: bets $0.71
Lorpugo: calls $0.71
*** RIVER *** [Th Qc 7h Js] [8h]
Shivas prana: checks 
Lorpugo: checks 
*** SHOW DOWN ***
Shivas prana: shows [Qh 6d] (a pair of Queens)
Lorpugo: shows [Ah Ac] (a pair of Aces)
Lorpugo collected $2.30 from pot
*** SUMMARY ***
Total pot $2.42 | Rake $0.12 
Board [Th Qc 7h Js 8h]
Seat 1: Lorpugo (button) (small blind) showed [Ah Ac] and won ($2.30) with a pair of Aces
Seat 2: Shivas prana (big blind) showed [Qh 6d] and lost with a pair of Queens



PokerStars Zoom Hand #240961719533:  Hold'em No Limit ($0.25/$0.50 - $10 Cap - ) - 2023/01/06 17:24:22 ET
Table 'Alpha Reticuli (Cap)' 2-max Seat #1 is the button
Seat 1: Shivas prana ($12.36 in chips) 
Seat 2: Lorpugo ($29.47 in chips) 
Shivas prana: posts small blind $0.25
Lorpugo: posts big blind $0.50
*** HOLE CARDS ***
Dealt to Lorpugo [8s 5h]
Shivas prana: calls $0.25
Lorpugo: checks 
*** FLOP *** [5s Th Kd]
Lorpugo: checks 
Shivas prana: bets $0.50
Lorpugo: folds 
Uncalled bet ($0.50) returned to Shivas prana
Shivas prana collected $0.95 from pot
Shivas prana: doesn't show hand 
*** SUMMARY ***
Total pot $1 | Rake $0.05 
Board [5s Th Kd]
Seat 1: Shivas prana (button) (small blind) collected ($0.95)
Seat 2: Lorpugo (big blind) folded on the Flop



PokerStars Zoom Hand #240961725795:  Hold'em No Limit ($0.25/$0.50 - $10 Cap - ) - 2023/01/06 17:24:36 ET
Table 'Alpha Reticuli (Cap)' 2-max Seat #1 is the button
Seat 1: Lorpugo ($28.97 in chips) 
Seat 2: Shivas prana ($12.81 in chips) 
Lorpugo: posts small blind $0.25
Shivas prana: posts big blind $0.50
*** HOLE CARDS ***
Dealt to Lorpugo [9d 2s]
Lorpugo: folds 
Uncalled bet ($0.25) returned to Shivas prana
Shivas prana collected $0.50 from pot
Shivas prana: doesn't show hand 
*** SUMMARY ***
Total pot $0.50 | Rake $0 
Seat 1: Lorpugo (button) (small blind) folded before Flop
Seat 2: Shivas prana (big blind) collected ($0.50)



PokerStars Zoom Hand #240961728360:  Hold'em No Limit ($0.25/$0.50 - $10 Cap - ) - 2023/01/06 17:24:42 ET
Table 'Alpha Reticuli (Cap)' 2-max Seat #1 is the button
Seat 1: Shivas prana ($13.06 in chips) 
Seat 2: Lorpugo ($28.72 in chips) 
Shivas prana: posts small blind $0.25
Lorpugo: posts big blind $0.50
*** HOLE CARDS ***
Dealt to Lorpugo [2c 7s]
Shivas prana: calls $0.25
Lorpugo: checks 
*** FLOP *** [8h Ad Td]
Lorpugo: bets $0.50
Shivas prana: calls $0.50
*** TURN *** [8h Ad Td] [6s]
Lorpugo: checks 
Shivas prana: checks 
*** RIVER *** [8h Ad Td 6s] [Ah]
Lorpugo: bets $3
Shivas prana: folds 
Uncalled bet ($3) returned to Lorpugo
Lorpugo collected $1.90 from pot
Lorpugo: doesn't show hand 
*** SUMMARY ***
Total pot $2 | Rake $0.10 
Board [8h Ad Td 6s Ah]
Seat 1: Shivas prana (button) (small blind) folded on the River
Seat 2: Lorpugo (big blind) collected ($1.90)



PokerStars Zoom Hand #240961739915:  Hold'em No Limit ($0.25/$0.50 - $10 Cap - ) - 2023/01/06 17:25:08 ET
Table 'Alpha Reticuli (Cap)' 2-max Seat #1 is the button
Seat 1: Lorpugo ($29.62 in chips) 
Seat 2: Shivas prana ($12.06 in chips) 
Lorpugo: posts small blind $0.25
Shivas prana: posts big blind $0.50
*** HOLE CARDS ***
Dealt to Lorpugo [7d Qh]
Lorpugo: calls $0.25
Shivas prana: checks 
*** FLOP *** [2s Jh 3c]
Shivas prana: checks 
Lorpugo: bets $0.63
Shivas prana: calls $0.63
*** TURN *** [2s Jh 3c] [7s]
Shivas prana: checks 
Lorpugo: bets $1.08
Shivas prana: folds 
Uncalled bet ($1.08) returned to Lorpugo
Lorpugo collected $2.15 from pot
Lorpugo: doesn't show hand 
*** SUMMARY ***
Total pot $2.26 | Rake $0.11 
Board [2s Jh 3c 7s]
Seat 1: Lorpugo (button) (small blind) collected ($2.15)
Seat 2: Shivas prana (big blind) folded on the Turn



PokerStars Zoom Hand #240961748825:  Hold'em No Limit ($0.25/$0.50 - $10 Cap - ) - 2023/01/06 17:25:28 ET
Table 'Alpha Reticuli (Cap)' 2-max Seat #1 is the button
Seat 1: Shivas prana ($10.93 in chips) 
Seat 2: Lorpugo ($30.64 in chips) 
Shivas prana: posts small blind $0.25
Lorpugo: posts big blind $0.50
*** HOLE CARDS ***
Dealt to Lorpugo [7s Qs]
Shivas prana: calls $0.25
Lorpugo: checks 
*** FLOP *** [Tc 6h Td]
Lorpugo: checks 
Shivas prana: bets $0.50
Lorpugo: raises $0.50 to $1
Shivas prana: folds 
Uncalled bet ($0.50) returned to Lorpugo
Lorpugo collected $1.90 from pot
Lorpugo: doesn't show hand 
*** SUMMARY ***
Total pot $2 | Rake $0.10 
Board [Tc 6h Td]
Seat 1: Shivas prana (button) (small blind) folded on the Flop
Seat 2: Lorpugo (big blind) collected ($1.90)



PokerStars Zoom Hand #240961756814:  Hold'em No Limit ($0.25/$0.50 - $10 Cap - ) - 2023/01/06 17:25:46 ET
Table 'Alpha Reticuli (Cap)' 2-max Seat #1 is the button
Seat 1: Lorpugo ($31.54 in chips) 
Seat 2: Shivas prana ($10 in chips) 
Lorpugo: posts small blind $0.25
Shivas prana: posts big blind $0.50
*** HOLE CARDS ***
Dealt to Lorpugo [Js Qs]
Lorpugo: calls $0.25
Shivas prana: checks 
*** FLOP *** [8s Kc 2c]
Shivas prana: checks 
Lorpugo: bets $0.50
Shivas prana: raises $1 to $1.50
Lorpugo: folds 
Uncalled bet ($1) returned to Shivas prana
Shivas prana collected $1.90 from pot
Shivas prana: doesn't show hand 
*** SUMMARY ***
Total pot $2 | Rake $0.10 
Board [8s Kc 2c]
Seat 1: Lorpugo (button) (small blind) folded on the Flop
Seat 2: Shivas prana (big blind) collected ($1.90)



PokerStars Zoom Hand #240961764207:  Hold'em No Limit ($0.25/$0.50 - $10 Cap - ) - 2023/01/06 17:26:03 ET
Table 'Alpha Reticuli (Cap)' 2-max Seat #1 is the button
Seat 1: Shivas prana ($10.90 in chips) 
Seat 2: Lorpugo ($30.54 in chips) 
Shivas prana: posts small blind $0.25
Lorpugo: posts big blind $0.50
*** HOLE CARDS ***
Dealt to Lorpugo [Ad 3c]
Shivas prana: raises $0.50 to $1
Lorpugo: calls $0.50
*** FLOP *** [3h 2h 8d]
Lorpugo: bets $0.50
Shivas prana: calls $0.50
*** TURN *** [3h 2h 8d] [2c]
Lorpugo: bets $0.50
Shivas prana: calls $0.50
*** RIVER *** [3h 2h 8d 2c] [7h]
Lorpugo: bets $0.50
Shivas prana: raises $7.50 to $8 and has reached the $10 cap
Lorpugo: folds 
Uncalled bet ($7.50) returned to Shivas prana
Shivas prana collected $4.75 from pot
Shivas prana: doesn't show hand 
*** SUMMARY ***
Total pot $5 | Rake $0.25 
Board [3h 2h 8d 2c 7h]
Seat 1: Shivas prana (button) (small blind) collected ($4.75)
Seat 2: Lorpugo (big blind) folded on the River



PokerStars Zoom Hand #240961776116:  Hold'em No Limit ($0.25/$0.50 - $10 Cap - ) - 2023/01/06 17:26:30 ET
Table 'Alpha Reticuli (Cap)' 2-max Seat #1 is the button
Seat 1: Lorpugo ($28.04 in chips) 
Seat 2: Shivas prana ($13.15 in chips) 
Lorpugo: posts small blind $0.25
Shivas prana: posts big blind $0.50
*** HOLE CARDS ***
Dealt to Lorpugo [4h Ac]
Lorpugo: raises $0.50 to $1
Shivas prana: calls $0.50
*** FLOP *** [Ts 9s 5d]
Shivas prana: checks 
Lorpugo: checks 
*** TURN *** [Ts 9s 5d] [Kd]
Shivas prana: checks 
Lorpugo: checks 
*** RIVER *** [Ts 9s 5d Kd] [2c]
Shivas prana: checks 
Lorpugo: checks 
*** SHOW DOWN ***
Shivas prana: shows [6c 5h] (a pair of Fives)
Lorpugo: mucks hand 
Shivas prana collected $1.90 from pot
*** SUMMARY ***
Total pot $2 | Rake $0.10 
Board [Ts 9s 5d Kd 2c]
Seat 1: Lorpugo (button) (small blind) mucked [4h Ac]
Seat 2: Shivas prana (big blind) showed [6c 5h] and won ($1.90) with a pair of Fives



PokerStars Zoom Hand #240961784833:  Hold'em No Limit ($0.25/$0.50 - $10 Cap - ) - 2023/01/06 17:26:50 ET
Table 'Alpha Reticuli (Cap)' 2-max Seat #1 is the button
Seat 1: Shivas prana ($14.05 in chips) 
Seat 2: Lorpugo ($27.04 in chips) 
Shivas prana: posts small blind $0.25
Lorpugo: posts big blind $0.50
*** HOLE CARDS ***
Dealt to Lorpugo [9s 9c]
Shivas prana: calls $0.25
Lorpugo: checks 
*** FLOP *** [9h Kc 3s]
Lorpugo: checks 
Shivas prana: checks 
*** TURN *** [9h Kc 3s] [8d]
Lorpugo: bets $0.50
Shivas prana: raises $1 to $1.50
Lorpugo: calls $1
*** RIVER *** [9h Kc 3s 8d] [6c]
Lorpugo: checks 
Shivas prana: checks 
*** SHOW DOWN ***
Lorpugo: shows [9s 9c] (three of a kind, Nines)
Shivas prana: mucks hand 
Lorpugo collected $3.80 from pot
*** SUMMARY ***
Total pot $4 | Rake $0.20 
Board [9h Kc 3s 8d 6c]
Seat 1: Shivas prana (button) (small blind) mucked [Qh 4h]
Seat 2: Lorpugo (big blind) showed [9s 9c] and won ($3.80) with three of a kind, Nines



PokerStars Zoom Hand #240961796990:  Hold'em No Limit ($0.25/$0.50 - $10 Cap - ) - 2023/01/06 17:27:18 ET
Table 'Alpha Reticuli (Cap)' 2-max Seat #1 is the button
Seat 1: Lorpugo ($28.84 in chips) 
Seat 2: Shivas prana ($12.05 in chips) 
Lorpugo: posts small blind $0.25
Shivas prana: posts big blind $0.50
*** HOLE CARDS ***
Dealt to Lorpugo [Th Qc]
Lorpugo: raises $0.50 to $1
Shivas prana: calls $0.50
*** FLOP *** [Js As 7s]
Shivas prana: checks 
Lorpugo: checks 
*** TURN *** [Js As 7s] [5c]
Shivas prana: checks 
Lorpugo: checks 
*** RIVER *** [Js As 7s 5c] [8s]
Shivas prana: checks 
Lorpugo: checks 
*** SHOW DOWN ***
Shivas prana: shows [Kd Tc] (high card Ace)
Lorpugo: mucks hand 
Shivas prana collected $1.90 from pot
*** SUMMARY ***
Total pot $2 | Rake $0.10 
Board [Js As 7s 5c 8s]
Seat 1: Lorpugo (button) (small blind) mucked [Th Qc]
Seat 2: Shivas prana (big blind) showed [Kd Tc] and won ($1.90) with high card Ace



PokerStars Zoom Hand #240961804942:  Hold'em No Limit ($0.25/$0.50 - $10 Cap - ) - 2023/01/06 17:27:36 ET
Table 'Alpha Reticuli (Cap)' 2-max Seat #1 is the button
Seat 1: Shivas prana ($12.95 in chips) 
Seat 2: Lorpugo ($27.84 in chips) 
Shivas prana: posts small blind $0.25
Lorpugo: posts big blind $0.50
*** HOLE CARDS ***
Dealt to Lorpugo [3c Jh]
Shivas prana: calls $0.25
Lorpugo: checks 
*** FLOP *** [2h 9s 7s]
Lorpugo: checks 
Shivas prana: checks 
*** TURN *** [2h 9s 7s] [7h]
Lorpugo: checks 
Shivas prana: bets $0.50
Lorpugo: folds 
Uncalled bet ($0.50) returned to Shivas prana
Shivas prana collected $0.95 from pot
Shivas prana: doesn't show hand 
*** SUMMARY ***
Total pot $1 | Rake $0.05 
Board [2h 9s 7s 7h]
Seat 1: Shivas prana (button) (small blind) collected ($0.95)
Seat 2: Lorpugo (big blind) folded on the Turn



PokerStars Zoom Hand #240961815955:  Hold'em No Limit ($0.25/$0.50 - $10 Cap - ) - 2023/01/06 17:28:01 ET
Table 'Alpha Reticuli (Cap)' 2-max Seat #1 is the button
Seat 1: Lorpugo ($27.34 in chips) 
Seat 2: Shivas prana ($13.40 in chips) 
Lorpugo: posts small blind $0.25
Shivas prana: posts big blind $0.50
*** HOLE CARDS ***
Dealt to Lorpugo [6d 3d]
Lorpugo: raises $0.50 to $1
Shivas prana: raises $2 to $3
Lorpugo: folds 
Uncalled bet ($2) returned to Shivas prana
Shivas prana collected $2 from pot
Shivas prana: doesn't show hand 
*** SUMMARY ***
Total pot $2 | Rake $0 
Seat 1: Lorpugo (button) (small blind) folded before Flop
Seat 2: Shivas prana (big blind) collected ($2)



PokerStars Zoom Hand #240961822964:  Hold'em No Limit ($0.25/$0.50 - $10 Cap - ) - 2023/01/06 17:28:17 ET
Table 'Alpha Reticuli (Cap)' 2-max Seat #1 is the button
Seat 1: Shivas prana ($14.40 in chips) 
Seat 2: Lorpugo ($26.34 in chips) 
Shivas prana: posts small blind $0.25
Lorpugo: posts big blind $0.50
*** HOLE CARDS ***
Dealt to Lorpugo [Js 2d]
Shivas prana: raises $0.50 to $1
Lorpugo: folds 
Uncalled bet ($0.50) returned to Shivas prana
Shivas prana collected $1 from pot
Shivas prana: doesn't show hand 
*** SUMMARY ***
Total pot $1 | Rake $0 
Seat 1: Shivas prana (button) (small blind) collected ($1)
Seat 2: Lorpugo (big blind) folded before Flop



PokerStars Zoom Hand #240961826112:  Hold'em No Limit ($0.25/$0.50 - $10 Cap - ) - 2023/01/06 17:28:25 ET
Table 'Alpha Reticuli (Cap)' 2-max Seat #1 is the button
Seat 1: Lorpugo ($25.84 in chips) 
Seat 2: Shivas prana ($14.90 in chips) 
Lorpugo: posts small blind $0.25
Shivas prana: posts big blind $0.50
*** HOLE CARDS ***
Dealt to Lorpugo [Td Qd]
Lorpugo: raises $0.50 to $1
Shivas prana: calls $0.50
*** FLOP *** [Ad 6d Ts]
Shivas prana: checks 
Lorpugo: bets $0.63
Shivas prana: folds 
Uncalled bet ($0.63) returned to Lorpugo
Lorpugo collected $1.90 from pot
Lorpugo: doesn't show hand 
*** SUMMARY ***
Total pot $2 | Rake $0.10 
Board [Ad 6d Ts]
Seat 1: Lorpugo (button) (small blind) collected ($1.90)
Seat 2: Shivas prana (big blind) folded on the Flop



PokerStars Zoom Hand #240961833131:  Hold'em No Limit ($0.25/$0.50 - $10 Cap - ) - 2023/01/06 17:28:41 ET
Table 'Alpha Reticuli (Cap)' 2-max Seat #1 is the button
Seat 1: Shivas prana ($13.90 in chips) 
Seat 2: Lorpugo ($26.74 in chips) 
Shivas prana: posts small blind $0.25
Lorpugo: posts big blind $0.50
*** HOLE CARDS ***
Dealt to Lorpugo [5s 3d]
Shivas prana: calls $0.25
Lorpugo: checks 
*** FLOP *** [9d 7d 2s]
Lorpugo: checks 
Shivas prana: checks 
*** TURN *** [9d 7d 2s] [8d]
Lorpugo: bets $0.50
Shivas prana: calls $0.50
*** RIVER *** [9d 7d 2s 8d] [2h]
Lorpugo: bets $1.90
Shivas prana: calls $1.90
*** SHOW DOWN ***
Lorpugo: shows [5s 3d] (a pair of Deuces)
Shivas prana: shows [4s 7h] (two pair, Sevens and Deuces)
Shivas prana collected $5.51 from pot
*** SUMMARY ***
Total pot $5.80 | Rake $0.29 
Board [9d 7d 2s 8d 2h]
Seat 1: Shivas prana (button) (small blind) showed [4s 7h] and won ($5.51) with two pair, Sevens and Deuces
Seat 2: Lorpugo (big blind) showed [5s 3d] and lost with a pair of Deuces



PokerStars Zoom Hand #240961844180:  Hold'em No Limit ($0.25/$0.50 - $10 Cap - ) - 2023/01/06 17:29:06 ET
Table 'Alpha Reticuli (Cap)' 2-max Seat #1 is the button
Seat 1: Lorpugo ($23.84 in chips) 
Seat 2: Shivas prana ($16.51 in chips) 
Lorpugo: posts small blind $0.25
Shivas prana: posts big blind $0.50
*** HOLE CARDS ***
Dealt to Lorpugo [3h Kc]
Lorpugo: calls $0.25
Shivas prana: raises $9.50 to $10 and has reached the $10 cap
Lorpugo: folds 
Uncalled bet ($9.50) returned to Shivas prana
Shivas prana collected $1 from pot
Shivas prana: doesn't show hand 
*** SUMMARY ***
Total pot $1 | Rake $0 
Seat 1: Lorpugo (button) (small blind) folded before Flop
Seat 2: Shivas prana (big blind) collected ($1)



PokerStars Zoom Hand #240961848655:  Hold'em No Limit ($0.25/$0.50 - $10 Cap - ) - 2023/01/06 17:29:16 ET
Table 'Alpha Reticuli (Cap)' 2-max Seat #1 is the button
Seat 1: Shivas prana ($17.01 in chips) 
Seat 2: Lorpugo ($23.34 in chips) 
Shivas prana: posts small blind $0.25
Lorpugo: posts big blind $0.50
*** HOLE CARDS ***
Dealt to Lorpugo [2c 5d]
Shivas prana: raises $0.50 to $1
Lorpugo: folds 
Uncalled bet ($0.50) returned to Shivas prana
Shivas prana collected $1 from pot
Shivas prana: doesn't show hand 
*** SUMMARY ***
Total pot $1 | Rake $0 
Seat 1: Shivas prana (button) (small blind) collected ($1)
Seat 2: Lorpugo (big blind) folded before Flop



PokerStars Zoom Hand #240961851769:  Hold'em No Limit ($0.25/$0.50 - $10 Cap - ) - 2023/01/06 17:29:23 ET
Table 'Alpha Reticuli (Cap)' 2-max Seat #1 is the button
Seat 1: Lorpugo ($22.84 in chips) 
Seat 2: Shivas prana ($17.51 in chips) 
Lorpugo: posts small blind $0.25
Shivas prana: posts big blind $0.50
*** HOLE CARDS ***
Dealt to Lorpugo [9s 4d]
Lorpugo: folds 
Uncalled bet ($0.25) returned to Shivas prana
Shivas prana collected $0.50 from pot
Shivas prana: doesn't show hand 
*** SUMMARY ***
Total pot $0.50 | Rake $0 
Seat 1: Lorpugo (button) (small blind) folded before Flop
Seat 2: Shivas prana (big blind) collected ($0.50)



PokerStars Zoom Hand #240961854381:  Hold'em No Limit ($0.25/$0.50 - $10 Cap - ) - 2023/01/06 17:29:29 ET
Table 'Alpha Reticuli (Cap)' 2-max Seat #1 is the button
Seat 1: Shivas prana ($17.76 in chips) 
Seat 2: Lorpugo ($22.59 in chips) 
Shivas prana: posts small blind $0.25
Lorpugo: posts big blind $0.50
*** HOLE CARDS ***
Dealt to Lorpugo [8d 3c]
Shivas prana: raises $0.50 to $1
Lorpugo: folds 
Uncalled bet ($0.50) returned to Shivas prana
Shivas prana collected $1 from pot
Shivas prana: doesn't show hand 
*** SUMMARY ***
Total pot $1 | Rake $0 
Seat 1: Shivas prana (button) (small blind) collected ($1)
Seat 2: Lorpugo (big blind) folded before Flop



PokerStars Zoom Hand #240961856994:  Hold'em No Limit ($0.25/$0.50 - $10 Cap - ) - 2023/01/06 17:29:35 ET
Table 'Alpha Reticuli (Cap)' 2-max Seat #1 is the button
Seat 1: Lorpugo ($22.09 in chips) 
Seat 2: Shivas prana ($18.26 in chips) 
Lorpugo: posts small blind $0.25
Shivas prana: posts big blind $0.50
*** HOLE CARDS ***
Dealt to Lorpugo [Kh 3c]
Lorpugo: calls $0.25
Shivas prana: checks 
*** FLOP *** [Ad Th 2s]
Shivas prana: checks 
Lorpugo: bets $0.50
Shivas prana: folds 
Uncalled bet ($0.50) returned to Lorpugo
Lorpugo collected $0.95 from pot
Lorpugo: doesn't show hand 
*** SUMMARY ***
Total pot $1 | Rake $0.05 
Board [Ad Th 2s]
Seat 1: Lorpugo (button) (small blind) collected ($0.95)
Seat 2: Shivas prana (big blind) folded on the Flop



PokerStars Zoom Hand #240961861823:  Hold'em No Limit ($0.25/$0.50 - $10 Cap - ) - 2023/01/06 17:29:46 ET
Table 'Alpha Reticuli (Cap)' 2-max Seat #1 is the button
Seat 1: Shivas prana ($17.76 in chips) 
Seat 2: Lorpugo ($22.54 in chips) 
Shivas prana: posts small blind $0.25
Lorpugo: posts big blind $0.50
*** HOLE CARDS ***
Dealt to Lorpugo [4s Ts]
Shivas prana: folds 
Uncalled bet ($0.25) returned to Lorpugo
Lorpugo collected $0.50 from pot
Lorpugo: doesn't show hand 
*** SUMMARY ***
Total pot $0.50 | Rake $0 
Seat 1: Shivas prana (button) (small blind) folded before Flop
Seat 2: Lorpugo (big blind) collected ($0.50)



PokerStars Zoom Hand #240961866570:  Hold'em No Limit ($0.25/$0.50 - $10 Cap - ) - 2023/01/06 17:29:57 ET
Table 'Alpha Reticuli (Cap)' 2-max Seat #1 is the button
Seat 1: Lorpugo ($22.79 in chips) 
Seat 2: Shivas prana ($17.51 in chips) 
Lorpugo: posts small blind $0.25
Shivas prana: posts big blind $0.50
*** HOLE CARDS ***
Dealt to Lorpugo [5d 7d]
Lorpugo: raises $0.50 to $1
Shivas prana: calls $0.50
*** FLOP *** [Jh 4d 6c]
Shivas prana: checks 
Lorpugo: bets $0.50
Shivas prana: raises $1 to $1.50
Lorpugo: calls $1
*** TURN *** [Jh 4d 6c] [Kd]
Shivas prana: bets $1.57
Lorpugo: calls $1.57
*** RIVER *** [Jh 4d 6c Kd] [Kh]
Shivas prana: checks 
Lorpugo: bets $5.93 and has reached the $10 cap
Shivas prana: folds 
Uncalled bet ($5.93) returned to Lorpugo
Lorpugo collected $7.73 from pot
Lorpugo: doesn't show hand 
*** SUMMARY ***
Total pot $8.14 | Rake $0.41 
Board [Jh 4d 6c Kd Kh]
Seat 1: Lorpugo (button) (small blind) collected ($7.73)
Seat 2: Shivas prana (big blind) folded on the River



PokerStars Zoom Hand #240961881186:  Hold'em No Limit ($0.25/$0.50 - $10 Cap - ) - 2023/01/06 17:30:30 ET
Table 'Alpha Reticuli (Cap)' 2-max Seat #1 is the button
Seat 1: Shivas prana ($13.44 in chips) 
Seat 2: Lorpugo ($26.45 in chips) 
Shivas prana: posts small blind $0.25
Lorpugo: posts big blind $0.50
*** HOLE CARDS ***
Dealt to Lorpugo [Kh 4c]
Shivas prana: calls $0.25
Lorpugo: checks 
*** FLOP *** [9c 9d 6h]
Lorpugo: bets $0.50
Shivas prana: folds 
Uncalled bet ($0.50) returned to Lorpugo
Lorpugo collected $0.95 from pot
Lorpugo: doesn't show hand 
*** SUMMARY ***
Total pot $1 | Rake $0.05 
Board [9c 9d 6h]
Seat 1: Shivas prana (button) (small blind) folded on the Flop
Seat 2: Lorpugo (big blind) collected ($0.95)



PokerStars Zoom Hand #240961887585:  Hold'em No Limit ($0.25/$0.50 - $10 Cap - ) - 2023/01/06 17:30:45 ET
Table 'Alpha Reticuli (Cap)' 2-max Seat #1 is the button
Seat 1: Lorpugo ($26.90 in chips) 
Seat 2: Shivas prana ($12.94 in chips) 
Lorpugo: posts small blind $0.25
Shivas prana: posts big blind $0.50
*** HOLE CARDS ***
Dealt to Lorpugo [Kc Qd]
Lorpugo: calls $0.25
Shivas prana: checks 
*** FLOP *** [7s Tc 7c]
Shivas prana: checks 
Lorpugo: checks 
*** TURN *** [7s Tc 7c] [Qh]
Shivas prana: checks 
Lorpugo: checks 
*** RIVER *** [7s Tc 7c Qh] [8d]
Shivas prana: checks 
Lorpugo: bets $0.95
Shivas prana: calls $0.95
*** SHOW DOWN ***
Lorpugo: shows [Kc Qd] (two pair, Queens and Sevens)
Shivas prana: mucks hand 
Lorpugo collected $2.76 from pot
*** SUMMARY ***
Total pot $2.90 | Rake $0.14 
Board [7s Tc 7c Qh 8d]
Seat 1: Lorpugo (button) (small blind) showed [Kc Qd] and won ($2.76) with two pair, Queens and Sevens
Seat 2: Shivas prana (big blind) mucked [Td 6h]



PokerStars Zoom Hand #240961896338:  Hold'em No Limit ($0.25/$0.50 - $10 Cap - ) - 2023/01/06 17:31:05 ET
Table 'Alpha Reticuli (Cap)' 2-max Seat #1 is the button
Seat 1: Shivas prana ($11.49 in chips) 
Seat 2: Lorpugo ($28.21 in chips) 
Shivas prana: posts small blind $0.25
Lorpugo: posts big blind $0.50
*** HOLE CARDS ***
Dealt to Lorpugo [9c Jh]
Shivas prana: calls $0.25
Lorpugo: checks 
*** FLOP *** [Td 3s Qd]
Lorpugo: checks 
Shivas prana: bets $0.50
Lorpugo: calls $0.50
*** TURN *** [Td 3s Qd] [9h]
Lorpugo: checks 
Shivas prana: checks 
*** RIVER *** [Td 3s Qd 9h] [Tc]
Lorpugo: checks 
Shivas prana: checks 
*** SHOW DOWN ***
Lorpugo: shows [9c Jh] (two pair, Tens and Nines)
Shivas prana: mucks hand 
Lorpugo collected $1.90 from pot
*** SUMMARY ***
Total pot $2 | Rake $0.10 
Board [Td 3s Qd 9h Tc]
Seat 1: Shivas prana (button) (small blind) mucked [5h 3d]
Seat 2: Lorpugo (big blind) showed [9c Jh] and won ($1.90) with two pair, Tens and Nines



PokerStars Zoom Hand #240961905925:  Hold'em No Limit ($0.25/$0.50 - $10 Cap - ) - 2023/01/06 17:31:27 ET
Table 'Alpha Reticuli (Cap)' 2-max Seat #1 is the button
Seat 1: Lorpugo ($29.11 in chips) 
Seat 2: Shivas prana ($10.49 in chips) 
Lorpugo: posts small blind $0.25
Shivas prana: posts big blind $0.50
*** HOLE CARDS ***
Dealt to Lorpugo [Th Kd]
Lorpugo: calls $0.25
Shivas prana: checks 
*** FLOP *** [4d Ac 2d]
Shivas prana: checks 
Lorpugo: bets $0.50
Shivas prana: raises $1 to $1.50
Lorpugo: folds 
Uncalled bet ($1) returned to Shivas prana
Shivas prana collected $1.90 from pot
Shivas prana: doesn't show hand 
*** SUMMARY ***
Total pot $2 | Rake $0.10 
Board [4d Ac 2d]
Seat 1: Lorpugo (button) (small blind) folded on the Flop
Seat 2: Shivas prana (big blind) collected ($1.90)



PokerStars Zoom Hand #240961916161:  Hold'em No Limit ($0.25/$0.50 - $10 Cap - ) - 2023/01/06 17:31:50 ET
Table 'Alpha Reticuli (Cap)' 2-max Seat #1 is the button
Seat 1: Shivas prana ($11.39 in chips) 
Seat 2: Lorpugo ($28.11 in chips) 
Shivas prana: posts small blind $0.25
Lorpugo: posts big blind $0.50
*** HOLE CARDS ***
Dealt to Lorpugo [8c Qc]
Shivas prana: folds 
Uncalled bet ($0.25) returned to Lorpugo
Lorpugo collected $0.50 from pot
Lorpugo: doesn't show hand 
*** SUMMARY ***
Total pot $0.50 | Rake $0 
Seat 1: Shivas prana (button) (small blind) folded before Flop
Seat 2: Lorpugo (big blind) collected ($0.50)



PokerStars Zoom Hand #240961938725:  Hold'em No Limit ($0.25/$0.50 - $10 Cap - ) - 2023/01/06 17:32:42 ET
Table 'Alpha Reticuli (Cap)' 2-max Seat #1 is the button
Seat 1: Lorpugo ($28.36 in chips) 
Seat 2: Shivas prana ($10 in chips) 
Lorpugo: posts small blind $0.25
Shivas prana: posts big blind $0.50
*** HOLE CARDS ***
Dealt to Lorpugo [6d 5d]
Lorpugo: raises $0.50 to $1
Shivas prana: calls $0.50
*** FLOP *** [Tc 8c As]
Shivas prana: checks 
Lorpugo: bets $0.50
Shivas prana: calls $0.50
*** TURN *** [Tc 8c As] [2c]
Shivas prana: checks 
Lorpugo: checks 
*** RIVER *** [Tc 8c As 2c] [7d]
Shivas prana: checks 
Lorpugo: checks 
*** SHOW DOWN ***
Shivas prana: shows [Td 9c] (a pair of Tens)
Lorpugo: mucks hand 
Shivas prana collected $2.85 from pot
*** SUMMARY ***
Total pot $3 | Rake $0.15 
Board [Tc 8c As 2c 7d]
Seat 1: Lorpugo (button) (small blind) mucked [6d 5d]
Seat 2: Shivas prana (big blind) showed [Td 9c] and won ($2.85) with a pair of Tens



PokerStars Zoom Hand #240961950646:  Hold'em No Limit ($0.25/$0.50 - $10 Cap - ) - 2023/01/06 17:33:10 ET
Table 'Alpha Reticuli (Cap)' 2-max Seat #1 is the button
Seat 1: Shivas prana ($10.59 in chips) 
Seat 2: Lorpugo ($26.86 in chips) 
Shivas prana: posts small blind $0.25
Lorpugo: posts big blind $0.50
*** HOLE CARDS ***
Dealt to Lorpugo [6h 8d]
Shivas prana: calls $0.25
Lorpugo: checks 
*** FLOP *** [8c Th Td]
Lorpugo: bets $0.50
Shivas prana: calls $0.50
*** TURN *** [8c Th Td] [4c]
Lorpugo: bets $0.50
Shivas prana: calls $0.50
*** RIVER *** [8c Th Td 4c] [5d]
Lorpugo: bets $0.50
Shivas prana: raises $8 to $8.50 and has reached the $10 cap
Lorpugo: folds 
Uncalled bet ($8) returned to Shivas prana
Shivas prana collected $3.80 from pot
Shivas prana: doesn't show hand 
*** SUMMARY ***
Total pot $4 | Rake $0.20 
Board [8c Th Td 4c 5d]
Seat 1: Shivas prana (button) (small blind) collected ($3.80)
Seat 2: Lorpugo (big blind) folded on the River



PokerStars Zoom Hand #240961963049:  Hold'em No Limit ($0.25/$0.50 - $10 Cap - ) - 2023/01/06 17:33:39 ET
Table 'Alpha Reticuli (Cap)' 2-max Seat #1 is the button
Seat 1: Lorpugo ($24.86 in chips) 
Seat 2: Shivas prana ($12.39 in chips) 
Lorpugo: posts small blind $0.25
Shivas prana: posts big blind $0.50
*** HOLE CARDS ***
Dealt to Lorpugo [Ts 7s]
Lorpugo: raises $0.50 to $1
Shivas prana: calls $0.50
*** FLOP *** [3d Js Qc]
Shivas prana: checks 
Lorpugo: checks 
*** TURN *** [3d Js Qc] [5s]
Shivas prana: checks 
Lorpugo: bets $1.90
Shivas prana: folds 
Uncalled bet ($1.90) returned to Lorpugo
Lorpugo collected $1.90 from pot
Lorpugo: doesn't show hand 
*** SUMMARY ***
Total pot $2 | Rake $0.10 
Board [3d Js Qc 5s]
Seat 1: Lorpugo (button) (small blind) collected ($1.90)
Seat 2: Shivas prana (big blind) folded on the Turn



PokerStars Zoom Hand #240961972660:  Hold'em No Limit ($0.25/$0.50 - $10 Cap - ) - 2023/01/06 17:34:01 ET
Table 'Alpha Reticuli (Cap)' 2-max Seat #1 is the button
Seat 1: Shivas prana ($11.39 in chips) 
Seat 2: Lorpugo ($25.76 in chips) 
Shivas prana: posts small blind $0.25
Lorpugo: posts big blind $0.50
*** HOLE CARDS ***
Dealt to Lorpugo [Ks 7h]
Shivas prana: raises $9.50 to $10 and has reached the $10 cap
Lorpugo: folds 
Uncalled bet ($9.50) returned to Shivas prana
Shivas prana collected $1 from pot
Shivas prana: doesn't show hand 
*** SUMMARY ***
Total pot $1 | Rake $0 
Seat 1: Shivas prana (button) (small blind) collected ($1)
Seat 2: Lorpugo (big blind) folded before Flop



PokerStars Zoom Hand #240961975700:  Hold'em No Limit ($0.25/$0.50 - $10 Cap - ) - 2023/01/06 17:34:08 ET
Table 'Alpha Reticuli (Cap)' 2-max Seat #1 is the button
Seat 1: Lorpugo ($25.26 in chips) 
Seat 2: Shivas prana ($10.72 in chips) 
Lorpugo: posts small blind $0.25
Shivas prana: posts big blind $0.50
*** HOLE CARDS ***
Dealt to Lorpugo [Qc 6s]
Lorpugo: calls $0.25
Shivas prana: raises $9.50 to $10 and has reached the $10 cap
Lorpugo: folds 
Uncalled bet ($9.50) returned to Shivas prana
Shivas prana collected $1 from pot
Shivas prana: doesn't show hand 
*** SUMMARY ***
Total pot $1 | Rake $0 
Seat 1: Lorpugo (button) (small blind) folded before Flop
Seat 2: Shivas prana (big blind) collected ($1)



PokerStars Zoom Hand #240961980039:  Hold'em No Limit ($0.25/$0.50 - $10 Cap - ) - 2023/01/06 17:34:18 ET
Table 'Alpha Reticuli (Cap)' 2-max Seat #1 is the button
Seat 1: Shivas prana ($11.39 in chips) 
Seat 2: Lorpugo ($24.76 in chips) 
Shivas prana: posts small blind $0.25
Lorpugo: posts big blind $0.50
*** HOLE CARDS ***
Dealt to Lorpugo [7s 5h]
Shivas prana: calls $0.25
Lorpugo: checks 
*** FLOP *** [3d Ks 4c]
Lorpugo: checks 
Shivas prana: bets $0.50
Lorpugo: raises $0.50 to $1
Shivas prana: calls $0.50
*** TURN *** [3d Ks 4c] [Tc]
Lorpugo: bets $0.94
Shivas prana: raises $7.56 to $8.50 and has reached the $10 cap
Lorpugo: folds 
Uncalled bet ($7.56) returned to Shivas prana
Shivas prana collected $4.64 from pot
Shivas prana: doesn't show hand 
*** SUMMARY ***
Total pot $4.88 | Rake $0.24 
Board [3d Ks 4c Tc]
Seat 1: Shivas prana (button) (small blind) collected ($4.64)
Seat 2: Lorpugo (big blind) folded on the Turn



PokerStars Zoom Hand #240961992220:  Hold'em No Limit ($0.25/$0.50 - $10 Cap - ) - 2023/01/06 17:34:46 ET
Table 'Alpha Reticuli (Cap)' 2-max Seat #1 is the button
Seat 1: Lorpugo ($22.32 in chips) 
Seat 2: Shivas prana ($13.59 in chips) 
Lorpugo: posts small blind $0.25
Shivas prana: posts big blind $0.50
*** HOLE CARDS ***
Dealt to Lorpugo [5c Qh]
Lorpugo: calls $0.25
Shivas prana: raises $9.50 to $10 and has reached the $10 cap
Lorpugo: folds 
Uncalled bet ($9.50) returned to Shivas prana
Shivas prana collected $1 from pot
Shivas prana: doesn't show hand 
*** SUMMARY ***
Total pot $1 | Rake $0 
Seat 1: Lorpugo (button) (small blind) folded before Flop
Seat 2: Shivas prana (big blind) collected ($1)



PokerStars Zoom Hand #240961996600:  Hold'em No Limit ($0.25/$0.50 - $10 Cap - ) - 2023/01/06 17:34:56 ET
Table 'Alpha Reticuli (Cap)' 2-max Seat #1 is the button
Seat 1: Shivas prana ($14.09 in chips) 
Seat 2: Lorpugo ($21.82 in chips) 
Shivas prana: posts small blind $0.25
Lorpugo: posts big blind $0.50
*** HOLE CARDS ***
Dealt to Lorpugo [Td 8c]
Shivas prana: calls $0.25
Lorpugo: checks 
*** FLOP *** [9d 5h 9c]
Lorpugo: checks 
Shivas prana: checks 
*** TURN *** [9d 5h 9c] [4h]
Lorpugo: checks 
Shivas prana: checks 
*** RIVER *** [9d 5h 9c 4h] [3c]
Lorpugo: bets $2
Shivas prana: calls $2
*** SHOW DOWN ***
Lorpugo: shows [Td 8c] (a pair of Nines)
Shivas prana: shows [5d 7h] (two pair, Nines and Fives)
Shivas prana collected $4.75 from pot
*** SUMMARY ***
Total pot $5 | Rake $0.25 
Board [9d 5h 9c 4h 3c]
Seat 1: Shivas prana (button) (small blind) showed [5d 7h] and won ($4.75) with two pair, Nines and Fives
Seat 2: Lorpugo (big blind) showed [Td 8c] and lost with a pair of Nines



PokerStars Zoom Hand #240962008260:  Hold'em No Limit ($0.25/$0.50 - $10 Cap - ) - 2023/01/06 17:35:23 ET
Table 'Alpha Reticuli (Cap)' 2-max Seat #1 is the button
Seat 1: Lorpugo ($19.32 in chips) 
Seat 2: Shivas prana ($16.34 in chips) 
Lorpugo: posts small blind $0.25
Shivas prana: posts big blind $0.50
*** HOLE CARDS ***
Dealt to Lorpugo [5s 9c]
Lorpugo: folds 
Uncalled bet ($0.25) returned to Shivas prana
Shivas prana collected $0.50 from pot
Shivas prana: doesn't show hand 
*** SUMMARY ***
Total pot $0.50 | Rake $0 
Seat 1: Lorpugo (button) (small blind) folded before Flop
Seat 2: Shivas prana (big blind) collected ($0.50)



PokerStars Zoom Hand #240962010835:  Hold'em No Limit ($0.25/$0.50 - $10 Cap - ) - 2023/01/06 17:35:29 ET
Table 'Alpha Reticuli (Cap)' 2-max Seat #1 is the button
Seat 1: Shivas prana ($16.59 in chips) 
Seat 2: Lorpugo ($19.07 in chips) 
Shivas prana: posts small blind $0.25
Lorpugo: posts big blind $0.50
*** HOLE CARDS ***
Dealt to Lorpugo [5c 9h]
Shivas prana: raises $0.50 to $1
Lorpugo: folds 
Uncalled bet ($0.50) returned to Shivas prana
Shivas prana collected $1 from pot
Shivas prana: doesn't show hand 
*** SUMMARY ***
Total pot $1 | Rake $0 
Seat 1: Shivas prana (button) (small blind) collected ($1)
Seat 2: Lorpugo (big blind) folded before Flop



PokerStars Zoom Hand #240962013946:  Hold'em No Limit ($0.25/$0.50 - $10 Cap - ) - 2023/01/06 17:35:37 ET
Table 'Alpha Reticuli (Cap)' 2-max Seat #1 is the button
Seat 1: Lorpugo ($18.57 in chips) 
Seat 2: Shivas prana ($17.09 in chips) 
Lorpugo: posts small blind $0.25
Shivas prana: posts big blind $0.50
*** HOLE CARDS ***
Dealt to Lorpugo [4d Js]
Lorpugo: folds 
Uncalled bet ($0.25) returned to Shivas prana
Shivas prana collected $0.50 from pot
Shivas prana: doesn't show hand 
*** SUMMARY ***
Total pot $0.50 | Rake $0 
Seat 1: Lorpugo (button) (small blind) folded before Flop
Seat 2: Shivas prana (big blind) collected ($0.50)



PokerStars Zoom Hand #240962016387:  Hold'em No Limit ($0.25/$0.50 - $10 Cap - ) - 2023/01/06 17:35:42 ET
Table 'Alpha Reticuli (Cap)' 2-max Seat #1 is the button
Seat 1: Shivas prana ($17.34 in chips) 
Seat 2: Lorpugo ($18.32 in chips) 
Shivas prana: posts small blind $0.25
Lorpugo: posts big blind $0.50
*** HOLE CARDS ***
Dealt to Lorpugo [Qh 3h]
Shivas prana: raises $0.50 to $1
Lorpugo: calls $0.50
*** FLOP *** [5h 7d 4c]
Lorpugo: checks 
Shivas prana: bets $0.57
Lorpugo: calls $0.57
*** TURN *** [5h 7d 4c] [9d]
Lorpugo: checks 
Shivas prana: checks 
*** RIVER *** [5h 7d 4c 9d] [As]
Lorpugo: checks 
Shivas prana: bets $4.47
Lorpugo: folds 
Uncalled bet ($4.47) returned to Shivas prana
Shivas prana collected $2.98 from pot
Shivas prana: doesn't show hand 
*** SUMMARY ***
Total pot $3.14 | Rake $0.16 
Board [5h 7d 4c 9d As]
Seat 1: Shivas prana (button) (small blind) collected ($2.98)
Seat 2: Lorpugo (big blind) folded on the River



PokerStars Zoom Hand #240962027779:  Hold'em No Limit ($0.25/$0.50 - $10 Cap - ) - 2023/01/06 17:36:09 ET
Table 'Alpha Reticuli (Cap)' 2-max Seat #1 is the button
Seat 1: Lorpugo ($16.75 in chips) 
Seat 2: Shivas prana ($18.75 in chips) 
Lorpugo: posts small blind $0.25
Shivas prana: posts big blind $0.50
*** HOLE CARDS ***
Dealt to Lorpugo [4s 7h]
Lorpugo: folds 
Uncalled bet ($0.25) returned to Shivas prana
Shivas prana collected $0.50 from pot
Shivas prana: doesn't show hand 
*** SUMMARY ***
Total pot $0.50 | Rake $0 
Seat 1: Lorpugo (button) (small blind) folded before Flop
Seat 2: Shivas prana (big blind) collected ($0.50)



PokerStars Zoom Hand #240962030410:  Hold'em No Limit ($0.25/$0.50 - $10 Cap - ) - 2023/01/06 17:36:15 ET
Table 'Alpha Reticuli (Cap)' 2-max Seat #1 is the button
Seat 1: Shivas prana ($19 in chips) 
Seat 2: Lorpugo ($16.50 in chips) 
Shivas prana: posts small blind $0.25
Lorpugo: posts big blind $0.50
*** HOLE CARDS ***
Dealt to Lorpugo [4c Jh]
Shivas prana: calls $0.25
Lorpugo: checks 
*** FLOP *** [4d 6s 6h]
Lorpugo: checks 
Shivas prana: bets $0.50
Lorpugo: calls $0.50
*** TURN *** [4d 6s 6h] [8s]
Lorpugo: bets $0.50
Shivas prana: calls $0.50
*** RIVER *** [4d 6s 6h 8s] [9h]
Lorpugo: checks 
Shivas prana: checks 
*** SHOW DOWN ***
Lorpugo: shows [4c Jh] (two pair, Sixes and Fours)
Shivas prana: shows [7d 7s] (two pair, Sevens and Sixes)
Shivas prana collected $2.85 from pot
*** SUMMARY ***
Total pot $3 | Rake $0.15 
Board [4d 6s 6h 8s 9h]
Seat 1: Shivas prana (button) (small blind) showed [7d 7s] and won ($2.85) with two pair, Sevens and Sixes
Seat 2: Lorpugo (big blind) showed [4c Jh] and lost with two pair, Sixes and Fours



PokerStars Zoom Hand #240962040749:  Hold'em No Limit ($0.25/$0.50 - $10 Cap - ) - 2023/01/06 17:36:39 ET
Table 'Alpha Reticuli (Cap)' 2-max Seat #1 is the button
Seat 1: Lorpugo ($15 in chips) 
Seat 2: Shivas prana ($20.35 in chips) 
Lorpugo: posts small blind $0.25
Shivas prana: posts big blind $0.50
*** HOLE CARDS ***
Dealt to Lorpugo [7h 4c]
Lorpugo: folds 
Uncalled bet ($0.25) returned to Shivas prana
Shivas prana collected $0.50 from pot
Shivas prana: doesn't show hand 
*** SUMMARY ***
Total pot $0.50 | Rake $0 
Seat 1: Lorpugo (button) (small blind) folded before Flop
Seat 2: Shivas prana (big blind) collected ($0.50)



PokerStars Zoom Hand #240962042961:  Hold'em No Limit ($0.25/$0.50 - $10 Cap - ) - 2023/01/06 17:36:44 ET
Table 'Alpha Reticuli (Cap)' 2-max Seat #1 is the button
Seat 1: Shivas prana ($11.73 in chips) 
Seat 2: Lorpugo ($14.75 in chips) 
Shivas prana: posts small blind $0.25
Lorpugo: posts big blind $0.50
*** HOLE CARDS ***
Dealt to Lorpugo [Qc Kh]
Shivas prana: calls $0.25
Lorpugo: raises $1 to $1.50
Shivas prana: calls $1
*** FLOP *** [4d 7s 6c]
Lorpugo: checks 
Shivas prana: checks 
*** TURN *** [4d 7s 6c] [Ks]
Lorpugo: bets $2.85
Shivas prana: calls $2.85
*** RIVER *** [4d 7s 6c Ks] [Ad]
Lorpugo: bets $5.65 and has reached the $10 cap
Shivas prana: folds 
Uncalled bet ($5.65) returned to Lorpugo
Lorpugo collected $8.26 from pot
Lorpugo: doesn't show hand 
*** SUMMARY ***
Total pot $8.70 | Rake $0.44 
Board [4d 7s 6c Ks Ad]
Seat 1: Shivas prana (button) (small blind) folded on the River
Seat 2: Lorpugo (big blind) collected ($8.26)



PokerStars Zoom Hand #240962055651:  Hold'em No Limit ($0.25/$0.50 - $10 Cap - ) - 2023/01/06 17:37:13 ET
Table 'Alpha Reticuli (Cap)' 2-max Seat #1 is the button
Seat 1: Lorpugo ($18.66 in chips) 
Seat 2: Shivas prana ($10 in chips) 
Lorpugo: posts small blind $0.25
Shivas prana: posts big blind $0.50
*** HOLE CARDS ***
Dealt to Lorpugo [4s 5h]
Lorpugo: calls $0.25
Shivas prana: raises $1.50 to $2
Lorpugo: folds 
Uncalled bet ($1.50) returned to Shivas prana
Shivas prana collected $1 from pot
Shivas prana: doesn't show hand 
*** SUMMARY ***
Total pot $1 | Rake $0 
Seat 1: Lorpugo (button) (small blind) folded before Flop
Seat 2: Shivas prana (big blind) collected ($1)



PokerStars Zoom Hand #240962060798:  Hold'em No Limit ($0.25/$0.50 - $10 Cap - ) - 2023/01/06 17:37:25 ET
Table 'Alpha Reticuli (Cap)' 2-max Seat #1 is the button
Seat 1: Shivas prana ($10.50 in chips) 
Seat 2: Lorpugo ($18.16 in chips) 
Shivas prana: posts small blind $0.25
Lorpugo: posts big blind $0.50
*** HOLE CARDS ***
Dealt to Lorpugo [Jc 8h]
Shivas prana: calls $0.25
Lorpugo: checks 
*** FLOP *** [6d Qh Ks]
Lorpugo: checks 
Shivas prana: checks 
*** TURN *** [6d Qh Ks] [8d]
Lorpugo: checks 
Shivas prana: checks 
*** RIVER *** [6d Qh Ks 8d] [Kh]
Lorpugo: checks 
Shivas prana: checks 
*** SHOW DOWN ***
Lorpugo: shows [Jc 8h] (two pair, Kings and Eights)
Shivas prana: mucks hand 
Lorpugo collected $0.95 from pot
*** SUMMARY ***
Total pot $1 | Rake $0.05 
Board [6d Qh Ks 8d Kh]
Seat 1: Shivas prana (button) (small blind) mucked [2h 6h]
Seat 2: Lorpugo (big blind) showed [Jc 8h] and won ($0.95) with two pair, Kings and Eights



PokerStars Zoom Hand #240962075114:  Hold'em No Limit ($0.25/$0.50 - $10 Cap - ) - 2023/01/06 17:37:58 ET
Table 'Alpha Reticuli (Cap)' 2-max Seat #1 is the button
Seat 1: Lorpugo ($18.61 in chips) 
Seat 2: Shivas prana ($10 in chips) 
Lorpugo: posts small blind $0.25
Shivas prana: posts big blind $0.50
*** HOLE CARDS ***
Dealt to Lorpugo [7s Jh]
Lorpugo: calls $0.25
Shivas prana: checks 
*** FLOP *** [3s 5d 5s]
Shivas prana: checks 
Lorpugo: checks 
*** TURN *** [3s 5d 5s] [3h]
Shivas prana: checks 
Lorpugo: checks 
*** RIVER *** [3s 5d 5s 3h] [Ah]
Shivas prana: checks 
Lorpugo: bets $2.50
Shivas prana: folds 
Uncalled bet ($2.50) returned to Lorpugo
Lorpugo collected $0.95 from pot
Lorpugo: doesn't show hand 
*** SUMMARY ***
Total pot $1 | Rake $0.05 
Board [3s 5d 5s 3h Ah]
Seat 1: Lorpugo (button) (small blind) collected ($0.95)
Seat 2: Shivas prana (big blind) folded on the River



PokerStars Zoom Hand #240962089433:  Hold'em No Limit ($0.25/$0.50 - $10 Cap - ) - 2023/01/06 17:38:31 ET
Table 'Alpha Reticuli (Cap)' 2-max Seat #1 is the button
Seat 1: Shivas prana ($10 in chips) 
Seat 2: Lorpugo ($19.06 in chips) 
Shivas prana: posts small blind $0.25
Lorpugo: posts big blind $0.50
*** HOLE CARDS ***
Dealt to Lorpugo [Qh 9h]
Shivas prana: calls $0.25
Lorpugo: checks 
*** FLOP *** [Ks 5c Th]
Lorpugo: checks 
Shivas prana: checks 
*** TURN *** [Ks 5c Th] [Kh]
Lorpugo: bets $0.63
Shivas prana: calls $0.63
*** RIVER *** [Ks 5c Th Kh] [2c]
Lorpugo: bets $1.08
Shivas prana: calls $1.08
*** SHOW DOWN ***
Lorpugo: shows [Qh 9h] (a pair of Kings)
Shivas prana: shows [Jh Qd] (a pair of Kings - Queen+Jack kicker)
Shivas prana collected $4.20 from pot
*** SUMMARY ***
Total pot $4.42 | Rake $0.22 
Board [Ks 5c Th Kh 2c]
Seat 1: Shivas prana (button) (small blind) showed [Jh Qd] and won ($4.20) with a pair of Kings
Seat 2: Lorpugo (big blind) showed [Qh 9h] and lost with a pair of Kings



PokerStars Zoom Hand #240962104034:  Hold'em No Limit ($0.25/$0.50 - $10 Cap - ) - 2023/01/06 17:39:05 ET
Table 'Alpha Reticuli (Cap)' 2-max Seat #1 is the button
Seat 1: Lorpugo ($16.85 in chips) 
Seat 2: Tobi_13_Brei ($10 in chips) 
Lorpugo: posts small blind $0.25
Tobi_13_Brei: posts big blind $0.50
*** HOLE CARDS ***
Dealt to Lorpugo [Qd Qc]
Lorpugo: raises $0.50 to $1
Tobi_13_Brei: calls $0.50
*** FLOP *** [Ks 7d 8d]
Tobi_13_Brei: checks 
Lorpugo: checks 
*** TURN *** [Ks 7d 8d] [Td]
Tobi_13_Brei: checks 
Lorpugo: bets $1.90
Tobi_13_Brei: calls $1.90
*** RIVER *** [Ks 7d 8d Td] [7s]
Tobi_13_Brei: checks 
Lorpugo: bets $7.10 and has reached the $10 cap
Tobi_13_Brei: folds 
Uncalled bet ($7.10) returned to Lorpugo
Lorpugo collected $5.51 from pot
Lorpugo: doesn't show hand 
*** SUMMARY ***
Total pot $5.80 | Rake $0.29 
Board [Ks 7d 8d Td 7s]
Seat 1: Lorpugo (button) (small blind) collected ($5.51)
Seat 2: Tobi_13_Brei (big blind) folded on the River



PokerStars Zoom Hand #240962119998:  Hold'em No Limit ($0.25/$0.50 - $10 Cap - ) - 2023/01/06 17:39:42 ET
Table 'Alpha Reticuli (Cap)' 2-max Seat #1 is the button
Seat 1: Lorpugo ($19.46 in chips) 
Seat 2: Tobi_13_Brei ($6.85 in chips) 
Lorpugo: posts small blind $0.25
Tobi_13_Brei: posts big blind $0.50
*** HOLE CARDS ***
Dealt to Lorpugo [Js As]
Lorpugo: raises $0.50 to $1
Tobi_13_Brei: calls $0.50
*** FLOP *** [5d 7s 4h]
Tobi_13_Brei: checks 
Lorpugo: checks 
*** TURN *** [5d 7s 4h] [Jd]
Tobi_13_Brei: checks 
Lorpugo: bets $9 and has reached the $10 cap
Tobi_13_Brei: folds 
Uncalled bet ($9) returned to Lorpugo
Lorpugo collected $1.90 from pot
Lorpugo: doesn't show hand 
*** SUMMARY ***
Total pot $2 | Rake $0.10 
Board [5d 7s 4h Jd]
Seat 1: Lorpugo (button) (small blind) collected ($1.90)
Seat 2: Tobi_13_Brei (big blind) folded on the Turn



PokerStars Zoom Hand #240962131072:  Hold'em No Limit ($0.25/$0.50 - $10 Cap - ) - 2023/01/06 17:40:09 ET
Table 'Alpha Reticuli (Cap)' 2-max Seat #1 is the button
Seat 1: Shivas prana ($11.63 in chips) 
Seat 2: Lorpugo ($20.36 in chips) 
Shivas prana: posts small blind $0.25
Lorpugo: posts big blind $0.50
*** HOLE CARDS ***
Dealt to Lorpugo [9h As]
Shivas prana: calls $0.25
Lorpugo: checks 
*** FLOP *** [6s Ah 2d]
Lorpugo: checks 
Shivas prana: bets $0.50
Lorpugo: raises $0.50 to $1
Shivas prana: calls $0.50
*** TURN *** [6s Ah 2d] [8h]
Lorpugo: checks 
Shivas prana: bets $2.14
Lorpugo: calls $2.14
*** RIVER *** [6s Ah 2d 8h] [6h]
Lorpugo: checks 
Shivas prana: checks 
*** SHOW DOWN ***
Lorpugo: shows [9h As] (two pair, Aces and Sixes)
Shivas prana: mucks hand 
Lorpugo collected $6.92 from pot
*** SUMMARY ***
Total pot $7.28 | Rake $0.36 
Board [6s Ah 2d 8h 6h]
Seat 1: Shivas prana (button) (small blind) mucked [Ac 3c]
Seat 2: Lorpugo (big blind) showed [9h As] and won ($6.92) with two pair, Aces and Sixes



PokerStars Zoom Hand #240962144898:  Hold'em No Limit ($0.25/$0.50 - $10 Cap - ) - 2023/01/06 17:40:41 ET
Table 'Alpha Reticuli (Cap)' 2-max Seat #1 is the button
Seat 1: Lorpugo ($23.64 in chips) 
Seat 2: Shivas prana ($10 in chips) 
Lorpugo: posts small blind $0.25
Shivas prana: posts big blind $0.50
*** HOLE CARDS ***
Dealt to Lorpugo [4d 6h]
Lorpugo: folds 
Uncalled bet ($0.25) returned to Shivas prana
Shivas prana collected $0.50 from pot
Shivas prana: doesn't show hand 
*** SUMMARY ***
Total pot $0.50 | Rake $0 
Seat 1: Lorpugo (button) (small blind) folded before Flop
Seat 2: Shivas prana (big blind) collected ($0.50)



PokerStars Zoom Hand #240962146990:  Hold'em No Limit ($0.25/$0.50 - $10 Cap - ) - 2023/01/06 17:40:46 ET
Table 'Alpha Reticuli (Cap)' 2-max Seat #1 is the button
Seat 1: Shivas prana ($10.25 in chips) 
Seat 2: Lorpugo ($23.39 in chips) 
Shivas prana: posts small blind $0.25
Lorpugo: posts big blind $0.50
*** HOLE CARDS ***
Dealt to Lorpugo [Th Jc]
Shivas prana: raises $0.50 to $1
Lorpugo: calls $0.50
*** FLOP *** [7h Jd 8c]
Lorpugo: bets $0.50
Shivas prana: raises $1 to $1.50
Lorpugo: raises $7.50 to $9 and has reached the $10 cap
Shivas prana: folds 
Uncalled bet ($7.50) returned to Lorpugo
Lorpugo collected $4.75 from pot
Lorpugo: doesn't show hand 
*** SUMMARY ***
Total pot $5 | Rake $0.25 
Board [7h Jd 8c]
Seat 1: Shivas prana (button) (small blind) folded on the Flop
Seat 2: Lorpugo (big blind) collected ($4.75)



PokerStars Zoom Hand #240962155481:  Hold'em No Limit ($0.25/$0.50 - $10 Cap - ) - 2023/01/06 17:41:06 ET
Table 'Alpha Reticuli (Cap)' 2-max Seat #1 is the button
Seat 1: Lorpugo ($25.64 in chips) 
Seat 2: Shivas prana ($10 in chips) 
Lorpugo: posts small blind $0.25
Shivas prana: posts big blind $0.50
*** HOLE CARDS ***
Dealt to Lorpugo [3h 8h]
Lorpugo: calls $0.25
Shivas prana: raises $1.50 to $2
Lorpugo: folds 
Uncalled bet ($1.50) returned to Shivas prana
Shivas prana collected $1 from pot
Shivas prana: doesn't show hand 
*** SUMMARY ***
Total pot $1 | Rake $0 
Seat 1: Lorpugo (button) (small blind) folded before Flop
Seat 2: Shivas prana (big blind) collected ($1)



PokerStars Zoom Hand #240962160543:  Hold'em No Limit ($0.25/$0.50 - $10 Cap - ) - 2023/01/06 17:41:18 ET
Table 'Alpha Reticuli (Cap)' 2-max Seat #1 is the button
Seat 1: Shivas prana ($32.21 in chips) 
Seat 2: Lorpugo ($25.14 in chips) 
Shivas prana: posts small blind $0.25
Lorpugo: posts big blind $0.50
*** HOLE CARDS ***
Dealt to Lorpugo [Kh Jc]
Shivas prana: raises $0.50 to $1
Lorpugo: calls $0.50
*** FLOP *** [5h 2s As]
Lorpugo: bets $0.50
Shivas prana: folds 
Uncalled bet ($0.50) returned to Lorpugo
Lorpugo collected $1.90 from pot
Lorpugo: doesn't show hand 
*** SUMMARY ***
Total pot $2 | Rake $0.10 
Board [5h 2s As]
Seat 1: Shivas prana (button) (small blind) folded on the Flop
Seat 2: Lorpugo (big blind) collected ($1.90)



PokerStars Zoom Hand #240962166659:  Hold'em No Limit ($0.25/$0.50 - $10 Cap - ) - 2023/01/06 17:41:33 ET
Table 'Alpha Reticuli (Cap)' 2-max Seat #1 is the button
Seat 1: Shivas prana ($10.50 in chips) 
Seat 2: Lorpugo ($26.04 in chips) 
Shivas prana: posts small blind $0.25
Lorpugo: posts big blind $0.50
*** HOLE CARDS ***
Dealt to Lorpugo [5c Jh]
Shivas prana: folds 
Uncalled bet ($0.25) returned to Lorpugo
Lorpugo collected $0.50 from pot
Lorpugo: doesn't show hand 
*** SUMMARY ***
Total pot $0.50 | Rake $0 
Seat 1: Shivas prana (button) (small blind) folded before Flop
Seat 2: Lorpugo (big blind) collected ($0.50)



PokerStars Zoom Hand #240962169782:  Hold'em No Limit ($0.25/$0.50 - $10 Cap - ) - 2023/01/06 17:41:40 ET
Table 'Alpha Reticuli (Cap)' 2-max Seat #1 is the button
Seat 1: Lorpugo ($26.29 in chips) 
Seat 2: Shivas prana ($10.25 in chips) 
Lorpugo: posts small blind $0.25
Shivas prana: posts big blind $0.50
*** HOLE CARDS ***
Dealt to Lorpugo [7h 6c]
Lorpugo: raises $0.50 to $1
Shivas prana: calls $0.50
*** FLOP *** [4d 5c 9s]
Shivas prana: checks 
Lorpugo: bets $0.50
Shivas prana: calls $0.50
*** TURN *** [4d 5c 9s] [Ah]
Shivas prana: checks 
Lorpugo: bets $2.85
Shivas prana: calls $2.85
*** RIVER *** [4d 5c 9s Ah] [4c]
Shivas prana: checks 
Lorpugo: bets $4.13
Shivas prana: raises $1.52 to $5.65 and has reached the $10 cap
Lorpugo: folds 
Uncalled bet ($1.52) returned to Shivas prana
Shivas prana collected $16.21 from pot
Shivas prana: doesn't show hand 
*** SUMMARY ***
Total pot $16.96 | Rake $0.75 
Board [4d 5c 9s Ah 4c]
Seat 1: Lorpugo (button) (small blind) folded on the River
Seat 2: Shivas prana (big blind) collected ($16.21)



PokerStars Zoom Hand #240962183857:  Hold'em No Limit ($0.25/$0.50 - $10 Cap - ) - 2023/01/06 17:42:14 ET
Table 'Alpha Reticuli (Cap)' 2-max Seat #1 is the button
Seat 1: Shivas prana ($17.98 in chips) 
Seat 2: Lorpugo ($17.81 in chips) 
Shivas prana: posts small blind $0.25
Lorpugo: posts big blind $0.50
*** HOLE CARDS ***
Dealt to Lorpugo [Kd 4c]
Shivas prana: calls $0.25
Lorpugo: checks 
*** FLOP *** [5c 6c Jd]
Lorpugo: checks 
Shivas prana: checks 
*** TURN *** [5c 6c Jd] [Js]
Lorpugo: bets $0.50
Shivas prana: calls $0.50
*** RIVER *** [5c 6c Jd Js] [Qh]
Lorpugo: checks 
Shivas prana: bets $1.43
Lorpugo: folds 
Uncalled bet ($1.43) returned to Shivas prana
Shivas prana collected $1.90 from pot
Shivas prana: doesn't show hand 
*** SUMMARY ***
Total pot $2 | Rake $0.10 
Board [5c 6c Jd Js Qh]
Seat 1: Shivas prana (button) (small blind) collected ($1.90)
Seat 2: Lorpugo (big blind) folded on the River



PokerStars Zoom Hand #240962194967:  Hold'em No Limit ($0.25/$0.50 - $10 Cap - ) - 2023/01/06 17:42:40 ET
Table 'Alpha Reticuli (Cap)' 2-max Seat #1 is the button
Seat 1: Lorpugo ($16.81 in chips) 
Seat 2: BlufferRene0 ($10 in chips) 
Lorpugo: posts small blind $0.25
BlufferRene0: posts big blind $0.50
*** HOLE CARDS ***
Dealt to Lorpugo [Kh 8c]
Lorpugo: raises $0.50 to $1
BlufferRene0: calls $0.50
*** FLOP *** [Kc 9d 6c]
BlufferRene0: checks 
Lorpugo: bets $0.50
BlufferRene0: calls $0.50
*** TURN *** [Kc 9d 6c] [5s]
BlufferRene0: checks 
Lorpugo: checks 
*** RIVER *** [Kc 9d 6c 5s] [2h]
BlufferRene0: checks 
Lorpugo: bets $4
BlufferRene0: calls $4
*** SHOW DOWN ***
Lorpugo: shows [Kh 8c] (a pair of Kings)
BlufferRene0: mucks hand 
Lorpugo collected $10.45 from pot
*** SUMMARY ***
Total pot $11 | Rake $0.55 
Board [Kc 9d 6c 5s 2h]
Seat 1: Lorpugo (button) (small blind) showed [Kh 8c] and won ($10.45) with a pair of Kings
Seat 2: BlufferRene0 (big blind) mucked [5d 8h]



PokerStars Zoom Hand #240962208212:  Hold'em No Limit ($0.25/$0.50 - $10 Cap - ) - 2023/01/06 17:43:11 ET
Table 'Alpha Reticuli (Cap)' 2-max Seat #1 is the button
Seat 1: Lorpugo ($21.76 in chips) 
Seat 2: BlufferRene0 ($4.25 in chips) 
Lorpugo: posts small blind $0.25
BlufferRene0: posts big blind $0.50
*** HOLE CARDS ***
Dealt to Lorpugo [6s 5d]
Lorpugo: calls $0.25
BlufferRene0: raises $3.75 to $4.25 and is all-in
Lorpugo: folds 
Uncalled bet ($3.75) returned to BlufferRene0
BlufferRene0 collected $1 from pot
BlufferRene0: doesn't show hand 
*** SUMMARY ***
Total pot $1 | Rake $0 
Seat 1: Lorpugo (button) (small blind) folded before Flop
Seat 2: BlufferRene0 (big blind) collected ($1)



PokerStars Zoom Hand #240962212077:  Hold'em No Limit ($0.25/$0.50 - $10 Cap - ) - 2023/01/06 17:43:20 ET
Table 'Alpha Reticuli (Cap)' 2-max Seat #1 is the button
Seat 1: Shivas prana ($19.13 in chips) 
Seat 2: Lorpugo ($21.26 in chips) 
Shivas prana: posts small blind $0.25
Lorpugo: posts big blind $0.50
*** HOLE CARDS ***
Dealt to Lorpugo [9h Jh]
Shivas prana: calls $0.25
Lorpugo: raises $1 to $1.50
Shivas prana: folds 
Uncalled bet ($1) returned to Lorpugo
Lorpugo collected $1 from pot
Lorpugo: doesn't show hand 
*** SUMMARY ***
Total pot $1 | Rake $0 
Seat 1: Shivas prana (button) (small blind) folded before Flop
Seat 2: Lorpugo (big blind) collected ($1)



PokerStars Zoom Hand #240962219631:  Hold'em No Limit ($0.25/$0.50 - $10 Cap - ) - 2023/01/06 17:43:38 ET
Table 'Alpha Reticuli (Cap)' 2-max Seat #1 is the button
Seat 1: Lorpugo ($21.76 in chips) 
Seat 2: Shivas prana ($18.63 in chips) 
Lorpugo: posts small blind $0.25
Shivas prana: posts big blind $0.50
*** HOLE CARDS ***
Dealt to Lorpugo [Ac 7s]
Lorpugo: calls $0.25
Shivas prana: checks 
*** FLOP *** [Qc 6h 6d]
Shivas prana: checks 
Lorpugo: bets $0.50
Shivas prana: calls $0.50
*** TURN *** [Qc 6h 6d] [3d]
Shivas prana: checks 
Lorpugo: bets $0.63
Shivas prana: folds 
Uncalled bet ($0.63) returned to Lorpugo
Lorpugo collected $1.90 from pot
Lorpugo: doesn't show hand 
*** SUMMARY ***
Total pot $2 | Rake $0.10 
Board [Qc 6h 6d 3d]
Seat 1: Lorpugo (button) (small blind) collected ($1.90)
Seat 2: Shivas prana (big blind) folded on the Turn



PokerStars Zoom Hand #240962230470:  Hold'em No Limit ($0.25/$0.50 - $10 Cap - ) - 2023/01/06 17:44:04 ET
Table 'Alpha Reticuli (Cap)' 2-max Seat #1 is the button
Seat 1: Shivas prana ($17.63 in chips) 
Seat 2: Lorpugo ($22.66 in chips) 
Shivas prana: posts small blind $0.25
Lorpugo: posts big blind $0.50
*** HOLE CARDS ***
Dealt to Lorpugo [Ks 4s]
Shivas prana: calls $0.25
Lorpugo: raises $1 to $1.50
Shivas prana: calls $1
*** FLOP *** [8c Th 8s]
Lorpugo: bets $0.94
Shivas prana: calls $0.94
*** TURN *** [8c Th 8s] [9d]
Lorpugo: checks 
Shivas prana: bets $1.53
Lorpugo: folds 
Uncalled bet ($1.53) returned to Shivas prana
Shivas prana collected $4.64 from pot
Shivas prana: doesn't show hand 
*** SUMMARY ***
Total pot $4.88 | Rake $0.24 
Board [8c Th 8s 9d]
Seat 1: Shivas prana (button) (small blind) collected ($4.64)
Seat 2: Lorpugo (big blind) folded on the Turn



PokerStars Zoom Hand #240962245591:  Hold'em No Limit ($0.25/$0.50 - $10 Cap - ) - 2023/01/06 17:44:41 ET
Table 'Alpha Reticuli (Cap)' 2-max Seat #1 is the button
Seat 1: Lorpugo ($20.22 in chips) 
Seat 2: Shivas prana ($19.83 in chips) 
Lorpugo: posts small blind $0.25
Shivas prana: posts big blind $0.50
*** HOLE CARDS ***
Dealt to Lorpugo [8h Jd]
Lorpugo: raises $0.50 to $1
Shivas prana: raises $9 to $10 and has reached the $10 cap
Lorpugo: folds 
Uncalled bet ($9) returned to Shivas prana
Shivas prana collected $2 from pot
Shivas prana: doesn't show hand 
*** SUMMARY ***
Total pot $2 | Rake $0 
Seat 1: Lorpugo (button) (small blind) folded before Flop
Seat 2: Shivas prana (big blind) collected ($2)



PokerStars Zoom Hand #240962249750:  Hold'em No Limit ($0.25/$0.50 - $10 Cap - ) - 2023/01/06 17:44:51 ET
Table 'Alpha Reticuli (Cap)' 2-max Seat #1 is the button
Seat 1: Shivas prana ($20.83 in chips) 
Seat 2: Lorpugo ($19.22 in chips) 
Shivas prana: posts small blind $0.25
Lorpugo: posts big blind $0.50
*** HOLE CARDS ***
Dealt to Lorpugo [As 3c]
Shivas prana: folds 
Uncalled bet ($0.25) returned to Lorpugo
Lorpugo collected $0.50 from pot
Lorpugo: doesn't show hand 
*** SUMMARY ***
Total pot $0.50 | Rake $0 
Seat 1: Shivas prana (button) (small blind) folded before Flop
Seat 2: Lorpugo (big blind) collected ($0.50)



PokerStars Zoom Hand #240962253158:  Hold'em No Limit ($0.25/$0.50 - $10 Cap - ) - 2023/01/06 17:44:59 ET
Table 'Alpha Reticuli (Cap)' 2-max Seat #1 is the button
Seat 1: Lorpugo ($19.47 in chips) 
Seat 2: Shivas prana ($20.58 in chips) 
Lorpugo: posts small blind $0.25
Shivas prana: posts big blind $0.50
*** HOLE CARDS ***
Dealt to Lorpugo [9d Kh]
Lorpugo: raises $0.50 to $1
Shivas prana: calls $0.50
*** FLOP *** [6c 9h Kd]
Shivas prana: checks 
Lorpugo: bets $0.50
Shivas prana: calls $0.50
*** TURN *** [6c 9h Kd] [3s]
Shivas prana: checks 
Lorpugo: bets $0.94
Shivas prana: calls $0.94
*** RIVER *** [6c 9h Kd 3s] [Jh]
Shivas prana: checks 
Lorpugo: bets $5
Shivas prana: calls $5
*** SHOW DOWN ***
Lorpugo: shows [9d Kh] (two pair, Kings and Nines)
Shivas prana: mucks hand 
Lorpugo collected $14.14 from pot
*** SUMMARY ***
Total pot $14.88 | Rake $0.74 
Board [6c 9h Kd 3s Jh]
Seat 1: Lorpugo (button) (small blind) showed [9d Kh] and won ($14.14) with two pair, Kings and Nines
Seat 2: Shivas prana (big blind) mucked [Jc Qc]



PokerStars Zoom Hand #240962270439:  Hold'em No Limit ($0.25/$0.50 - $10 Cap - ) - 2023/01/06 17:45:41 ET
Table 'Alpha Reticuli (Cap)' 2-max Seat #1 is the button
Seat 1: Lorpugo ($26.17 in chips) 
Seat 2: ChriPo84 ($10 in chips) 
Lorpugo: posts small blind $0.25
ChriPo84: posts big blind $0.50
*** HOLE CARDS ***
Dealt to Lorpugo [4h Kh]
Lorpugo: calls $0.25
ChriPo84: raises $9.50 to $10 and is all-in
Lorpugo: folds 
Uncalled bet ($9.50) returned to ChriPo84
ChriPo84 collected $1 from pot
ChriPo84: doesn't show hand 
*** SUMMARY ***
Total pot $1 | Rake $0 
Seat 1: Lorpugo (button) (small blind) folded before Flop
Seat 2: ChriPo84 (big blind) collected ($1)



PokerStars Zoom Hand #240962274087:  Hold'em No Limit ($0.25/$0.50 - $10 Cap - ) - 2023/01/06 17:45:49 ET
Table 'Alpha Reticuli (Cap)' 2-max Seat #1 is the button
Seat 1: Shivas prana ($13.14 in chips) 
Seat 2: Lorpugo ($25.67 in chips) 
Shivas prana: posts small blind $0.25
Lorpugo: posts big blind $0.50
*** HOLE CARDS ***
Dealt to Lorpugo [3d Qs]
Shivas prana: calls $0.25
Lorpugo: checks 
*** FLOP *** [As 8c 7d]
Lorpugo: checks 
Shivas prana: bets $0.50
Lorpugo: folds 
Uncalled bet ($0.50) returned to Shivas prana
Shivas prana collected $0.95 from pot
Shivas prana: doesn't show hand 
*** SUMMARY ***
Total pot $1 | Rake $0.05 
Board [As 8c 7d]
Seat 1: Shivas prana (button) (small blind) collected ($0.95)
Seat 2: Lorpugo (big blind) folded on the Flop



PokerStars Zoom Hand #240962280896:  Hold'em No Limit ($0.25/$0.50 - $10 Cap - ) - 2023/01/06 17:46:06 ET
Table 'Alpha Reticuli (Cap)' 2-max Seat #1 is the button
Seat 1: ChriPo84 ($10.50 in chips) 
Seat 2: Lorpugo ($25.17 in chips) 
ChriPo84: posts small blind $0.25
Lorpugo: posts big blind $0.50
*** HOLE CARDS ***
Dealt to Lorpugo [Ah 9s]
ChriPo84: raises $0.50 to $1
Lorpugo: calls $0.50
*** FLOP *** [Ac Qh 7c]
Lorpugo: checks 
ChriPo84: checks 
*** TURN *** [Ac Qh 7c] [4s]
Lorpugo: bets $0.63
ChriPo84: calls $0.63
*** RIVER *** [Ac Qh 7c 4s] [5h]
Lorpugo: bets $4.50
ChriPo84: calls $4.50
*** SHOW DOWN ***
Lorpugo: shows [Ah 9s] (a pair of Aces)
ChriPo84: mucks hand 
Lorpugo collected $11.65 from pot
*** SUMMARY ***
Total pot $12.26 | Rake $0.61 
Board [Ac Qh 7c 4s 5h]
Seat 1: ChriPo84 (button) (small blind) mucked [Qd Kh]
Seat 2: Lorpugo (big blind) showed [Ah 9s] and won ($11.65) with a pair of Aces



PokerStars Zoom Hand #240962294571:  Hold'em No Limit ($0.25/$0.50 - $10 Cap - ) - 2023/01/06 17:46:38 ET
Table 'Alpha Reticuli (Cap)' 2-max Seat #1 is the button
Seat 1: Lorpugo ($30.69 in chips) 
Seat 2: Shivas prana ($13.59 in chips) 
Lorpugo: posts small blind $0.25
Shivas prana: posts big blind $0.50
*** HOLE CARDS ***
Dealt to Lorpugo [7d 9s]
Lorpugo: calls $0.25
Shivas prana: raises $9.50 to $10 and has reached the $10 cap
Lorpugo: folds 
Uncalled bet ($9.50) returned to Shivas prana
Shivas prana collected $1 from pot
Shivas prana: doesn't show hand 
*** SUMMARY ***
Total pot $1 | Rake $0 
Seat 1: Lorpugo (button) (small blind) folded before Flop
Seat 2: Shivas prana (big blind) collected ($1)



PokerStars Zoom Hand #240962298800:  Hold'em No Limit ($0.25/$0.50 - $10 Cap - ) - 2023/01/06 17:46:48 ET
Table 'Alpha Reticuli (Cap)' 2-max Seat #1 is the button
Seat 1: Lorpugo ($30.19 in chips) 
Seat 2: ChriPo84 ($10 in chips) 
Lorpugo: posts small blind $0.25
ChriPo84: posts big blind $0.50
*** HOLE CARDS ***
Dealt to Lorpugo [Th 7s]
Lorpugo: calls $0.25
ChriPo84: raises $1 to $1.50
Lorpugo: folds 
Uncalled bet ($1) returned to ChriPo84
ChriPo84 collected $1 from pot
ChriPo84: doesn't show hand 
*** SUMMARY ***
Total pot $1 | Rake $0 
Seat 1: Lorpugo (button) (small blind) folded before Flop
Seat 2: ChriPo84 (big blind) collected ($1)



PokerStars Zoom Hand #240962302124:  Hold'em No Limit ($0.25/$0.50 - $10 Cap - ) - 2023/01/06 17:46:56 ET
Table 'Alpha Reticuli (Cap)' 2-max Seat #1 is the button
Seat 1: Shivas prana ($14.09 in chips) 
Seat 2: Lorpugo ($29.69 in chips) 
Shivas prana: posts small blind $0.25
Lorpugo: posts big blind $0.50
*** HOLE CARDS ***
Dealt to Lorpugo [Js Qc]
Shivas prana: raises $9.50 to $10 and has reached the $10 cap
Lorpugo: folds 
Uncalled bet ($9.50) returned to Shivas prana
Shivas prana collected $1 from pot
Shivas prana: doesn't show hand 
*** SUMMARY ***
Total pot $1 | Rake $0 
Seat 1: Shivas prana (button) (small blind) collected ($1)
Seat 2: Lorpugo (big blind) folded before Flop



PokerStars Zoom Hand #240962304707:  Hold'em No Limit ($0.25/$0.50 - $10 Cap - ) - 2023/01/06 17:47:02 ET
Table 'Alpha Reticuli (Cap)' 2-max Seat #1 is the button
Seat 1: ChriPo84 ($10.50 in chips) 
Seat 2: Lorpugo ($29.19 in chips) 
ChriPo84: posts small blind $0.25
Lorpugo: posts big blind $0.50
*** HOLE CARDS ***
Dealt to Lorpugo [7d 2s]
ChriPo84: folds 
Uncalled bet ($0.25) returned to Lorpugo
Lorpugo collected $0.50 from pot
Lorpugo: doesn't show hand 
*** SUMMARY ***
Total pot $0.50 | Rake $0 
Seat 1: ChriPo84 (button) (small blind) folded before Flop
Seat 2: Lorpugo (big blind) collected ($0.50)



PokerStars Zoom Hand #240962312914:  Hold'em No Limit ($0.25/$0.50 - $10 Cap - ) - 2023/01/06 17:47:23 ET
Table 'Alpha Reticuli (Cap)' 2-max Seat #1 is the button
Seat 1: Lorpugo ($29.44 in chips) 
Seat 2: Shivas prana ($14.09 in chips) 
Lorpugo: posts small blind $0.25
Shivas prana: posts big blind $0.50
*** HOLE CARDS ***
Dealt to Lorpugo [7c Js]
Lorpugo: calls $0.25
Shivas prana: checks 
*** FLOP *** [5s Qc Td]
Shivas prana: checks 
Lorpugo: checks 
*** TURN *** [5s Qc Td] [Qs]
Shivas prana: bets $0.71
Lorpugo: folds 
Uncalled bet ($0.71) returned to Shivas prana
Shivas prana collected $0.95 from pot
Shivas prana: doesn't show hand 
*** SUMMARY ***
Total pot $1 | Rake $0.05 
Board [5s Qc Td Qs]
Seat 1: Lorpugo (button) (small blind) folded on the Turn
Seat 2: Shivas prana (big blind) collected ($0.95)



PokerStars Zoom Hand #240962322691:  Hold'em No Limit ($0.25/$0.50 - $10 Cap - ) - 2023/01/06 17:47:46 ET
Table 'Alpha Reticuli (Cap)' 2-max Seat #1 is the button
Seat 1: ChriPo84 ($10.75 in chips) 
Seat 2: Lorpugo ($28.94 in chips) 
ChriPo84: posts small blind $0.25
Lorpugo: posts big blind $0.50
*** HOLE CARDS ***
Dealt to Lorpugo [Jc Th]
ChriPo84: calls $0.25
Lorpugo: raises $1 to $1.50
ChriPo84: folds 
Uncalled bet ($1) returned to Lorpugo
Lorpugo collected $1 from pot
Lorpugo: doesn't show hand 
*** SUMMARY ***
Total pot $1 | Rake $0 
Seat 1: ChriPo84 (button) (small blind) folded before Flop
Seat 2: Lorpugo (big blind) collected ($1)



PokerStars Zoom Hand #240962328134:  Hold'em No Limit ($0.25/$0.50 - $10 Cap - ) - 2023/01/06 17:47:59 ET
Table 'Alpha Reticuli (Cap)' 2-max Seat #1 is the button
Seat 1: Lorpugo ($29.44 in chips) 
Seat 2: ChriPo84 ($10.25 in chips) 
Lorpugo: posts small blind $0.25
ChriPo84: posts big blind $0.50
*** HOLE CARDS ***
Dealt to Lorpugo [5d 5c]
Lorpugo: calls $0.25
ChriPo84: checks 
*** FLOP *** [9h Kd 3h]
ChriPo84: checks 
Lorpugo: bets $0.50
ChriPo84: folds 
Uncalled bet ($0.50) returned to Lorpugo
Lorpugo collected $0.95 from pot
Lorpugo: doesn't show hand 
*** SUMMARY ***
Total pot $1 | Rake $0.05 
Board [9h Kd 3h]
Seat 1: Lorpugo (button) (small blind) collected ($0.95)
Seat 2: ChriPo84 (big blind) folded on the Flop



PokerStars Zoom Hand #240962333321:  Hold'em No Limit ($0.25/$0.50 - $10 Cap - ) - 2023/01/06 17:48:12 ET
Table 'Alpha Reticuli (Cap)' 2-max Seat #1 is the button
Seat 1: Lorpugo ($29.89 in chips) 
Seat 2: Shivas prana ($14.04 in chips) 
Lorpugo: posts small blind $0.25
Shivas prana: posts big blind $0.50
*** HOLE CARDS ***
Dealt to Lorpugo [2h 8c]
Lorpugo: folds 
Uncalled bet ($0.25) returned to Shivas prana
Shivas prana collected $0.50 from pot
Shivas prana: doesn't show hand 
*** SUMMARY ***
Total pot $0.50 | Rake $0 
Seat 1: Lorpugo (button) (small blind) folded before Flop
Seat 2: Shivas prana (big blind) collected ($0.50)



PokerStars Zoom Hand #240962335931:  Hold'em No Limit ($0.25/$0.50 - $10 Cap - ) - 2023/01/06 17:48:18 ET
Table 'Alpha Reticuli (Cap)' 2-max Seat #1 is the button
Seat 1: Shivas prana ($14.29 in chips) 
Seat 2: Lorpugo ($29.64 in chips) 
Shivas prana: posts small blind $0.25
Lorpugo: posts big blind $0.50
*** HOLE CARDS ***
Dealt to Lorpugo [4d 3d]
Shivas prana: calls $0.25
Lorpugo: checks 
*** FLOP *** [Td 7c 5d]
Lorpugo: checks 
Shivas prana: bets $0.75
Lorpugo: calls $0.75
*** TURN *** [Td 7c 5d] [Jc]
Lorpugo: bets $0.50
Shivas prana: calls $0.50
*** RIVER *** [Td 7c 5d Jc] [8s]
Lorpugo: checks 
Shivas prana: checks 
*** SHOW DOWN ***
Lorpugo: shows [4d 3d] (high card Jack)
Shivas prana: shows [5c Ah] (a pair of Fives)
Shivas prana collected $3.32 from pot
*** SUMMARY ***
Total pot $3.50 | Rake $0.18 
Board [Td 7c 5d Jc 8s]
Seat 1: Shivas prana (button) (small blind) showed [5c Ah] and won ($3.32) with a pair of Fives
Seat 2: Lorpugo (big blind) showed [4d 3d] and lost with high card Jack



PokerStars Zoom Hand #240962347794:  Hold'em No Limit ($0.25/$0.50 - $10 Cap - ) - 2023/01/06 17:48:46 ET
Table 'Alpha Reticuli (Cap)' 2-max Seat #1 is the button
Seat 1: Lorpugo ($27.89 in chips) 
Seat 2: Shivas prana ($15.86 in chips) 
Lorpugo: posts small blind $0.25
Shivas prana: posts big blind $0.50
*** HOLE CARDS ***
Dealt to Lorpugo [Ac Kd]
Lorpugo: calls $0.25
Shivas prana: checks 
*** FLOP *** [2d As 6s]
Shivas prana: checks 
Lorpugo: bets $0.50
Shivas prana: folds 
Uncalled bet ($0.50) returned to Lorpugo
Lorpugo collected $0.95 from pot
Lorpugo: doesn't show hand 
*** SUMMARY ***
Total pot $1 | Rake $0.05 
Board [2d As 6s]
Seat 1: Lorpugo (button) (small blind) collected ($0.95)
Seat 2: Shivas prana (big blind) folded on the Flop



PokerStars Zoom Hand #240962358056:  Hold'em No Limit ($0.25/$0.50 - $10 Cap - ) - 2023/01/06 17:49:11 ET
Table 'Alpha Reticuli (Cap)' 2-max Seat #1 is the button
Seat 1: Shivas prana ($15.36 in chips) 
Seat 2: Lorpugo ($28.34 in chips) 
Shivas prana: posts small blind $0.25
Lorpugo: posts big blind $0.50
*** HOLE CARDS ***
Dealt to Lorpugo [3d 6s]
Shivas prana: raises $0.50 to $1
Lorpugo: folds 
Uncalled bet ($0.50) returned to Shivas prana
Shivas prana collected $1 from pot
Shivas prana: doesn't show hand 
*** SUMMARY ***
Total pot $1 | Rake $0 
Seat 1: Shivas prana (button) (small blind) collected ($1)
Seat 2: Lorpugo (big blind) folded before Flop



PokerStars Zoom Hand #240962361394:  Hold'em No Limit ($0.25/$0.50 - $10 Cap - ) - 2023/01/06 17:49:19 ET
Table 'Alpha Reticuli (Cap)' 2-max Seat #1 is the button
Seat 1: Lorpugo ($27.84 in chips) 
Seat 2: Shivas prana ($15.86 in chips) 
Lorpugo: posts small blind $0.25
Shivas prana: posts big blind $0.50
*** HOLE CARDS ***
Dealt to Lorpugo [Tc As]
Lorpugo: calls $0.25
Shivas prana: checks 
*** FLOP *** [Kd Jd 8c]
Shivas prana: checks 
Lorpugo: checks 
*** TURN *** [Kd Jd 8c] [Qd]
Shivas prana: checks 
Lorpugo: bets $0.63
Shivas prana: calls $0.63
*** RIVER *** [Kd Jd 8c Qd] [3h]
Shivas prana: checks 
Lorpugo: bets $3
Shivas prana: folds 
Uncalled bet ($3) returned to Lorpugo
Lorpugo collected $2.15 from pot
Lorpugo: doesn't show hand 
*** SUMMARY ***
Total pot $2.26 | Rake $0.11 
Board [Kd Jd 8c Qd 3h]
Seat 1: Lorpugo (button) (small blind) collected ($2.15)
Seat 2: Shivas prana (big blind) folded on the River



PokerStars Zoom Hand #240962373623:  Hold'em No Limit ($0.25/$0.50 - $10 Cap - ) - 2023/01/06 17:49:49 ET
Table 'Alpha Reticuli (Cap)' 2-max Seat #1 is the button
Seat 1: ChriPo84 ($10 in chips) 
Seat 2: Lorpugo ($28.86 in chips) 
ChriPo84: posts small blind $0.25
Lorpugo: posts big blind $0.50
*** HOLE CARDS ***
Dealt to Lorpugo [Jc 2s]
ChriPo84: raises $0.50 to $1
Lorpugo: folds 
Uncalled bet ($0.50) returned to ChriPo84
ChriPo84 collected $1 from pot
ChriPo84: doesn't show hand 
*** SUMMARY ***
Total pot $1 | Rake $0 
Seat 1: ChriPo84 (button) (small blind) collected ($1)
Seat 2: Lorpugo (big blind) folded before Flop



PokerStars Zoom Hand #240962376436:  Hold'em No Limit ($0.25/$0.50 - $10 Cap - ) - 2023/01/06 17:49:55 ET
Table 'Alpha Reticuli (Cap)' 2-max Seat #1 is the button
Seat 1: Lorpugo ($28.36 in chips) 
Seat 2: ChriPo84 ($10.50 in chips) 
Lorpugo: posts small blind $0.25
ChriPo84: posts big blind $0.50
*** HOLE CARDS ***
Dealt to Lorpugo [Kc Ad]
Lorpugo: calls $0.25
ChriPo84: checks 
*** FLOP *** [As Qh 5c]
ChriPo84: checks 
Lorpugo: checks 
*** TURN *** [As Qh 5c] [4c]
ChriPo84: checks 
Lorpugo: bets $1.50
ChriPo84: folds 
Uncalled bet ($1.50) returned to Lorpugo
Lorpugo collected $0.95 from pot
Lorpugo: doesn't show hand 
*** SUMMARY ***
Total pot $1 | Rake $0.05 
Board [As Qh 5c 4c]
Seat 1: Lorpugo (button) (small blind) collected ($0.95)
Seat 2: ChriPo84 (big blind) folded on the Turn



PokerStars Zoom Hand #240962385170:  Hold'em No Limit ($0.25/$0.50 - $10 Cap - ) - 2023/01/06 17:50:17 ET
Table 'Alpha Reticuli (Cap)' 2-max Seat #1 is the button
Seat 1: ChriPo84 ($10 in chips) 
Seat 2: Lorpugo ($28.81 in chips) 
ChriPo84: posts small blind $0.25
Lorpugo: posts big blind $0.50
*** HOLE CARDS ***
Dealt to Lorpugo [9c As]
ChriPo84: raises $0.50 to $1
Lorpugo: calls $0.50
*** FLOP *** [5c 8d 5d]
Lorpugo: bets $0.50
ChriPo84: raises $2.90 to $3.40
Lorpugo: folds 
Uncalled bet ($2.90) returned to ChriPo84
ChriPo84 collected $2.81 from pot
ChriPo84: doesn't show hand 
*** SUMMARY ***
Total pot $3 | Rake $0.19 
Board [5c 8d 5d]
Seat 1: ChriPo84 (button) (small blind) collected ($2.81)
Seat 2: Lorpugo (big blind) folded on the Flop



PokerStars Zoom Hand #240962390433:  Hold'em No Limit ($0.25/$0.50 - $10 Cap - ) - 2023/01/06 17:50:29 ET
Table 'Alpha Reticuli (Cap)' 2-max Seat #1 is the button
Seat 1: Shivas prana ($16.03 in chips) 
Seat 2: Lorpugo ($27.31 in chips) 
Shivas prana: posts small blind $0.25
Lorpugo: posts big blind $0.50
*** HOLE CARDS ***
Dealt to Lorpugo [Kc As]
Shivas prana: calls $0.25
Lorpugo: raises $1 to $1.50
Shivas prana: folds 
Uncalled bet ($1) returned to Lorpugo
Lorpugo collected $1 from pot
Lorpugo: doesn't show hand 
*** SUMMARY ***
Total pot $1 | Rake $0 
Seat 1: Shivas prana (button) (small blind) folded before Flop
Seat 2: Lorpugo (big blind) collected ($1)



PokerStars Zoom Hand #240962395533:  Hold'em No Limit ($0.25/$0.50 - $10 Cap - ) - 2023/01/06 17:50:42 ET
Table 'Alpha Reticuli (Cap)' 2-max Seat #1 is the button
Seat 1: nasserterapia ($13.91 in chips) 
Seat 2: Lorpugo ($27.81 in chips) 
nasserterapia: posts small blind $0.25
Lorpugo: posts big blind $0.50
*** HOLE CARDS ***
Dealt to Lorpugo [5d 6d]
nasserterapia: calls $0.25
Lorpugo: checks 
*** FLOP *** [8s Qh Ah]
Lorpugo: checks 
nasserterapia: bets $0.50
Lorpugo: folds 
Uncalled bet ($0.50) returned to nasserterapia
nasserterapia collected $0.95 from pot
nasserterapia: doesn't show hand 
*** SUMMARY ***
Total pot $1 | Rake $0.05 
Board [8s Qh Ah]
Seat 1: nasserterapia (button) (small blind) collected ($0.95)
Seat 2: Lorpugo (big blind) folded on the Flop



PokerStars Zoom Hand #240962401795:  Hold'em No Limit ($0.25/$0.50 - $10 Cap - ) - 2023/01/06 17:50:57 ET
Table 'Alpha Reticuli (Cap)' 2-max Seat #1 is the button
Seat 1: Lorpugo ($27.31 in chips) 
Seat 2: nasserterapia ($14.36 in chips) 
Lorpugo: posts small blind $0.25
nasserterapia: posts big blind $0.50
*** HOLE CARDS ***
Dealt to Lorpugo [8d 3h]
Lorpugo: folds 
Uncalled bet ($0.25) returned to nasserterapia
nasserterapia collected $0.50 from pot
nasserterapia: doesn't show hand 
*** SUMMARY ***
Total pot $0.50 | Rake $0 
Seat 1: Lorpugo (button) (small blind) folded before Flop
Seat 2: nasserterapia (big blind) collected ($0.50)



PokerStars Zoom Hand #240962404294:  Hold'em No Limit ($0.25/$0.50 - $10 Cap - ) - 2023/01/06 17:51:03 ET
Table 'Alpha Reticuli (Cap)' 2-max Seat #1 is the button
Seat 1: nasserterapia ($14.61 in chips) 
Seat 2: Lorpugo ($27.06 in chips) 
nasserterapia: posts small blind $0.25
Lorpugo: posts big blind $0.50
*** HOLE CARDS ***
Dealt to Lorpugo [Td Tc]
nasserterapia: folds 
Uncalled bet ($0.25) returned to Lorpugo
Lorpugo collected $0.50 from pot
Lorpugo: doesn't show hand 
*** SUMMARY ***
Total pot $0.50 | Rake $0 
Seat 1: nasserterapia (button) (small blind) folded before Flop
Seat 2: Lorpugo (big blind) collected ($0.50)



PokerStars Zoom Hand #240962407238:  Hold'em No Limit ($0.25/$0.50 - $10 Cap - ) - 2023/01/06 17:51:10 ET
Table 'Alpha Reticuli (Cap)' 2-max Seat #1 is the button
Seat 1: Lorpugo ($27.31 in chips) 
Seat 2: nasserterapia ($14.36 in chips) 
Lorpugo: posts small blind $0.25
nasserterapia: posts big blind $0.50
*** HOLE CARDS ***
Dealt to Lorpugo [6s 4h]
Lorpugo: folds 
Uncalled bet ($0.25) returned to nasserterapia
nasserterapia collected $0.50 from pot
nasserterapia: doesn't show hand 
*** SUMMARY ***
Total pot $0.50 | Rake $0 
Seat 1: Lorpugo (button) (small blind) folded before Flop
Seat 2: nasserterapia (big blind) collected ($0.50)



PokerStars Zoom Hand #240962409361:  Hold'em No Limit ($0.25/$0.50 - $10 Cap - ) - 2023/01/06 17:51:16 ET
Table 'Alpha Reticuli (Cap)' 2-max Seat #1 is the button
Seat 1: Lorpugo ($27.06 in chips) 
Seat 2: 260214 ($10 in chips) 
Lorpugo: posts small blind $0.25
260214: posts big blind $0.50
*** HOLE CARDS ***
Dealt to Lorpugo [Jc 5h]
Lorpugo: folds 
Uncalled bet ($0.25) returned to 260214
260214 collected $0.50 from pot
260214: doesn't show hand 
*** SUMMARY ***
Total pot $0.50 | Rake $0 
Seat 1: Lorpugo (button) (small blind) folded before Flop
Seat 2: 260214 (big blind) collected ($0.50)



PokerStars Zoom Hand #240962411640:  Hold'em No Limit ($0.25/$0.50 - $10 Cap - ) - 2023/01/06 17:51:21 ET
Table 'Alpha Reticuli (Cap)' 2-max Seat #1 is the button
Seat 1: nasserterapia ($14.61 in chips) 
Seat 2: Lorpugo ($26.81 in chips) 
nasserterapia: posts small blind $0.25
Lorpugo: posts big blind $0.50
*** HOLE CARDS ***
Dealt to Lorpugo [8h Kh]
nasserterapia: calls $0.25
Lorpugo: checks 
*** FLOP *** [6d Kc 3d]
Lorpugo: checks 
nasserterapia: checks 
*** TURN *** [6d Kc 3d] [6h]
Lorpugo: checks 
nasserterapia: checks 
*** RIVER *** [6d Kc 3d 6h] [Qh]
Lorpugo: bets $1.50
nasserterapia: folds 
Uncalled bet ($1.50) returned to Lorpugo
Lorpugo collected $0.95 from pot
Lorpugo: doesn't show hand 
*** SUMMARY ***
Total pot $1 | Rake $0.05 
Board [6d Kc 3d 6h Qh]
Seat 1: nasserterapia (button) (small blind) folded on the River
Seat 2: Lorpugo (big blind) collected ($0.95)



PokerStars Zoom Hand #240962423391:  Hold'em No Limit ($0.25/$0.50 - $10 Cap - ) - 2023/01/06 17:51:50 ET
Table 'Alpha Reticuli (Cap)' 2-max Seat #1 is the button
Seat 1: Lorpugo ($27.26 in chips) 
Seat 2: ChriPo84 ($7.02 in chips) 
Lorpugo: posts small blind $0.25
ChriPo84: posts big blind $0.50
*** HOLE CARDS ***
Dealt to Lorpugo [Th Ks]
Lorpugo: raises $0.50 to $1
ChriPo84: calls $0.50
*** FLOP *** [2d 7s Ts]
ChriPo84: checks 
Lorpugo: bets $0.50
ChriPo84: calls $0.50
*** TURN *** [2d 7s Ts] [8s]
ChriPo84: checks 
Lorpugo: bets $8.50 and has reached the $10 cap
ChriPo84: calls $5.52 and is all-in
Uncalled bet ($2.98) returned to Lorpugo
*** RIVER *** [2d 7s Ts 8s] [Tc]
*** SHOW DOWN ***
ChriPo84: shows [Qs 4c] (a pair of Tens)
Lorpugo: shows [Th Ks] (three of a kind, Tens)
Lorpugo collected $13.34 from pot
*** SUMMARY ***
Total pot $14.04 | Rake $0.70 
Board [2d 7s Ts 8s Tc]
Seat 1: Lorpugo (button) (small blind) showed [Th Ks] and won ($13.34) with three of a kind, Tens
Seat 2: ChriPo84 (big blind) showed [Qs 4c] and lost with a pair of Tens



