PokerStars Hand #239407259296:  Hold'em No Limit ($0.01/$0.02 USD) - 2022/10/23 13:56:29 ET
Table 'Salm II' 6-max Seat #3 is the button
Seat 1: aleksandersalu ($2.08 in chips) 
Seat 2: Poshcar ($2.54 in chips) 
Seat 3: jashiggs ($2.05 in chips) 
Seat 5: josedf7509 ($2.01 in chips) 
Seat 6: Lorpugo ($1.60 in chips) 
josedf7509: posts small blind $0.01
Lorpugo: posts big blind $0.02
*** HOLE CARDS ***
Dealt to Lorpugo [Kh Qs]
aleksandersalu: folds 
japettti joins the table at seat #4 
Poshcar: raises $0.04 to $0.06
jashiggs: folds 
josedf7509: folds 
Lorpugo: calls $0.04
*** FLOP *** [2d 2s Ac]
Lorpugo: checks 
Poshcar: checks 
*** TURN *** [2d 2s Ac] [3h]
Lorpugo: checks 
Poshcar: checks 
*** RIVER *** [2d 2s Ac 3h] [2c]
Lorpugo: checks 
Poshcar: checks 
*** SHOW DOWN ***
Lorpugo: shows [Kh Qs] (three of a kind, Deuces)
Poshcar: mucks hand 
Lorpugo collected $0.13 from pot
*** SUMMARY ***
Total pot $0.13 | Rake $0 
Board [2d 2s Ac 3h 2c]
Seat 1: aleksandersalu folded before Flop (didn't bet)
Seat 2: Poshcar mucked [7h 5h]
Seat 3: jashiggs (button) folded before Flop (didn't bet)
Seat 5: josedf7509 (small blind) folded before Flop
Seat 6: Lorpugo (big blind) showed [Kh Qs] and won ($0.13) with three of a kind, Deuces



PokerStars Hand #239407271162:  Hold'em No Limit ($0.01/$0.02 USD) - 2022/10/23 13:57:15 ET
Table 'Salm II' 6-max Seat #5 is the button
Seat 1: aleksandersalu ($2.08 in chips) 
Seat 2: Poshcar ($2.48 in chips) 
Seat 3: jashiggs ($2.05 in chips) 
Seat 5: josedf7509 ($2 in chips) 
Seat 6: Lorpugo ($1.67 in chips) 
Lorpugo: posts small blind $0.01
aleksandersalu: posts big blind $0.02
japettti: sits out 
*** HOLE CARDS ***
Dealt to Lorpugo [4c 9d]
Poshcar: folds 
jashiggs: raises $0.04 to $0.06
josedf7509: calls $0.06
Lorpugo: folds 
aleksandersalu: folds 
*** FLOP *** [4s 5s 7d]
jashiggs: bets $0.06
josedf7509: calls $0.06
*** TURN *** [4s 5s 7d] [Jh]
jashiggs: bets $0.12
josedf7509: folds 
Uncalled bet ($0.12) returned to jashiggs
jashiggs collected $0.26 from pot
jashiggs: doesn't show hand 
*** SUMMARY ***
Total pot $0.27 | Rake $0.01 
Board [4s 5s 7d Jh]
Seat 1: aleksandersalu (big blind) folded before Flop
Seat 2: Poshcar folded before Flop (didn't bet)
Seat 3: jashiggs collected ($0.26)
Seat 5: josedf7509 (button) folded on the Turn
Seat 6: Lorpugo (small blind) folded before Flop



PokerStars Hand #239407281458:  Hold'em No Limit ($0.01/$0.02 USD) - 2022/10/23 13:57:54 ET
Table 'Salm II' 6-max Seat #6 is the button
Seat 1: aleksandersalu ($2.06 in chips) 
Seat 2: Poshcar ($2.48 in chips) 
Seat 3: jashiggs ($2.19 in chips) 
Seat 5: josedf7509 ($2 in chips) 
Seat 6: Lorpugo ($1.66 in chips) 
aleksandersalu: posts small blind $0.01
Poshcar: posts big blind $0.02
japettti: sits out 
*** HOLE CARDS ***
Dealt to Lorpugo [2s Jd]
jashiggs: folds 
josedf7509: raises $0.04 to $0.06
Lorpugo: folds 
aleksandersalu: folds 
Poshcar: calls $0.04
*** FLOP *** [9d Kc 3d]
Poshcar: checks 
josedf7509: bets $0.06
Poshcar: folds 
Uncalled bet ($0.06) returned to josedf7509
josedf7509 collected $0.13 from pot
josedf7509: doesn't show hand 
*** SUMMARY ***
Total pot $0.13 | Rake $0 
Board [9d Kc 3d]
Seat 1: aleksandersalu (small blind) folded before Flop
Seat 2: Poshcar (big blind) folded on the Flop
Seat 3: jashiggs folded before Flop (didn't bet)
Seat 5: josedf7509 collected ($0.13)
Seat 6: Lorpugo (button) folded before Flop (didn't bet)



PokerStars Hand #239407287339:  Hold'em No Limit ($0.01/$0.02 USD) - 2022/10/23 13:58:16 ET
Table 'Salm II' 6-max Seat #1 is the button
Seat 1: aleksandersalu ($2.05 in chips) 
Seat 2: Poshcar ($2.42 in chips) 
Seat 3: jashiggs ($2.19 in chips) 
Seat 5: josedf7509 ($2.07 in chips) 
Seat 6: Lorpugo ($1.66 in chips) 
Poshcar: posts small blind $0.01
jashiggs: posts big blind $0.02
japettti: sits out 
*** HOLE CARDS ***
Dealt to Lorpugo [Th Qd]
josedf7509: folds 
Lorpugo: raises $0.04 to $0.06
aleksandersalu: folds 
Poshcar: calls $0.05
jashiggs: calls $0.04
*** FLOP *** [Ah 6c 2c]
Poshcar: checks 
jashiggs: checks 
Lorpugo: checks 
*** TURN *** [Ah 6c 2c] [Jd]
Poshcar: bets $0.09
jashiggs: folds 
Lorpugo: folds 
Uncalled bet ($0.09) returned to Poshcar
Poshcar collected $0.17 from pot
*** SUMMARY ***
Total pot $0.18 | Rake $0.01 
Board [Ah 6c 2c Jd]
Seat 1: aleksandersalu (button) folded before Flop (didn't bet)
Seat 2: Poshcar (small blind) collected ($0.17)
Seat 3: jashiggs (big blind) folded on the Turn
Seat 5: josedf7509 folded before Flop (didn't bet)
Seat 6: Lorpugo folded on the Turn



PokerStars Hand #239407298089:  Hold'em No Limit ($0.01/$0.02 USD) - 2022/10/23 13:58:56 ET
Table 'Salm II' 6-max Seat #2 is the button
Seat 1: aleksandersalu ($2.05 in chips) 
Seat 2: Poshcar ($2.53 in chips) 
Seat 3: jashiggs ($2.13 in chips) 
Seat 4: japettti ($2 in chips) 
Seat 5: josedf7509 ($2.07 in chips) 
Seat 6: Lorpugo ($1.60 in chips) 
jashiggs: posts small blind $0.01
japettti: posts big blind $0.02
*** HOLE CARDS ***
Dealt to Lorpugo [2h Kh]
josedf7509: folds 
josedf7509 leaves the table
Lorpugo: folds 
aleksandersalu: folds 
Poshcar: raises $0.04 to $0.06
Kyp66 joins the table at seat #5 
jashiggs: raises $0.16 to $0.22
japettti: folds 
Poshcar: folds 
Uncalled bet ($0.16) returned to jashiggs
jashiggs collected $0.14 from pot
jashiggs: doesn't show hand 
*** SUMMARY ***
Total pot $0.14 | Rake $0 
Seat 1: aleksandersalu folded before Flop (didn't bet)
Seat 2: Poshcar (button) folded before Flop
Seat 3: jashiggs (small blind) collected ($0.14)
Seat 4: japettti (big blind) folded before Flop
Seat 5: josedf7509 folded before Flop (didn't bet)
Seat 6: Lorpugo folded before Flop (didn't bet)



PokerStars Hand #239407305903:  Hold'em No Limit ($0.01/$0.02 USD) - 2022/10/23 13:59:26 ET
Table 'Salm II' 6-max Seat #3 is the button
Seat 1: aleksandersalu ($2.05 in chips) 
Seat 2: Poshcar ($2.47 in chips) 
Seat 3: jashiggs ($2.21 in chips) 
Seat 4: japettti ($1.98 in chips) 
Seat 5: Kyp66 ($1.60 in chips) 
Seat 6: Lorpugo ($1.60 in chips) 
japettti: posts small blind $0.01
Kyp66: posts big blind $0.02
*** HOLE CARDS ***
Dealt to Lorpugo [Jh Tc]
Lorpugo: folds 
aleksandersalu: folds 
Poshcar: raises $0.03 to $0.05
jashiggs: calls $0.05
japettti: calls $0.04
Kyp66: calls $0.03
*** FLOP *** [Js Kd 8c]
japettti: checks 
Kyp66: checks 
Poshcar: checks 
jashiggs: checks 
*** TURN *** [Js Kd 8c] [2s]
japettti: bets $0.09
Kyp66: raises $0.09 to $0.18
Poshcar: folds 
jashiggs: calls $0.18
japettti: raises $0.09 to $0.27
Kyp66: calls $0.09
jashiggs: calls $0.09
*** RIVER *** [Js Kd 8c 2s] [4h]
japettti: checks 
Kyp66: checks 
jashiggs: checks 
*** SHOW DOWN ***
japettti: shows [Jc Ks] (two pair, Kings and Jacks)
Kyp66: mucks hand 
jashiggs: mucks hand 
japettti collected $0.97 from pot
*** SUMMARY ***
Total pot $1.01 | Rake $0.04 
Board [Js Kd 8c 2s 4h]
Seat 1: aleksandersalu folded before Flop (didn't bet)
Seat 2: Poshcar folded on the Turn
Seat 3: jashiggs (button) mucked [9s 7s]
Seat 4: japettti (small blind) showed [Jc Ks] and won ($0.97) with two pair, Kings and Jacks
Seat 5: Kyp66 (big blind) mucked [3d Kc]
Seat 6: Lorpugo folded before Flop (didn't bet)



PokerStars Hand #239407327480:  Hold'em No Limit ($0.01/$0.02 USD) - 2022/10/23 14:00:44 ET
Table 'Salm II' 6-max Seat #4 is the button
Seat 1: aleksandersalu ($2.05 in chips) 
Seat 2: Poshcar ($2.42 in chips) 
Seat 3: jashiggs ($2 in chips) 
Seat 4: japettti ($2.63 in chips) 
Seat 5: Kyp66 ($1.28 in chips) 
Seat 6: Lorpugo ($1.60 in chips) 
Kyp66: posts small blind $0.01
Lorpugo: posts big blind $0.02
*** HOLE CARDS ***
Dealt to Lorpugo [2c 4h]
aleksandersalu: folds 
Poshcar: folds 
jashiggs: raises $0.04 to $0.06
japettti: calls $0.06
Kyp66: calls $0.05
Lorpugo: folds 
*** FLOP *** [Kc Qh 7d]
Kyp66: checks 
jashiggs: checks 
japettti: checks 
*** TURN *** [Kc Qh 7d] [6d]
Kyp66: checks 
jashiggs: checks 
japettti: checks 
*** RIVER *** [Kc Qh 7d 6d] [Tc]
Kyp66: checks 
jashiggs: checks 
japettti: checks 
*** SHOW DOWN ***
Kyp66: shows [7s 9h] (a pair of Sevens)
jashiggs: mucks hand 
japettti: mucks hand 
Kyp66 collected $0.19 from pot
*** SUMMARY ***
Total pot $0.20 | Rake $0.01 
Board [Kc Qh 7d 6d Tc]
Seat 1: aleksandersalu folded before Flop (didn't bet)
Seat 2: Poshcar folded before Flop (didn't bet)
Seat 3: jashiggs mucked [3h Ah]
Seat 4: japettti (button) mucked [4s 4c]
Seat 5: Kyp66 (small blind) showed [7s 9h] and won ($0.19) with a pair of Sevens
Seat 6: Lorpugo (big blind) folded before Flop



PokerStars Hand #239407342658:  Hold'em No Limit ($0.01/$0.02 USD) - 2022/10/23 14:01:30 ET
Table 'Salm II' 6-max Seat #5 is the button
Seat 1: aleksandersalu ($2.05 in chips) 
Seat 2: Poshcar ($2.42 in chips) 
Seat 3: jashiggs ($2 in chips) 
Seat 4: japettti ($2.57 in chips) 
Seat 5: Kyp66 ($1.41 in chips) 
Seat 6: Lorpugo ($1.60 in chips) 
Lorpugo: posts small blind $0.01
aleksandersalu: posts big blind $0.02
*** HOLE CARDS ***
Dealt to Lorpugo [8h 5d]
Poshcar: folds 
jashiggs: folds 
japettti: folds 
Kyp66: calls $0.02
Lorpugo: folds 
aleksandersalu: checks 
*** FLOP *** [Kd 5c 6d]
aleksandersalu: checks 
Kyp66: checks 
*** TURN *** [Kd 5c 6d] [6c]
aleksandersalu: checks 
Kyp66: checks 
*** RIVER *** [Kd 5c 6d 6c] [Qh]
aleksandersalu: checks 
Kyp66: checks 
*** SHOW DOWN ***
aleksandersalu: shows [4h 8d] (a pair of Sixes)
Kyp66: shows [Ah Js] (a pair of Sixes - Ace kicker)
Kyp66 collected $0.05 from pot
*** SUMMARY ***
Total pot $0.05 | Rake $0 
Board [Kd 5c 6d 6c Qh]
Seat 1: aleksandersalu (big blind) showed [4h 8d] and lost with a pair of Sixes
Seat 2: Poshcar folded before Flop (didn't bet)
Seat 3: jashiggs folded before Flop (didn't bet)
Seat 4: japettti folded before Flop (didn't bet)
Seat 5: Kyp66 (button) showed [Ah Js] and won ($0.05) with a pair of Sixes
Seat 6: Lorpugo (small blind) folded before Flop



PokerStars Hand #239407351932:  Hold'em No Limit ($0.01/$0.02 USD) - 2022/10/23 14:01:55 ET
Table 'Salm II' 6-max Seat #6 is the button
Seat 1: aleksandersalu ($2.03 in chips) 
Seat 2: Poshcar ($2.42 in chips) 
Seat 3: jashiggs ($2 in chips) 
Seat 5: Kyp66 ($1.44 in chips) 
Seat 6: Lorpugo ($1.60 in chips) 
aleksandersalu: posts small blind $0.01
Poshcar: posts big blind $0.02
*** HOLE CARDS ***
Dealt to Lorpugo [7d 6d]
jashiggs: folds 
Kyp66: calls $0.02
Lorpugo: calls $0.02
aleksandersalu: folds 
Poshcar: raises $0.08 to $0.10
Kyp66: calls $0.08
Lorpugo: calls $0.08
*** FLOP *** [6h 6c Jd]
Poshcar: bets $0.23
Kyp66: calls $0.23
Lorpugo: raises $0.58 to $0.81
Poshcar: folds 
Kyp66: raises $0.53 to $1.34 and is all-in
Lorpugo: calls $0.53
*** TURN *** [6h 6c Jd] [5c]
*** RIVER *** [6h 6c Jd 5c] [4h]
*** SHOW DOWN ***
Kyp66: shows [Th Jh] (two pair, Jacks and Sixes)
Lorpugo: shows [7d 6d] (three of a kind, Sixes)
Lorpugo collected $3.11 from pot
*** SUMMARY ***
Total pot $3.22 | Rake $0.11 
Board [6h 6c Jd 5c 4h]
Seat 1: aleksandersalu (small blind) folded before Flop
Seat 2: Poshcar (big blind) folded on the Flop
Seat 3: jashiggs folded before Flop (didn't bet)
Seat 5: Kyp66 showed [Th Jh] and lost with two pair, Jacks and Sixes
Seat 6: Lorpugo (button) showed [7d 6d] and won ($3.11) with three of a kind, Sixes



PokerStars Hand #239407372583:  Hold'em No Limit ($0.01/$0.02 USD) - 2022/10/23 14:02:48 ET
Table 'Salm II' 6-max Seat #1 is the button
Seat 1: aleksandersalu ($2.02 in chips) 
Seat 2: Poshcar ($2.09 in chips) 
Seat 3: jashiggs ($2 in chips) 
Seat 6: Lorpugo ($3.27 in chips) 
Poshcar: posts small blind $0.01
jashiggs: posts big blind $0.02
*** HOLE CARDS ***
Dealt to Lorpugo [5d Qh]
Lorpugo: folds 
aleksandersalu: folds 
Poshcar: folds 
Uncalled bet ($0.01) returned to jashiggs
jashiggs collected $0.02 from pot
jashiggs: doesn't show hand 
*** SUMMARY ***
Total pot $0.02 | Rake $0 
Seat 1: aleksandersalu (button) folded before Flop (didn't bet)
Seat 2: Poshcar (small blind) folded before Flop
Seat 3: jashiggs (big blind) collected ($0.02)
Seat 6: Lorpugo folded before Flop (didn't bet)



PokerStars Hand #239407376732:  Hold'em No Limit ($0.01/$0.02 USD) - 2022/10/23 14:02:58 ET
Table 'Salm II' 6-max Seat #2 is the button
Seat 1: aleksandersalu ($2.02 in chips) 
Seat 2: Poshcar ($2.08 in chips) 
Seat 3: jashiggs ($2.01 in chips) 
Seat 6: Lorpugo ($3.27 in chips) 
jashiggs: posts small blind $0.01
Lorpugo: posts big blind $0.02
*** HOLE CARDS ***
Dealt to Lorpugo [2c Jh]
Kyp66 is disconnected 
aleksandersalu: raises $0.04 to $0.06
Poshcar: calls $0.06
jashiggs: folds 
Lorpugo: folds 
*** FLOP *** [3c 5s 4s]
aleksandersalu: checks 
Poshcar: bets $0.11
aleksandersalu: folds 
Uncalled bet ($0.11) returned to Poshcar
Poshcar collected $0.14 from pot
*** SUMMARY ***
Total pot $0.15 | Rake $0.01 
Board [3c 5s 4s]
Seat 1: aleksandersalu folded on the Flop
Seat 2: Poshcar (button) collected ($0.14)
Seat 3: jashiggs (small blind) folded before Flop
Seat 6: Lorpugo (big blind) folded before Flop



PokerStars Hand #239407390383:  Hold'em No Limit ($0.01/$0.02 USD) - 2022/10/23 14:03:29 ET
Table 'Salm II' 6-max Seat #3 is the button
Seat 1: aleksandersalu ($1.96 in chips) 
Seat 2: Poshcar ($2.16 in chips) 
Seat 3: jashiggs ($2 in chips) 
Seat 6: Lorpugo ($3.25 in chips) 
Lorpugo: posts small blind $0.01
aleksandersalu: posts big blind $0.02
*** HOLE CARDS ***
Dealt to Lorpugo [2s Jc]
Poshcar: raises $0.04 to $0.06
jashiggs: folds 
Lorpugo: folds 
aleksandersalu: folds 
Uncalled bet ($0.04) returned to Poshcar
Poshcar collected $0.05 from pot
*** SUMMARY ***
Total pot $0.05 | Rake $0 
Seat 1: aleksandersalu (big blind) folded before Flop
Seat 2: Poshcar collected ($0.05)
Seat 3: jashiggs (button) folded before Flop (didn't bet)
Seat 6: Lorpugo (small blind) folded before Flop



PokerStars Hand #239407396505:  Hold'em No Limit ($0.01/$0.02 USD) - 2022/10/23 14:03:44 ET
Table 'Salm II' 6-max Seat #6 is the button
Seat 1: aleksandersalu ($1.94 in chips) 
Seat 2: Poshcar ($2.19 in chips) 
Seat 3: jashiggs ($2 in chips) 
Seat 6: Lorpugo ($3.24 in chips) 
aleksandersalu: posts small blind $0.01
Poshcar: posts big blind $0.02
japettti: sits out 
*** HOLE CARDS ***
Dealt to Lorpugo [2s 4s]
jashiggs: folds 
Lorpugo: folds 
aleksandersalu: raises $0.04 to $0.06
Poshcar: calls $0.04
*** FLOP *** [7s Kh Ts]
aleksandersalu: checks 
Poshcar: bets $0.06
aleksandersalu: calls $0.06
*** TURN *** [7s Kh Ts] [9s]
aleksandersalu: checks 
Poshcar: checks 
*** RIVER *** [7s Kh Ts 9s] [7d]
aleksandersalu: checks 
Poshcar: bets $0.06
aleksandersalu: calls $0.06
*** SHOW DOWN ***
Poshcar: shows [7c 4d] (three of a kind, Sevens)
aleksandersalu: mucks hand 
Poshcar collected $0.35 from pot
*** SUMMARY ***
Total pot $0.36 | Rake $0.01 
Board [7s Kh Ts 9s 7d]
Seat 1: aleksandersalu (small blind) mucked [Js Jh]
Seat 2: Poshcar (big blind) showed [7c 4d] and won ($0.35) with three of a kind, Sevens
Seat 3: jashiggs folded before Flop (didn't bet)
Seat 6: Lorpugo (button) folded before Flop (didn't bet)



PokerStars Hand #239407418813:  Hold'em No Limit ($0.01/$0.02 USD) - 2022/10/23 14:04:36 ET
Table 'Salm II' 6-max Seat #1 is the button
Seat 1: aleksandersalu ($1.76 in chips) 
Seat 2: Poshcar ($2.36 in chips) 
Seat 3: jashiggs ($2 in chips) 
Seat 6: Lorpugo ($3.24 in chips) 
Poshcar: posts small blind $0.01
jashiggs: posts big blind $0.02
japettti: sits out 
*** HOLE CARDS ***
Dealt to Lorpugo [Qs Jd]
Lorpugo: raises $0.04 to $0.06
aleksandersalu: calls $0.06
Poshcar: raises $0.20 to $0.26
jashiggs: folds 
Lorpugo: folds 
aleksandersalu: calls $0.20
*** FLOP *** [5h Kd Qc]
Poshcar: bets $0.29
aleksandersalu: calls $0.29
*** TURN *** [5h Kd Qc] [9c]
Poshcar: checks 
aleksandersalu: bets $0.57
Poshcar: folds 
Uncalled bet ($0.57) returned to aleksandersalu
aleksandersalu collected $1.14 from pot
aleksandersalu: doesn't show hand 
*** SUMMARY ***
Total pot $1.18 | Rake $0.04 
Board [5h Kd Qc 9c]
Seat 1: aleksandersalu (button) collected ($1.14)
Seat 2: Poshcar (small blind) folded on the Turn
Seat 3: jashiggs (big blind) folded before Flop
Seat 6: Lorpugo folded before Flop



PokerStars Hand #239407436085:  Hold'em No Limit ($0.01/$0.02 USD) - 2022/10/23 14:05:16 ET
Table 'Salm II' 6-max Seat #2 is the button
Seat 1: aleksandersalu ($2.35 in chips) 
Seat 2: Poshcar ($2 in chips) 
Seat 3: jashiggs ($2 in chips) 
Seat 4: japettti ($2.57 in chips) 
Seat 6: Lorpugo ($3.18 in chips) 
jashiggs: posts small blind $0.01
japettti: posts big blind $0.02
*** HOLE CARDS ***
Dealt to Lorpugo [Qh 3d]
Lorpugo has timed out
Lorpugo: folds 
aleksandersalu: folds 
Poshcar: raises $0.04 to $0.06
jashiggs: raises $0.16 to $0.22
japettti: folds 
Poshcar: folds 
Uncalled bet ($0.16) returned to jashiggs
japettti leaves the table
jashiggs collected $0.14 from pot
jashiggs: doesn't show hand 
*** SUMMARY ***
Total pot $0.14 | Rake $0 
Seat 1: aleksandersalu folded before Flop (didn't bet)
Seat 2: Poshcar (button) folded before Flop
Seat 3: jashiggs (small blind) collected ($0.14)
Seat 4: japettti (big blind) folded before Flop
Seat 6: Lorpugo folded before Flop (didn't bet)



PokerStars Hand #239407446179:  Hold'em No Limit ($0.01/$0.02 USD) - 2022/10/23 14:05:39 ET
Table 'Salm II' 6-max Seat #3 is the button
Seat 1: aleksandersalu ($2.35 in chips) 
Seat 2: Poshcar ($2 in chips) 
Seat 3: jashiggs ($2.08 in chips) 
Seat 6: Lorpugo ($3.18 in chips) 
Lorpugo: posts small blind $0.01
aleksandersalu: posts big blind $0.02
*** HOLE CARDS ***
Dealt to Lorpugo [Kd 2c]
oo1111oo joins the table at seat #4 
Poshcar: folds 
jashiggs: folds 
Lorpugo: raises $0.04 to $0.06
aleksandersalu has timed out
aleksandersalu: folds 
Uncalled bet ($0.04) returned to Lorpugo
Lorpugo collected $0.04 from pot
Lorpugo: doesn't show hand 
*** SUMMARY ***
Total pot $0.04 | Rake $0 
Seat 1: aleksandersalu (big blind) folded before Flop
Seat 2: Poshcar folded before Flop (didn't bet)
Seat 3: jashiggs (button) folded before Flop (didn't bet)
Seat 6: Lorpugo (small blind) collected ($0.04)



PokerStars Hand #239407470867:  Hold'em No Limit ($0.01/$0.02 USD) - 2022/10/23 14:06:36 ET
Table 'Salm II' 6-max Seat #6 is the button
Seat 2: Poshcar ($2 in chips) 
Seat 3: jashiggs ($2.08 in chips) 
Seat 6: Lorpugo ($3.20 in chips) 
Poshcar: posts small blind $0.01
jashiggs: posts big blind $0.02
oo1111oo: sits out 
*** HOLE CARDS ***
Dealt to Lorpugo [Ts 7d]
Lorpugo has timed out
Lorpugo: folds 
Poshcar: raises $0.04 to $0.06
jashiggs: calls $0.04
*** FLOP *** [2s 2c Kc]
Poshcar: bets $0.06
jashiggs: raises $0.12 to $0.18
Poshcar: folds 
Uncalled bet ($0.12) returned to jashiggs
jashiggs collected $0.23 from pot
jashiggs: doesn't show hand 
*** SUMMARY ***
Total pot $0.24 | Rake $0.01 
Board [2s 2c Kc]
Seat 2: Poshcar (small blind) folded on the Flop
Seat 3: jashiggs (big blind) collected ($0.23)
Seat 6: Lorpugo (button) folded before Flop (didn't bet)



PokerStars Hand #239407485125:  Hold'em No Limit ($0.01/$0.02 USD) - 2022/10/23 14:07:09 ET
Table 'Salm II' 6-max Seat #2 is the button
Seat 2: Poshcar ($2 in chips) 
Seat 3: jashiggs ($2.19 in chips) 
Seat 4: oo1111oo ($2 in chips) 
Seat 6: Lorpugo ($3.20 in chips) 
jashiggs: posts small blind $0.01
oo1111oo: posts big blind $0.02
aleksandersalu: sits out 
*** HOLE CARDS ***
Dealt to Lorpugo [9h 3h]
Lorpugo: folds 
Poshcar: folds 
jashiggs: folds 
Uncalled bet ($0.01) returned to oo1111oo
oo1111oo collected $0.02 from pot
*** SUMMARY ***
Total pot $0.02 | Rake $0 
Seat 2: Poshcar (button) folded before Flop (didn't bet)
Seat 3: jashiggs (small blind) folded before Flop
Seat 4: oo1111oo (big blind) collected ($0.02)
Seat 6: Lorpugo folded before Flop (didn't bet)



PokerStars Hand #239407490274:  Hold'em No Limit ($0.01/$0.02 USD) - 2022/10/23 14:07:21 ET
Table 'Salm II' 6-max Seat #3 is the button
Seat 2: Poshcar ($2 in chips) 
Seat 3: jashiggs ($2.18 in chips) 
Seat 4: oo1111oo ($2.01 in chips) 
Seat 6: Lorpugo ($3.20 in chips) 
oo1111oo: posts small blind $0.01
Lorpugo: posts big blind $0.02
aleksandersalu: sits out 
*** HOLE CARDS ***
Dealt to Lorpugo [4h 4s]
Poshcar: folds 
jashiggs: raises $0.04 to $0.06
oo1111oo: folds 
Lorpugo: calls $0.04
*** FLOP *** [5d Td 9d]
Lorpugo: checks 
jashiggs: checks 
*** TURN *** [5d Td 9d] [Qd]
Lorpugo: checks 
jashiggs: checks 
*** RIVER *** [5d Td 9d Qd] [3d]
Lorpugo: checks 
jashiggs: bets $0.06
Lorpugo: folds 
Uncalled bet ($0.06) returned to jashiggs
jashiggs collected $0.13 from pot
jashiggs: doesn't show hand 
*** SUMMARY ***
Total pot $0.13 | Rake $0 
Board [5d Td 9d Qd 3d]
Seat 2: Poshcar folded before Flop (didn't bet)
Seat 3: jashiggs (button) collected ($0.13)
Seat 4: oo1111oo (small blind) folded before Flop
Seat 6: Lorpugo (big blind) folded on the River



PokerStars Hand #239407511651:  Hold'em No Limit ($0.01/$0.02 USD) - 2022/10/23 14:08:10 ET
Table 'Salm II' 6-max Seat #4 is the button
Seat 1: aleksandersalu ($2.33 in chips) 
Seat 2: Poshcar ($2 in chips) 
Seat 3: jashiggs ($2.25 in chips) 
Seat 4: oo1111oo ($2 in chips) 
Seat 6: Lorpugo ($3.14 in chips) 
Lorpugo: posts small blind $0.01
aleksandersalu: posts big blind $0.02
*** HOLE CARDS ***
Dealt to Lorpugo [5d Jc]
Poshcar: raises $0.03 to $0.05
jashiggs: folds 
oo1111oo: calls $0.05
Lorpugo: folds 
aleksandersalu: calls $0.03
*** FLOP *** [Qc 5s Qd]
aleksandersalu: checks 
Poshcar: checks 
oo1111oo: checks 
*** TURN *** [Qc 5s Qd] [9h]
aleksandersalu: checks 
Poshcar: checks 
oo1111oo: checks 
*** RIVER *** [Qc 5s Qd 9h] [2d]
aleksandersalu: checks 
Poshcar: bets $0.02
oo1111oo: folds 
aleksandersalu: folds 
Uncalled bet ($0.02) returned to Poshcar
Poshcar collected $0.15 from pot
*** SUMMARY ***
Total pot $0.16 | Rake $0.01 
Board [Qc 5s Qd 9h 2d]
Seat 1: aleksandersalu (big blind) folded on the River
Seat 2: Poshcar collected ($0.15)
Seat 3: jashiggs folded before Flop (didn't bet)
Seat 4: oo1111oo (button) folded on the River
Seat 6: Lorpugo (small blind) folded before Flop



PokerStars Hand #239407533963:  Hold'em No Limit ($0.01/$0.02 USD) - 2022/10/23 14:09:01 ET
Table 'Salm II' 6-max Seat #6 is the button
Seat 1: aleksandersalu ($2.28 in chips) 
Seat 2: Poshcar ($2.10 in chips) 
Seat 3: jashiggs ($2.25 in chips) 
Seat 4: oo1111oo ($1.95 in chips) 
Seat 6: Lorpugo ($3.13 in chips) 
aleksandersalu: posts small blind $0.01
Poshcar: posts big blind $0.02
*** HOLE CARDS ***
Dealt to Lorpugo [4d 3h]
jashiggs: folds 
oo1111oo: calls $0.02
Lorpugo: folds 
aleksandersalu: raises $0.06 to $0.08
Poshcar: folds 
oo1111oo: calls $0.06
*** FLOP *** [Th 9c 8c]
aleksandersalu: bets $0.08
oo1111oo: folds 
Uncalled bet ($0.08) returned to aleksandersalu
aleksandersalu collected $0.17 from pot
aleksandersalu: doesn't show hand 
*** SUMMARY ***
Total pot $0.18 | Rake $0.01 
Board [Th 9c 8c]
Seat 1: aleksandersalu (small blind) collected ($0.17)
Seat 2: Poshcar (big blind) folded before Flop
Seat 3: jashiggs folded before Flop (didn't bet)
Seat 4: oo1111oo folded on the Flop
Seat 6: Lorpugo (button) folded before Flop (didn't bet)



PokerStars Hand #239407545379:  Hold'em No Limit ($0.01/$0.02 USD) - 2022/10/23 14:09:28 ET
Table 'Salm II' 6-max Seat #1 is the button
Seat 1: aleksandersalu ($2.37 in chips) 
Seat 2: Poshcar ($2.08 in chips) 
Seat 3: jashiggs ($2.25 in chips) 
Seat 4: oo1111oo ($1.87 in chips) 
Seat 6: Lorpugo ($3.13 in chips) 
Poshcar: posts small blind $0.01
jashiggs: posts big blind $0.02
*** HOLE CARDS ***
Dealt to Lorpugo [6s 3h]
oo1111oo: raises $0.04 to $0.06
Lorpugo: folds 
aleksandersalu: folds 
Poshcar: calls $0.05
jashiggs: folds 
*** FLOP *** [9s Jd 4c]
Poshcar: checks 
oo1111oo: checks 
*** TURN *** [9s Jd 4c] [Th]
Poshcar: checks 
oo1111oo: checks 
*** RIVER *** [9s Jd 4c Th] [3s]
Poshcar: checks 
oo1111oo: checks 
*** SHOW DOWN ***
Poshcar: shows [2d 4d] (a pair of Fours)
oo1111oo: mucks hand 
Poshcar collected $0.14 from pot
*** SUMMARY ***
Total pot $0.14 | Rake $0 
Board [9s Jd 4c Th 3s]
Seat 1: aleksandersalu (button) folded before Flop (didn't bet)
Seat 2: Poshcar (small blind) showed [2d 4d] and won ($0.14) with a pair of Fours
Seat 3: jashiggs (big blind) folded before Flop
Seat 4: oo1111oo mucked [Ks Ah]
Seat 6: Lorpugo folded before Flop (didn't bet)



PokerStars Hand #239407562257:  Hold'em No Limit ($0.01/$0.02 USD) - 2022/10/23 14:10:07 ET
Table 'Salm II' 6-max Seat #2 is the button
Seat 1: aleksandersalu ($2.37 in chips) 
Seat 2: Poshcar ($2.16 in chips) 
Seat 3: jashiggs ($2.23 in chips) 
Seat 4: oo1111oo ($1.81 in chips) 
Seat 6: Lorpugo ($3.13 in chips) 
jashiggs: posts small blind $0.01
oo1111oo: posts big blind $0.02
*** HOLE CARDS ***
Dealt to Lorpugo [As 3h]
Lorpugo: folds 
aleksandersalu: raises $0.04 to $0.06
Poshcar: folds 
jashiggs: folds 
oo1111oo: folds 
Uncalled bet ($0.04) returned to aleksandersalu
aleksandersalu collected $0.05 from pot
aleksandersalu: doesn't show hand 
*** SUMMARY ***
Total pot $0.05 | Rake $0 
Seat 1: aleksandersalu collected ($0.05)
Seat 2: Poshcar (button) folded before Flop (didn't bet)
Seat 3: jashiggs (small blind) folded before Flop
Seat 4: oo1111oo (big blind) folded before Flop
Seat 6: Lorpugo folded before Flop (didn't bet)



PokerStars Hand #239407567178:  Hold'em No Limit ($0.01/$0.02 USD) - 2022/10/23 14:10:18 ET
Table 'Salm II' 6-max Seat #3 is the button
Seat 1: aleksandersalu ($2.40 in chips) 
Seat 2: Poshcar ($2.16 in chips) 
Seat 3: jashiggs ($2.22 in chips) 
Seat 4: oo1111oo ($1.79 in chips) 
Seat 6: Lorpugo ($3.13 in chips) 
oo1111oo: posts small blind $0.01
Lorpugo: posts big blind $0.02
*** HOLE CARDS ***
Dealt to Lorpugo [Qh As]
aleksandersalu has timed out
aleksandersalu: folds 
Poshcar: folds 
jashiggs: folds 
oo1111oo: folds 
Uncalled bet ($0.01) returned to Lorpugo
Lorpugo collected $0.02 from pot
Kyp66 leaves the table
Lorpugo: doesn't show hand 
*** SUMMARY ***
Total pot $0.02 | Rake $0 
Seat 1: aleksandersalu folded before Flop (didn't bet)
Seat 2: Poshcar folded before Flop (didn't bet)
Seat 3: jashiggs (button) folded before Flop (didn't bet)
Seat 4: oo1111oo (small blind) folded before Flop
Seat 6: Lorpugo (big blind) collected ($0.02)



PokerStars Hand #239407577874:  Hold'em No Limit ($0.01/$0.02 USD) - 2022/10/23 14:10:42 ET
Table 'Salm II' 6-max Seat #4 is the button
Seat 1: aleksandersalu ($2.40 in chips) 
Seat 2: Poshcar ($2.16 in chips) 
Seat 3: jashiggs ($2.22 in chips) 
Seat 4: oo1111oo ($1.78 in chips) 
Seat 6: Lorpugo ($3.14 in chips) 
Lorpugo: posts small blind $0.01
aleksandersalu: posts big blind $0.02
*** HOLE CARDS ***
Dealt to Lorpugo [Kh Js]
Poshcar: folds 
jashiggs: folds 
oo1111oo: raises $0.02 to $0.04
Lorpugo: raises $0.10 to $0.14
talos44 joins the table at seat #5 
aleksandersalu: folds 
oo1111oo: folds 
Uncalled bet ($0.10) returned to Lorpugo
Lorpugo collected $0.10 from pot
Lorpugo: doesn't show hand 
*** SUMMARY ***
Total pot $0.10 | Rake $0 
Seat 1: aleksandersalu (big blind) folded before Flop
Seat 2: Poshcar folded before Flop (didn't bet)
Seat 3: jashiggs folded before Flop (didn't bet)
Seat 4: oo1111oo (button) folded before Flop
Seat 6: Lorpugo (small blind) collected ($0.10)



PokerStars Hand #239407585616:  Hold'em No Limit ($0.01/$0.02 USD) - 2022/10/23 14:11:00 ET
Table 'Salm II' 6-max Seat #6 is the button
Seat 1: aleksandersalu ($2.38 in chips) 
Seat 2: Poshcar ($2.16 in chips) 
Seat 3: jashiggs ($2.22 in chips) 
Seat 4: oo1111oo ($1.74 in chips) 
Seat 6: Lorpugo ($3.20 in chips) 
aleksandersalu: posts small blind $0.01
Poshcar: posts big blind $0.02
talos44: sits out 
*** HOLE CARDS ***
Dealt to Lorpugo [7h Kd]
jashiggs: raises $0.04 to $0.06
oo1111oo: folds 
Lorpugo: folds 
aleksandersalu: folds 
Poshcar: folds 
Uncalled bet ($0.04) returned to jashiggs
jashiggs collected $0.05 from pot
jashiggs: doesn't show hand 
*** SUMMARY ***
Total pot $0.05 | Rake $0 
Seat 1: aleksandersalu (small blind) folded before Flop
Seat 2: Poshcar (big blind) folded before Flop
Seat 3: jashiggs collected ($0.05)
Seat 4: oo1111oo folded before Flop (didn't bet)
Seat 6: Lorpugo (button) folded before Flop (didn't bet)



PokerStars Hand #239407593140:  Hold'em No Limit ($0.01/$0.02 USD) - 2022/10/23 14:11:18 ET
Table 'Salm II' 6-max Seat #1 is the button
Seat 1: aleksandersalu ($2.37 in chips) 
Seat 2: Poshcar ($2.14 in chips) 
Seat 3: jashiggs ($2.25 in chips) 
Seat 4: oo1111oo ($1.74 in chips) 
Seat 6: Lorpugo ($3.20 in chips) 
Poshcar: posts small blind $0.01
jashiggs: posts big blind $0.02
talos44: sits out 
*** HOLE CARDS ***
Dealt to Lorpugo [2d 7s]
oo1111oo: folds 
Lorpugo: folds 
aleksandersalu: raises $0.02 to $0.04
Poshcar: calls $0.03
jashiggs: raises $0.14 to $0.18
aleksandersalu: calls $0.14
Poshcar: folds 
*** FLOP *** [Qd Ah Jc]
jashiggs: bets $0.14
aleksandersalu: folds 
Uncalled bet ($0.14) returned to jashiggs
jashiggs collected $0.39 from pot
jashiggs: doesn't show hand 
*** SUMMARY ***
Total pot $0.40 | Rake $0.01 
Board [Qd Ah Jc]
Seat 1: aleksandersalu (button) folded on the Flop
Seat 2: Poshcar (small blind) folded before Flop
Seat 3: jashiggs (big blind) collected ($0.39)
Seat 4: oo1111oo folded before Flop (didn't bet)
Seat 6: Lorpugo folded before Flop (didn't bet)



PokerStars Hand #239407608118:  Hold'em No Limit ($0.01/$0.02 USD) - 2022/10/23 14:11:52 ET
Table 'Salm II' 6-max Seat #2 is the button
Seat 1: aleksandersalu ($2.19 in chips) 
Seat 2: Poshcar ($2.10 in chips) 
Seat 3: jashiggs ($2.46 in chips) 
Seat 4: oo1111oo ($1.74 in chips) 
Seat 6: Lorpugo ($3.20 in chips) 
jashiggs: posts small blind $0.01
oo1111oo: posts big blind $0.02
talos44: sits out 
*** HOLE CARDS ***
Dealt to Lorpugo [8d Jh]
Lorpugo: folds 
aleksandersalu: folds 
Poshcar: raises $0.04 to $0.06
jashiggs: folds 
oo1111oo: folds 
Uncalled bet ($0.04) returned to Poshcar
Poshcar collected $0.05 from pot
*** SUMMARY ***
Total pot $0.05 | Rake $0 
Seat 1: aleksandersalu folded before Flop (didn't bet)
Seat 2: Poshcar (button) collected ($0.05)
Seat 3: jashiggs (small blind) folded before Flop
Seat 4: oo1111oo (big blind) folded before Flop
Seat 6: Lorpugo folded before Flop (didn't bet)



PokerStars Hand #239407613888:  Hold'em No Limit ($0.01/$0.02 USD) - 2022/10/23 14:12:05 ET
Table 'Salm II' 6-max Seat #3 is the button
Seat 1: aleksandersalu ($2.19 in chips) 
Seat 2: Poshcar ($2.13 in chips) 
Seat 3: jashiggs ($2.45 in chips) 
Seat 4: oo1111oo ($1.72 in chips) 
Seat 5: talos44 ($2 in chips) 
Seat 6: Lorpugo ($3.20 in chips) 
oo1111oo: posts small blind $0.01
talos44: posts big blind $0.02
*** HOLE CARDS ***
Dealt to Lorpugo [6c 6d]
Lorpugo: raises $0.04 to $0.06
aleksandersalu: folds 
Poshcar: folds 
jashiggs: folds 
oo1111oo: folds 
talos44: calls $0.04
*** FLOP *** [7d 5s 2s]
talos44: checks 
Lorpugo: bets $0.09
talos44: folds 
Uncalled bet ($0.09) returned to Lorpugo
Lorpugo collected $0.13 from pot
Lorpugo: doesn't show hand 
*** SUMMARY ***
Total pot $0.13 | Rake $0 
Board [7d 5s 2s]
Seat 1: aleksandersalu folded before Flop (didn't bet)
Seat 2: Poshcar folded before Flop (didn't bet)
Seat 3: jashiggs (button) folded before Flop (didn't bet)
Seat 4: oo1111oo (small blind) folded before Flop
Seat 5: talos44 (big blind) folded on the Flop
Seat 6: Lorpugo collected ($0.13)



PokerStars Hand #239407642445:  Hold'em No Limit ($0.01/$0.02 USD) - 2022/10/23 14:13:11 ET
Table 'Salm II' 6-max Seat #4 is the button
Seat 1: aleksandersalu ($2.19 in chips) 
Seat 2: Poshcar ($2.13 in chips) 
Seat 3: jashiggs ($2.45 in chips) 
Seat 4: oo1111oo ($1.71 in chips) 
Seat 5: talos44 ($2 in chips) 
Seat 6: Lorpugo ($3.27 in chips) 
talos44: posts small blind $0.01
Lorpugo: posts big blind $0.02
*** HOLE CARDS ***
Dealt to Lorpugo [3c Ks]
aleksandersalu: folds 
Poshcar: folds 
jashiggs: folds 
oo1111oo: folds 
talos44: raises $0.04 to $0.06
Lorpugo: folds 
Uncalled bet ($0.04) returned to talos44
talos44 collected $0.04 from pot
talos44: doesn't show hand 
*** SUMMARY ***
Total pot $0.04 | Rake $0 
Seat 1: aleksandersalu folded before Flop (didn't bet)
Seat 2: Poshcar folded before Flop (didn't bet)
Seat 3: jashiggs folded before Flop (didn't bet)
Seat 4: oo1111oo (button) folded before Flop (didn't bet)
Seat 5: talos44 (small blind) collected ($0.04)
Seat 6: Lorpugo (big blind) folded before Flop



PokerStars Hand #239407650630:  Hold'em No Limit ($0.01/$0.02 USD) - 2022/10/23 14:13:29 ET
Table 'Salm II' 6-max Seat #5 is the button
Seat 1: aleksandersalu ($2.19 in chips) 
Seat 2: Poshcar ($2.13 in chips) 
Seat 3: jashiggs ($2.45 in chips) 
Seat 4: oo1111oo ($1.71 in chips) 
Seat 5: talos44 ($2.02 in chips) 
Seat 6: Lorpugo ($3.25 in chips) 
Lorpugo: posts small blind $0.01
aleksandersalu: posts big blind $0.02
*** HOLE CARDS ***
Dealt to Lorpugo [4d Qh]
Poshcar: raises $0.04 to $0.06
jashiggs: folds 
oo1111oo: folds 
talos44: raises $0.15 to $0.21
Lorpugo: folds 
aleksandersalu: folds 
Poshcar: folds 
Uncalled bet ($0.15) returned to talos44
talos44 collected $0.15 from pot
talos44: doesn't show hand 
*** SUMMARY ***
Total pot $0.15 | Rake $0 
Seat 1: aleksandersalu (big blind) folded before Flop
Seat 2: Poshcar folded before Flop
Seat 3: jashiggs folded before Flop (didn't bet)
Seat 4: oo1111oo folded before Flop (didn't bet)
Seat 5: talos44 (button) collected ($0.15)
Seat 6: Lorpugo (small blind) folded before Flop



PokerStars Hand #239407660140:  Hold'em No Limit ($0.01/$0.02 USD) - 2022/10/23 14:13:51 ET
Table 'Salm II' 6-max Seat #6 is the button
Seat 1: aleksandersalu ($2.17 in chips) 
Seat 2: Poshcar ($2.07 in chips) 
Seat 3: jashiggs ($2.45 in chips) 
Seat 4: oo1111oo ($1.71 in chips) 
Seat 5: talos44 ($2.11 in chips) 
Seat 6: Lorpugo ($3.24 in chips) 
aleksandersalu: posts small blind $0.01
Poshcar: posts big blind $0.02
*** HOLE CARDS ***
Dealt to Lorpugo [6h Kc]
jashiggs: folds 
oo1111oo: folds 
talos44: folds 
Lorpugo: raises $0.04 to $0.06
aleksandersalu: folds 
Poshcar: folds 
Uncalled bet ($0.04) returned to Lorpugo
Lorpugo collected $0.05 from pot
Lorpugo: doesn't show hand 
*** SUMMARY ***
Total pot $0.05 | Rake $0 
Seat 1: aleksandersalu (small blind) folded before Flop
Seat 2: Poshcar (big blind) folded before Flop
Seat 3: jashiggs folded before Flop (didn't bet)
Seat 4: oo1111oo folded before Flop (didn't bet)
Seat 5: talos44 folded before Flop (didn't bet)
Seat 6: Lorpugo (button) collected ($0.05)



PokerStars Hand #239407668705:  Hold'em No Limit ($0.01/$0.02 USD) - 2022/10/23 14:14:11 ET
Table 'Salm II' 6-max Seat #1 is the button
Seat 1: aleksandersalu ($2.16 in chips) 
Seat 2: Poshcar ($2.05 in chips) 
Seat 3: jashiggs ($2.45 in chips) 
Seat 4: oo1111oo ($1.71 in chips) 
Seat 5: talos44 ($2.11 in chips) 
Seat 6: Lorpugo ($3.27 in chips) 
Poshcar: posts small blind $0.01
jashiggs: posts big blind $0.02
*** HOLE CARDS ***
Dealt to Lorpugo [8c 3d]
oo1111oo: folds 
talos44: folds 
Lorpugo: folds 
aleksandersalu: folds 
Poshcar: raises $0.04 to $0.06
jashiggs: calls $0.04
*** FLOP *** [5h 5s 4h]
Poshcar: checks 
jashiggs: bets $0.06
Poshcar: folds 
Uncalled bet ($0.06) returned to jashiggs
jashiggs collected $0.12 from pot
jashiggs: doesn't show hand 
*** SUMMARY ***
Total pot $0.12 | Rake $0 
Board [5h 5s 4h]
Seat 1: aleksandersalu (button) folded before Flop (didn't bet)
Seat 2: Poshcar (small blind) folded on the Flop
Seat 3: jashiggs (big blind) collected ($0.12)
Seat 4: oo1111oo folded before Flop (didn't bet)
Seat 5: talos44 folded before Flop (didn't bet)
Seat 6: Lorpugo folded before Flop (didn't bet)



PokerStars Hand #239407684181:  Hold'em No Limit ($0.01/$0.02 USD) - 2022/10/23 14:14:47 ET
Table 'Salm II' 6-max Seat #2 is the button
Seat 1: aleksandersalu ($2.16 in chips) 
Seat 2: Poshcar ($2 in chips) 
Seat 3: jashiggs ($2.51 in chips) 
Seat 4: oo1111oo ($1.71 in chips) 
Seat 5: talos44 ($2.11 in chips) 
Seat 6: Lorpugo ($3.27 in chips) 
jashiggs: posts small blind $0.01
oo1111oo: posts big blind $0.02
*** HOLE CARDS ***
Dealt to Lorpugo [9s Ks]
talos44: raises $0.04 to $0.06
Lorpugo: folds 
aleksandersalu: calls $0.06
Poshcar: calls $0.06
jashiggs: folds 
oo1111oo: folds 
*** FLOP *** [Jc 6c 5c]
talos44: checks 
aleksandersalu: checks 
Poshcar: checks 
*** TURN *** [Jc 6c 5c] [9d]
talos44: checks 
aleksandersalu: checks 
Poshcar: checks 
*** RIVER *** [Jc 6c 5c 9d] [Qd]
talos44: checks 
aleksandersalu: checks 
Poshcar: checks 
*** SHOW DOWN ***
talos44: shows [As Kh] (high card Ace)
aleksandersalu: shows [9h 7h] (a pair of Nines)
Poshcar: shows [8s Qs] (a pair of Queens)
Poshcar collected $0.20 from pot
*** SUMMARY ***
Total pot $0.21 | Rake $0.01 
Board [Jc 6c 5c 9d Qd]
Seat 1: aleksandersalu showed [9h 7h] and lost with a pair of Nines
Seat 2: Poshcar (button) showed [8s Qs] and won ($0.20) with a pair of Queens
Seat 3: jashiggs (small blind) folded before Flop
Seat 4: oo1111oo (big blind) folded before Flop
Seat 5: talos44 showed [As Kh] and lost with high card Ace
Seat 6: Lorpugo folded before Flop (didn't bet)



PokerStars Hand #239407707283:  Hold'em No Limit ($0.01/$0.02 USD) - 2022/10/23 14:15:39 ET
Table 'Salm II' 6-max Seat #3 is the button
Seat 1: aleksandersalu ($2.10 in chips) 
Seat 2: Poshcar ($2.14 in chips) 
Seat 3: jashiggs ($2.50 in chips) 
Seat 4: oo1111oo ($1.69 in chips) 
Seat 5: talos44 ($2.05 in chips) 
Seat 6: Lorpugo ($3.27 in chips) 
oo1111oo: posts small blind $0.01
talos44: posts big blind $0.02
*** HOLE CARDS ***
Dealt to Lorpugo [Qh Ts]
Lorpugo: folds 
aleksandersalu: folds 
Poshcar: folds 
jashiggs: folds 
oo1111oo: folds 
Uncalled bet ($0.01) returned to talos44
talos44 collected $0.02 from pot
talos44: doesn't show hand 
*** SUMMARY ***
Total pot $0.02 | Rake $0 
Seat 1: aleksandersalu folded before Flop (didn't bet)
Seat 2: Poshcar folded before Flop (didn't bet)
Seat 3: jashiggs (button) folded before Flop (didn't bet)
Seat 4: oo1111oo (small blind) folded before Flop
Seat 5: talos44 (big blind) collected ($0.02)
Seat 6: Lorpugo folded before Flop (didn't bet)



PokerStars Hand #239407714762:  Hold'em No Limit ($0.01/$0.02 USD) - 2022/10/23 14:15:56 ET
Table 'Salm II' 6-max Seat #4 is the button
Seat 1: aleksandersalu ($2.10 in chips) 
Seat 2: Poshcar ($2.14 in chips) 
Seat 3: jashiggs ($2.50 in chips) 
Seat 4: oo1111oo ($1.68 in chips) 
Seat 5: talos44 ($2.06 in chips) 
Seat 6: Lorpugo ($3.27 in chips) 
talos44: posts small blind $0.01
Lorpugo: posts big blind $0.02
*** HOLE CARDS ***
Dealt to Lorpugo [6d 5d]
aleksandersalu: folds 
aleksandersalu leaves the table
Poshcar: folds 
jashiggs: raises $0.04 to $0.06
oo1111oo: folds 
marilen92 joins the table at seat #1 
talos44: folds 
Lorpugo: calls $0.04
*** FLOP *** [8h Qc 5h]
Lorpugo: checks 
jashiggs: bets $0.04
Lorpugo: folds 
Uncalled bet ($0.04) returned to jashiggs
jashiggs collected $0.13 from pot
jashiggs: doesn't show hand 
*** SUMMARY ***
Total pot $0.13 | Rake $0 
Board [8h Qc 5h]
Seat 1: aleksandersalu folded before Flop (didn't bet)
Seat 2: Poshcar folded before Flop (didn't bet)
Seat 3: jashiggs collected ($0.13)
Seat 4: oo1111oo (button) folded before Flop (didn't bet)
Seat 5: talos44 (small blind) folded before Flop
Seat 6: Lorpugo (big blind) folded on the Flop



PokerStars Hand #239407729259:  Hold'em No Limit ($0.01/$0.02 USD) - 2022/10/23 14:16:29 ET
Table 'Salm II' 6-max Seat #5 is the button
Seat 1: marilen92 ($0.84 in chips) 
Seat 2: Poshcar ($2.14 in chips) 
Seat 3: jashiggs ($2.57 in chips) 
Seat 4: oo1111oo ($1.68 in chips) 
Seat 5: talos44 ($2.05 in chips) 
Seat 6: Lorpugo ($3.21 in chips) 
Lorpugo: posts small blind $0.01
marilen92: posts big blind $0.02
*** HOLE CARDS ***
Dealt to Lorpugo [Td Kc]
Poshcar: raises $0.03 to $0.05
jashiggs: folds 
oo1111oo: calls $0.05
talos44: folds 
Lorpugo: folds 
marilen92: calls $0.03
*** FLOP *** [8d Jh 7h]
marilen92: checks 
Poshcar: checks 
oo1111oo: checks 
*** TURN *** [8d Jh 7h] [2c]
marilen92: checks 
Poshcar: checks 
oo1111oo: bets $0.10
marilen92: folds 
Poshcar: folds 
Uncalled bet ($0.10) returned to oo1111oo
oo1111oo collected $0.15 from pot
*** SUMMARY ***
Total pot $0.16 | Rake $0.01 
Board [8d Jh 7h 2c]
Seat 1: marilen92 (big blind) folded on the Turn
Seat 2: Poshcar folded on the Turn
Seat 3: jashiggs folded before Flop (didn't bet)
Seat 4: oo1111oo collected ($0.15)
Seat 5: talos44 (button) folded before Flop (didn't bet)
Seat 6: Lorpugo (small blind) folded before Flop



PokerStars Hand #239407749243:  Hold'em No Limit ($0.01/$0.02 USD) - 2022/10/23 14:17:15 ET
Table 'Salm II' 6-max Seat #6 is the button
Seat 1: marilen92 ($0.79 in chips) 
Seat 2: Poshcar ($2.09 in chips) 
Seat 3: jashiggs ($2.57 in chips) 
Seat 4: oo1111oo ($1.78 in chips) 
Seat 5: talos44 ($2.05 in chips) 
Seat 6: Lorpugo ($3.20 in chips) 
marilen92: posts small blind $0.01
Poshcar: posts big blind $0.02
*** HOLE CARDS ***
Dealt to Lorpugo [4d 7d]
jashiggs: folds 
oo1111oo: folds 
talos44: folds 
Lorpugo: folds 
marilen92: folds 
Uncalled bet ($0.01) returned to Poshcar
Poshcar collected $0.02 from pot
*** SUMMARY ***
Total pot $0.02 | Rake $0 
Seat 1: marilen92 (small blind) folded before Flop
Seat 2: Poshcar (big blind) collected ($0.02)
Seat 3: jashiggs folded before Flop (didn't bet)
Seat 4: oo1111oo folded before Flop (didn't bet)
Seat 5: talos44 folded before Flop (didn't bet)
Seat 6: Lorpugo (button) folded before Flop (didn't bet)



PokerStars Hand #239407756481:  Hold'em No Limit ($0.01/$0.02 USD) - 2022/10/23 14:17:31 ET
Table 'Salm II' 6-max Seat #1 is the button
Seat 1: marilen92 ($0.78 in chips) 
Seat 2: Poshcar ($2.10 in chips) 
Seat 3: jashiggs ($2.57 in chips) 
Seat 4: oo1111oo ($1.78 in chips) 
Seat 5: talos44 ($2.05 in chips) 
Seat 6: Lorpugo ($3.20 in chips) 
Poshcar: posts small blind $0.01
jashiggs: posts big blind $0.02
*** HOLE CARDS ***
Dealt to Lorpugo [Tc 8h]
oo1111oo: folds 
talos44: folds 
Lorpugo: folds 
marilen92: folds 
Poshcar: raises $0.04 to $0.06
jashiggs: calls $0.04
*** FLOP *** [Qc Ts Js]
Poshcar: bets $0.06
jashiggs: calls $0.06
*** TURN *** [Qc Ts Js] [4c]
Poshcar: checks 
jashiggs: bets $0.08
Poshcar: folds 
Uncalled bet ($0.08) returned to jashiggs
jashiggs collected $0.23 from pot
jashiggs: doesn't show hand 
*** SUMMARY ***
Total pot $0.24 | Rake $0.01 
Board [Qc Ts Js 4c]
Seat 1: marilen92 (button) folded before Flop (didn't bet)
Seat 2: Poshcar (small blind) folded on the Turn
Seat 3: jashiggs (big blind) collected ($0.23)
Seat 4: oo1111oo folded before Flop (didn't bet)
Seat 5: talos44 folded before Flop (didn't bet)
Seat 6: Lorpugo folded before Flop (didn't bet)



PokerStars Hand #239407773854:  Hold'em No Limit ($0.01/$0.02 USD) - 2022/10/23 14:18:11 ET
Table 'Salm II' 6-max Seat #2 is the button
Seat 1: marilen92 ($0.78 in chips) 
Seat 2: Poshcar ($2 in chips) 
Seat 3: jashiggs ($2.68 in chips) 
Seat 4: oo1111oo ($1.78 in chips) 
Seat 5: talos44 ($2.05 in chips) 
Seat 6: Lorpugo ($3.20 in chips) 
jashiggs: posts small blind $0.01
oo1111oo: posts big blind $0.02
*** HOLE CARDS ***
Dealt to Lorpugo [4d Jc]
talos44: folds 
Lorpugo: folds 
marilen92: calls $0.02
Poshcar: folds 
jashiggs: calls $0.01
oo1111oo: checks 
*** FLOP *** [Tc 2d 8h]
jashiggs: checks 
oo1111oo: checks 
marilen92: checks 
*** TURN *** [Tc 2d 8h] [Ad]
jashiggs: checks 
oo1111oo: bets $0.06
marilen92: folds 
jashiggs: folds 
Uncalled bet ($0.06) returned to oo1111oo
oo1111oo collected $0.06 from pot
*** SUMMARY ***
Total pot $0.06 | Rake $0 
Board [Tc 2d 8h Ad]
Seat 1: marilen92 folded on the Turn
Seat 2: Poshcar (button) folded before Flop (didn't bet)
Seat 3: jashiggs (small blind) folded on the Turn
Seat 4: oo1111oo (big blind) collected ($0.06)
Seat 5: talos44 folded before Flop (didn't bet)
Seat 6: Lorpugo folded before Flop (didn't bet)



PokerStars Hand #239407795488:  Hold'em No Limit ($0.01/$0.02 USD) - 2022/10/23 14:19:00 ET
Table 'Salm II' 6-max Seat #3 is the button
Seat 1: marilen92 ($0.76 in chips) 
Seat 2: Poshcar ($2 in chips) 
Seat 3: jashiggs ($2.66 in chips) 
Seat 4: oo1111oo ($1.82 in chips) 
Seat 5: talos44 ($2.05 in chips) 
Seat 6: Lorpugo ($3.20 in chips) 
oo1111oo: posts small blind $0.01
talos44: posts big blind $0.02
*** HOLE CARDS ***
Dealt to Lorpugo [Ah 3d]
Lorpugo: folds 
marilen92: folds 
Poshcar is disconnected 
Poshcar has timed out while disconnected
Poshcar: folds 
jashiggs: folds 
oo1111oo: folds 
Uncalled bet ($0.01) returned to talos44
talos44 collected $0.02 from pot
talos44: doesn't show hand 
*** SUMMARY ***
Total pot $0.02 | Rake $0 
Seat 1: marilen92 folded before Flop (didn't bet)
Seat 2: Poshcar folded before Flop (didn't bet)
Seat 3: jashiggs (button) folded before Flop (didn't bet)
Seat 4: oo1111oo (small blind) folded before Flop
Seat 5: talos44 (big blind) collected ($0.02)
Seat 6: Lorpugo folded before Flop (didn't bet)



