PokerStars Hand #239424317651:  Hold'em No Limit ($0.01/$0.02 USD) - 2022/10/24 11:36:27 ET
Table 'Rana III' 6-max Seat #1 is the button
Seat 1: f0urtruder ($2.24 in chips) 
Seat 2: luciano93423 ($1.77 in chips) 
Seat 5: Lorpugo ($1.60 in chips) 
Seat 6: galoecg ($3.09 in chips) 
luciano93423: posts small blind $0.01
Lorpugo: posts big blind $0.02
*** HOLE CARDS ***
Dealt to Lorpugo [3c Js]
galoecg: folds 
Darkdraw2 leaves the table
f0urtruder: raises $0.04 to $0.06
simooo889 joins the table at seat #4 
luciano93423: folds 
Lorpugo: folds 
Uncalled bet ($0.04) returned to f0urtruder
f0urtruder collected $0.05 from pot
f0urtruder: doesn't show hand 
*** SUMMARY ***
Total pot $0.05 | Rake $0 
Seat 1: f0urtruder (button) collected ($0.05)
Seat 2: luciano93423 (small blind) folded before Flop
Seat 5: Lorpugo (big blind) folded before Flop
Seat 6: galoecg folded before Flop (didn't bet)



PokerStars Hand #239424324116:  Hold'em No Limit ($0.01/$0.02 USD) - 2022/10/24 11:36:50 ET
Table 'Rana III' 6-max Seat #5 is the button
Seat 2: luciano93423 ($1.76 in chips) 
Seat 5: Lorpugo ($1.60 in chips) 
Lorpugo: posts small blind $0.01
galoecg: is sitting out 
luciano93423: posts big blind $0.02
*** HOLE CARDS ***
Dealt to Lorpugo [9d 9c]
galoecg leaves the table
Lorpugo: raises $0.04 to $0.06
victorfbpa joins the table at seat #6 
luciano93423: calls $0.04
*** FLOP *** [Kh 3c Ac]
luciano93423: checks 
Lorpugo: bets $0.04
luciano93423: folds 
Uncalled bet ($0.04) returned to Lorpugo
Lorpugo collected $0.12 from pot
Lorpugo: doesn't show hand 
*** SUMMARY ***
Total pot $0.12 | Rake $0 
Board [Kh 3c Ac]
Seat 2: luciano93423 (big blind) folded on the Flop
Seat 5: Lorpugo (button) (small blind) collected ($0.12)



PokerStars Hand #239424333818:  Hold'em No Limit ($0.01/$0.02 USD) - 2022/10/24 11:37:25 ET
Table 'Rana III' 6-max Seat #2 is the button
Seat 2: luciano93423 ($1.70 in chips) 
Seat 5: Lorpugo ($1.66 in chips) 
Seat 6: victorfbpa ($2 in chips) 
Lorpugo: posts small blind $0.01
victorfbpa: posts big blind $0.02
*** HOLE CARDS ***
Dealt to Lorpugo [3h Ah]
luciano93423 has timed out
luciano93423: folds 
Lorpugo: raises $0.04 to $0.06
victorfbpa: folds 
Uncalled bet ($0.04) returned to Lorpugo
Lorpugo collected $0.04 from pot
Lorpugo: doesn't show hand 
*** SUMMARY ***
Total pot $0.04 | Rake $0 
Seat 2: luciano93423 (button) folded before Flop (didn't bet)
Seat 5: Lorpugo (small blind) collected ($0.04)
Seat 6: victorfbpa (big blind) folded before Flop



PokerStars Hand #239424338424:  Hold'em No Limit ($0.01/$0.02 USD) - 2022/10/24 11:37:41 ET
Table 'Rana III' 6-max Seat #5 is the button
Seat 4: simooo889 ($1.50 in chips) 
Seat 5: Lorpugo ($1.68 in chips) 
Seat 6: victorfbpa ($1.98 in chips) 
victorfbpa: posts small blind $0.01
simooo889: posts big blind $0.02
*** HOLE CARDS ***
Dealt to Lorpugo [6h Ad]
Lorpugo: raises $0.04 to $0.06
victorfbpa: calls $0.05
simooo889: folds 
*** FLOP *** [3c Ks Js]
victorfbpa: checks 
Lorpugo: checks 
*** TURN *** [3c Ks Js] [Qh]
victorfbpa: bets $0.07
Lorpugo: folds 
Uncalled bet ($0.07) returned to victorfbpa
victorfbpa collected $0.14 from pot
*** SUMMARY ***
Total pot $0.14 | Rake $0 
Board [3c Ks Js Qh]
Seat 4: simooo889 (big blind) folded before Flop
Seat 5: Lorpugo (button) folded on the Turn
Seat 6: victorfbpa (small blind) collected ($0.14)



PokerStars Hand #239424344651:  Hold'em No Limit ($0.01/$0.02 USD) - 2022/10/24 11:38:03 ET
Table 'Rana III' 6-max Seat #6 is the button
Seat 4: simooo889 ($1.48 in chips) 
Seat 5: Lorpugo ($1.62 in chips) 
Seat 6: victorfbpa ($2.06 in chips) 
simooo889: posts small blind $0.01
Lorpugo: posts big blind $0.02
*** HOLE CARDS ***
Dealt to Lorpugo [9s Jd]
victorfbpa: folds 
simooo889: raises $0.02 to $0.04
Lorpugo: calls $0.02
*** FLOP *** [Kc 4s 6c]
simooo889: bets $0.08
Lorpugo: folds 
Uncalled bet ($0.08) returned to simooo889
simooo889 collected $0.08 from pot
simooo889: doesn't show hand 
*** SUMMARY ***
Total pot $0.08 | Rake $0 
Board [Kc 4s 6c]
Seat 4: simooo889 (small blind) collected ($0.08)
Seat 5: Lorpugo (big blind) folded on the Flop
Seat 6: victorfbpa (button) folded before Flop (didn't bet)



PokerStars Hand #239424350013:  Hold'em No Limit ($0.01/$0.02 USD) - 2022/10/24 11:38:22 ET
Table 'Rana III' 6-max Seat #4 is the button
Seat 2: luciano93423 ($1.70 in chips) 
Seat 4: simooo889 ($1.52 in chips) 
Seat 5: Lorpugo ($1.60 in chips) 
Seat 6: victorfbpa ($2.06 in chips) 
Lorpugo: posts small blind $0.01
victorfbpa: posts big blind $0.02
luciano93423: posts small & big blinds $0.03
*** HOLE CARDS ***
Dealt to Lorpugo [4h 3s]
luciano93423: checks 
simooo889: folds 
Lorpugo: folds 
victorfbpa: checks 
*** FLOP *** [Qc Js 9c]
victorfbpa: checks 
luciano93423: checks 
*** TURN *** [Qc Js 9c] [6h]
victorfbpa: checks 
luciano93423: checks 
*** RIVER *** [Qc Js 9c 6h] [7d]
victorfbpa: checks 
luciano93423: checks 
*** SHOW DOWN ***
victorfbpa: shows [Kh 8d] (high card King)
luciano93423: shows [5c 9s] (a pair of Nines)
luciano93423 collected $0.06 from pot
*** SUMMARY ***
Total pot $0.06 | Rake $0 
Board [Qc Js 9c 6h 7d]
Seat 2: luciano93423 showed [5c 9s] and won ($0.06) with a pair of Nines
Seat 4: simooo889 (button) folded before Flop (didn't bet)
Seat 5: Lorpugo (small blind) folded before Flop
Seat 6: victorfbpa (big blind) showed [Kh 8d] and lost with high card King



PokerStars Hand #239424361613:  Hold'em No Limit ($0.01/$0.02 USD) - 2022/10/24 11:39:03 ET
Table 'Rana III' 6-max Seat #5 is the button
Seat 2: luciano93423 ($1.73 in chips) 
Seat 4: simooo889 ($1.52 in chips) 
Seat 5: Lorpugo ($1.60 in chips) 
Seat 6: victorfbpa ($2.04 in chips) 
victorfbpa: posts small blind $0.01
luciano93423: posts big blind $0.02
*** HOLE CARDS ***
Dealt to Lorpugo [Ah Tc]
simooo889: folds 
Lorpugo: raises $0.04 to $0.06
victorfbpa: folds 
luciano93423: folds 
Uncalled bet ($0.04) returned to Lorpugo
Lorpugo collected $0.05 from pot
Lorpugo: doesn't show hand 
*** SUMMARY ***
Total pot $0.05 | Rake $0 
Seat 2: luciano93423 (big blind) folded before Flop
Seat 4: simooo889 folded before Flop (didn't bet)
Seat 5: Lorpugo (button) collected ($0.05)
Seat 6: victorfbpa (small blind) folded before Flop



PokerStars Hand #239424364552:  Hold'em No Limit ($0.01/$0.02 USD) - 2022/10/24 11:39:13 ET
Table 'Rana III' 6-max Seat #6 is the button
Seat 2: luciano93423 ($1.71 in chips) 
Seat 4: simooo889 ($1.52 in chips) 
Seat 5: Lorpugo ($1.63 in chips) 
Seat 6: victorfbpa ($2.03 in chips) 
luciano93423: posts small blind $0.01
simooo889: posts big blind $0.02
*** HOLE CARDS ***
Dealt to Lorpugo [2s Tc]
Lorpugo: folds 
victorfbpa: folds 
luciano93423: folds 
Uncalled bet ($0.01) returned to simooo889
simooo889 collected $0.02 from pot
ichithekill leaves the table
simooo889: doesn't show hand 
*** SUMMARY ***
Total pot $0.02 | Rake $0 
Seat 2: luciano93423 (small blind) folded before Flop
Seat 4: simooo889 (big blind) collected ($0.02)
Seat 5: Lorpugo folded before Flop (didn't bet)
Seat 6: victorfbpa (button) folded before Flop (didn't bet)



PokerStars Hand #239424367294:  Hold'em No Limit ($0.01/$0.02 USD) - 2022/10/24 11:39:23 ET
Table 'Rana III' 6-max Seat #2 is the button
Seat 2: luciano93423 ($1.70 in chips) 
Seat 4: simooo889 ($1.53 in chips) 
Seat 5: Lorpugo ($1.63 in chips) 
Seat 6: victorfbpa ($2.03 in chips) 
simooo889: posts small blind $0.01
Lorpugo: posts big blind $0.02
*** HOLE CARDS ***
Dealt to Lorpugo [Jh 2d]
victorfbpa: calls $0.02
luciano93423: folds 
simooo889: calls $0.01
Lorpugo: checks 
*** FLOP *** [7d 3h Ah]
simooo889: checks 
LolaGold joins the table at seat #3 
Lorpugo: checks 
victorfbpa: checks 
*** TURN *** [7d 3h Ah] [Ks]
simooo889: checks 
Lorpugo: bets $0.02
victorfbpa: raises $0.03 to $0.05
simooo889: calls $0.05
Lorpugo: folds 
*** RIVER *** [7d 3h Ah Ks] [9s]
simooo889: checks 
victorfbpa: bets $0.09
simooo889: folds 
Uncalled bet ($0.09) returned to victorfbpa
victorfbpa collected $0.17 from pot
*** SUMMARY ***
Total pot $0.18 | Rake $0.01 
Board [7d 3h Ah Ks 9s]
Seat 2: luciano93423 (button) folded before Flop (didn't bet)
Seat 4: simooo889 (small blind) folded on the River
Seat 5: Lorpugo (big blind) folded on the Turn
Seat 6: victorfbpa collected ($0.17)



PokerStars Hand #239424379214:  Hold'em No Limit ($0.01/$0.02 USD) - 2022/10/24 11:40:05 ET
Table 'Rana III' 6-max Seat #4 is the button
Seat 2: luciano93423 ($1.70 in chips) 
Seat 4: simooo889 ($1.46 in chips) 
Seat 5: Lorpugo ($1.60 in chips) 
Seat 6: victorfbpa ($2.13 in chips) 
Lorpugo: posts small blind $0.01
victorfbpa: posts big blind $0.02
LolaGold: sits out 
*** HOLE CARDS ***
Dealt to Lorpugo [3s 8s]
luciano93423: folds 
simooo889: raises $0.04 to $0.06
Lorpugo: folds 
victorfbpa: folds 
Uncalled bet ($0.04) returned to simooo889
simooo889 collected $0.05 from pot
simooo889: doesn't show hand 
*** SUMMARY ***
Total pot $0.05 | Rake $0 
Seat 2: luciano93423 folded before Flop (didn't bet)
Seat 4: simooo889 (button) collected ($0.05)
Seat 5: Lorpugo (small blind) folded before Flop
Seat 6: victorfbpa (big blind) folded before Flop



PokerStars Hand #239424382900:  Hold'em No Limit ($0.01/$0.02 USD) - 2022/10/24 11:40:19 ET
Table 'Rana III' 6-max Seat #5 is the button
Seat 2: luciano93423 ($1.70 in chips) 
Seat 4: simooo889 ($1.49 in chips) 
Seat 5: Lorpugo ($1.60 in chips) 
Seat 6: victorfbpa ($2.11 in chips) 
victorfbpa: posts small blind $0.01
luciano93423: posts big blind $0.02
LolaGold: sits out 
*** HOLE CARDS ***
Dealt to Lorpugo [9h Jh]
simooo889: folds 
Lorpugo: raises $0.04 to $0.06
victorfbpa: folds 
luciano93423: calls $0.04
*** FLOP *** [2s 2h 5d]
luciano93423: checks 
Lorpugo: bets $0.06
luciano93423: folds 
Uncalled bet ($0.06) returned to Lorpugo
Lorpugo collected $0.13 from pot
Lorpugo: doesn't show hand 
*** SUMMARY ***
Total pot $0.13 | Rake $0 
Board [2s 2h 5d]
Seat 2: luciano93423 (big blind) folded on the Flop
Seat 4: simooo889 folded before Flop (didn't bet)
Seat 5: Lorpugo (button) collected ($0.13)
Seat 6: victorfbpa (small blind) folded before Flop



PokerStars Hand #239424395684:  Hold'em No Limit ($0.01/$0.02 USD) - 2022/10/24 11:41:04 ET
Table 'Rana III' 6-max Seat #6 is the button
Seat 2: luciano93423 ($1.64 in chips) 
Seat 3: LolaGold ($2 in chips) 
Seat 4: simooo889 ($1.49 in chips) 
Seat 5: Lorpugo ($1.67 in chips) 
Seat 6: victorfbpa ($2.10 in chips) 
luciano93423: posts small blind $0.01
LolaGold: posts big blind $0.02
*** HOLE CARDS ***
Dealt to Lorpugo [6d Kd]
simooo889: folds 
Lorpugo: raises $0.04 to $0.06
victorfbpa: calls $0.06
luciano93423: calls $0.05
LolaGold: folds 
*** FLOP *** [4h Jc Ac]
luciano93423: checks 
Lorpugo: checks 
victorfbpa: checks 
*** TURN *** [4h Jc Ac] [Ts]
luciano93423: bets $0.12
Lorpugo: folds 
victorfbpa: folds 
Uncalled bet ($0.12) returned to luciano93423
luciano93423 collected $0.19 from pot
*** SUMMARY ***
Total pot $0.20 | Rake $0.01 
Board [4h Jc Ac Ts]
Seat 2: luciano93423 (small blind) collected ($0.19)
Seat 3: LolaGold (big blind) folded before Flop
Seat 4: simooo889 folded before Flop (didn't bet)
Seat 5: Lorpugo folded on the Turn
Seat 6: victorfbpa (button) folded on the Turn



PokerStars Hand #239424407889:  Hold'em No Limit ($0.01/$0.02 USD) - 2022/10/24 11:41:46 ET
Table 'Rana III' 6-max Seat #2 is the button
Seat 2: luciano93423 ($1.77 in chips) 
Seat 3: LolaGold ($2 in chips) 
Seat 4: simooo889 ($1.49 in chips) 
Seat 5: Lorpugo ($1.61 in chips) 
Seat 6: victorfbpa ($2.04 in chips) 
LolaGold: posts small blind $0.01
simooo889: posts big blind $0.02
*** HOLE CARDS ***
Dealt to Lorpugo [7c 3d]
Lorpugo: folds 
victorfbpa: calls $0.02
luciano93423: folds 
LolaGold has timed out
LolaGold: folds 
simooo889: checks 
*** FLOP *** [7d Tc Qc]
simooo889: checks 
victorfbpa: checks 
*** TURN *** [7d Tc Qc] [7s]
simooo889: checks 
victorfbpa: checks 
*** RIVER *** [7d Tc Qc 7s] [Jd]
simooo889: bets $0.02
victorfbpa: folds 
Uncalled bet ($0.02) returned to simooo889
simooo889 collected $0.05 from pot
simooo889: doesn't show hand 
*** SUMMARY ***
Total pot $0.05 | Rake $0 
Board [7d Tc Qc 7s Jd]
Seat 2: luciano93423 (button) folded before Flop (didn't bet)
Seat 3: LolaGold (small blind) folded before Flop
Seat 4: simooo889 (big blind) collected ($0.05)
Seat 5: Lorpugo folded before Flop (didn't bet)
Seat 6: victorfbpa folded on the River



PokerStars Hand #239424426941:  Hold'em No Limit ($0.01/$0.02 USD) - 2022/10/24 11:42:51 ET
Table 'Rana III' 6-max Seat #3 is the button
Seat 2: luciano93423 ($1.77 in chips) 
Seat 3: LolaGold ($2 in chips) 
Seat 4: simooo889 ($1.52 in chips) 
Seat 5: Lorpugo ($1.61 in chips) 
Seat 6: victorfbpa ($2.02 in chips) 
simooo889: posts small blind $0.01
Lorpugo: posts big blind $0.02
*** HOLE CARDS ***
Dealt to Lorpugo [7s 5s]
victorfbpa: folds 
luciano93423: raises $0.04 to $0.06
LolaGold has timed out
LolaGold: folds 
simooo889: folds 
Lorpugo: calls $0.04
*** FLOP *** [7c 3h 9h]
Lorpugo: bets $0.09
luciano93423: folds 
Uncalled bet ($0.09) returned to Lorpugo
Lorpugo collected $0.13 from pot
Lorpugo: doesn't show hand 
*** SUMMARY ***
Total pot $0.13 | Rake $0 
Board [7c 3h 9h]
Seat 2: luciano93423 folded on the Flop
Seat 3: LolaGold (button) folded before Flop (didn't bet)
Seat 4: simooo889 (small blind) folded before Flop
Seat 5: Lorpugo (big blind) collected ($0.13)
Seat 6: victorfbpa folded before Flop (didn't bet)



PokerStars Hand #239424437540:  Hold'em No Limit ($0.01/$0.02 USD) - 2022/10/24 11:43:27 ET
Table 'Rana III' 6-max Seat #4 is the button
Seat 2: luciano93423 ($1.71 in chips) 
Seat 3: LolaGold ($2 in chips) 
Seat 4: simooo889 ($1.51 in chips) 
Seat 5: Lorpugo ($1.68 in chips) 
Seat 6: victorfbpa ($2.02 in chips) 
Lorpugo: posts small blind $0.01
victorfbpa: posts big blind $0.02
*** HOLE CARDS ***
Dealt to Lorpugo [9d Jd]
luciano93423: raises $0.04 to $0.06
LolaGold has timed out
LolaGold: folds 
simooo889: folds 
Lorpugo: calls $0.05
victorfbpa: folds 
*** FLOP *** [As 4h 6h]
Lorpugo: checks 
luciano93423: checks 
*** TURN *** [As 4h 6h] [3d]
Lorpugo: bets $0.05
luciano93423: folds 
Uncalled bet ($0.05) returned to Lorpugo
Lorpugo collected $0.14 from pot
Lorpugo: doesn't show hand 
*** SUMMARY ***
Total pot $0.14 | Rake $0 
Board [As 4h 6h 3d]
Seat 2: luciano93423 folded on the Turn
Seat 3: LolaGold folded before Flop (didn't bet)
Seat 4: simooo889 (button) folded before Flop (didn't bet)
Seat 5: Lorpugo (small blind) collected ($0.14)
Seat 6: victorfbpa (big blind) folded before Flop



PokerStars Hand #239424451696:  Hold'em No Limit ($0.01/$0.02 USD) - 2022/10/24 11:44:16 ET
Table 'Rana III' 6-max Seat #5 is the button
Seat 2: luciano93423 ($1.65 in chips) 
Seat 3: LolaGold ($2 in chips) 
Seat 4: simooo889 ($1.51 in chips) 
Seat 5: Lorpugo ($1.76 in chips) 
Seat 6: victorfbpa ($2 in chips) 
victorfbpa: posts small blind $0.01
luciano93423: posts big blind $0.02
*** HOLE CARDS ***
Dealt to Lorpugo [Ad 2d]
LolaGold: folds 
simooo889: folds 
Lorpugo: raises $0.04 to $0.06
victorfbpa: folds 
luciano93423: calls $0.04
*** FLOP *** [Qc As 9s]
luciano93423: checks 
Lorpugo: bets $0.09
luciano93423: calls $0.09
*** TURN *** [Qc As 9s] [9h]
luciano93423: checks 
Lorpugo: bets $0.15
luciano93423: calls $0.15
*** RIVER *** [Qc As 9s 9h] [6h]
luciano93423: checks 
Lorpugo: checks 
*** SHOW DOWN ***
luciano93423: shows [8s 9c] (three of a kind, Nines)
Lorpugo: mucks hand 
luciano93423 collected $0.59 from pot
f0urtruder leaves the table
*** SUMMARY ***
Total pot $0.61 | Rake $0.02 
Board [Qc As 9s 9h 6h]
Seat 2: luciano93423 (big blind) showed [8s 9c] and won ($0.59) with three of a kind, Nines
Seat 3: LolaGold folded before Flop (didn't bet)
Seat 4: simooo889 folded before Flop (didn't bet)
Seat 5: Lorpugo (button) mucked [Ad 2d]
Seat 6: victorfbpa (small blind) folded before Flop



PokerStars Hand #239424466432:  Hold'em No Limit ($0.01/$0.02 USD) - 2022/10/24 11:45:06 ET
Table 'Rana III' 6-max Seat #6 is the button
Seat 2: luciano93423 ($1.94 in chips) 
Seat 3: LolaGold ($2 in chips) 
Seat 4: simooo889 ($1.51 in chips) 
Seat 5: Lorpugo ($1.60 in chips) 
Seat 6: victorfbpa ($1.99 in chips) 
luciano93423: posts small blind $0.01
LolaGold: posts big blind $0.02
*** HOLE CARDS ***
Dealt to Lorpugo [3h 2c]
simooo889: raises $0.02 to $0.04
Lorpugo: folds 
victorfbpa: raises $0.02 to $0.06
luciano93423: folds 
elaczino95 joins the table at seat #1 
LolaGold: raises $0.16 to $0.22
simooo889: folds 
victorfbpa: calls $0.16
*** FLOP *** [6d Qd Ad]
LolaGold: checks 
victorfbpa: bets $0.24
LolaGold: folds 
Uncalled bet ($0.24) returned to victorfbpa
victorfbpa collected $0.47 from pot
*** SUMMARY ***
Total pot $0.49 | Rake $0.02 
Board [6d Qd Ad]
Seat 2: luciano93423 (small blind) folded before Flop
Seat 3: LolaGold (big blind) folded on the Flop
Seat 4: simooo889 folded before Flop
Seat 5: Lorpugo folded before Flop (didn't bet)
Seat 6: victorfbpa (button) collected ($0.47)



PokerStars Hand #239424476983:  Hold'em No Limit ($0.01/$0.02 USD) - 2022/10/24 11:45:43 ET
Table 'Rana III' 6-max Seat #2 is the button
Seat 2: luciano93423 ($1.93 in chips) 
Seat 3: LolaGold ($2 in chips) 
Seat 4: simooo889 ($1.47 in chips) 
Seat 5: Lorpugo ($1.60 in chips) 
Seat 6: victorfbpa ($2.24 in chips) 
LolaGold: posts small blind $0.01
simooo889: posts big blind $0.02
elaczino95: sits out 
*** HOLE CARDS ***
Dealt to Lorpugo [4d 5s]
Lorpugo: folds 
victorfbpa: calls $0.02
luciano93423: raises $0.06 to $0.08
LolaGold: folds 
simooo889: folds 
victorfbpa: folds 
Uncalled bet ($0.06) returned to luciano93423
luciano93423 collected $0.07 from pot
*** SUMMARY ***
Total pot $0.07 | Rake $0 
Seat 2: luciano93423 (button) collected ($0.07)
Seat 3: LolaGold (small blind) folded before Flop
Seat 4: simooo889 (big blind) folded before Flop
Seat 5: Lorpugo folded before Flop (didn't bet)
Seat 6: victorfbpa folded before Flop



PokerStars Hand #239424483039:  Hold'em No Limit ($0.01/$0.02 USD) - 2022/10/24 11:46:04 ET
Table 'Rana III' 6-max Seat #3 is the button
Seat 2: luciano93423 ($1.98 in chips) 
Seat 3: LolaGold ($2 in chips) 
Seat 4: simooo889 ($1.45 in chips) 
Seat 5: Lorpugo ($1.60 in chips) 
Seat 6: victorfbpa ($2.22 in chips) 
simooo889: posts small blind $0.01
Lorpugo: posts big blind $0.02
elaczino95: sits out 
*** HOLE CARDS ***
Dealt to Lorpugo [3h 6c]
victorfbpa: calls $0.02
luciano93423: folds 
LolaGold: folds 
simooo889: calls $0.01
Lorpugo: checks 
*** FLOP *** [3c Js 7c]
simooo889: checks 
Lorpugo: checks 
victorfbpa: bets $0.07
simooo889: folds 
Lorpugo: folds 
Uncalled bet ($0.07) returned to victorfbpa
victorfbpa collected $0.06 from pot
*** SUMMARY ***
Total pot $0.06 | Rake $0 
Board [3c Js 7c]
Seat 2: luciano93423 folded before Flop (didn't bet)
Seat 3: LolaGold (button) folded before Flop (didn't bet)
Seat 4: simooo889 (small blind) folded on the Flop
Seat 5: Lorpugo (big blind) folded on the Flop
Seat 6: victorfbpa collected ($0.06)



PokerStars Hand #239424490132:  Hold'em No Limit ($0.01/$0.02 USD) - 2022/10/24 11:46:28 ET
Table 'Rana III' 6-max Seat #4 is the button
Seat 2: luciano93423 ($1.98 in chips) 
Seat 3: LolaGold ($2 in chips) 
Seat 4: simooo889 ($1.43 in chips) 
Seat 5: Lorpugo ($1.60 in chips) 
Seat 6: victorfbpa ($2.26 in chips) 
Lorpugo: posts small blind $0.01
victorfbpa: posts big blind $0.02
elaczino95: sits out 
*** HOLE CARDS ***
Dealt to Lorpugo [Ks 6d]
luciano93423: raises $0.04 to $0.06
LolaGold: folds 
simooo889: folds 
Lorpugo: folds 
victorfbpa: folds 
Uncalled bet ($0.04) returned to luciano93423
luciano93423 collected $0.05 from pot
*** SUMMARY ***
Total pot $0.05 | Rake $0 
Seat 2: luciano93423 collected ($0.05)
Seat 3: LolaGold folded before Flop (didn't bet)
Seat 4: simooo889 (button) folded before Flop (didn't bet)
Seat 5: Lorpugo (small blind) folded before Flop
Seat 6: victorfbpa (big blind) folded before Flop



PokerStars Hand #239424494289:  Hold'em No Limit ($0.01/$0.02 USD) - 2022/10/24 11:46:42 ET
Table 'Rana III' 6-max Seat #5 is the button
Seat 1: elaczino95 ($2 in chips) 
Seat 2: luciano93423 ($2.01 in chips) 
Seat 3: LolaGold ($2 in chips) 
Seat 4: simooo889 ($1.43 in chips) 
Seat 5: Lorpugo ($1.60 in chips) 
Seat 6: victorfbpa ($2.24 in chips) 
victorfbpa: posts small blind $0.01
elaczino95: posts big blind $0.02
*** HOLE CARDS ***
Dealt to Lorpugo [3c Kd]
luciano93423: folds 
LolaGold: folds 
simooo889: raises $0.02 to $0.04
Lorpugo: folds 
victorfbpa: raises $0.02 to $0.06
elaczino95: calls $0.04
simooo889: calls $0.02
*** FLOP *** [Td 2d Jd]
victorfbpa: checks 
elaczino95: checks 
simooo889: checks 
*** TURN *** [Td 2d Jd] [Qh]
victorfbpa: bets $0.09
elaczino95: folds 
simooo889: calls $0.09
*** RIVER *** [Td 2d Jd Qh] [Jc]
victorfbpa: bets $0.16
simooo889: raises $0.16 to $0.32
victorfbpa: calls $0.16
*** SHOW DOWN ***
simooo889: shows [Js Qc] (a full house, Jacks full of Queens)
victorfbpa: mucks hand 
simooo889 collected $0.96 from pot
*** SUMMARY ***
Total pot $1 | Rake $0.04 
Board [Td 2d Jd Qh Jc]
Seat 1: elaczino95 (big blind) folded on the Turn
Seat 2: luciano93423 folded before Flop (didn't bet)
Seat 3: LolaGold folded before Flop (didn't bet)
Seat 4: simooo889 showed [Js Qc] and won ($0.96) with a full house, Jacks full of Queens
Seat 5: Lorpugo (button) folded before Flop (didn't bet)
Seat 6: victorfbpa (small blind) mucked [Qs Ac]



PokerStars Hand #239424517159:  Hold'em No Limit ($0.01/$0.02 USD) - 2022/10/24 11:48:01 ET
Table 'Rana III' 6-max Seat #6 is the button
Seat 1: elaczino95 ($1.94 in chips) 
Seat 2: luciano93423 ($2.01 in chips) 
Seat 3: LolaGold ($2 in chips) 
Seat 4: simooo889 ($1.92 in chips) 
Seat 5: Lorpugo ($1.60 in chips) 
Seat 6: victorfbpa ($1.77 in chips) 
elaczino95: posts small blind $0.01
luciano93423: posts big blind $0.02
*** HOLE CARDS ***
Dealt to Lorpugo [Td Kd]
LolaGold: folds 
simooo889: folds 
Lorpugo: raises $0.04 to $0.06
victorfbpa: folds 
elaczino95: calls $0.05
luciano93423: folds 
*** FLOP *** [Qc 7h 8d]
elaczino95: checks 
Lorpugo: checks 
*** TURN *** [Qc 7h 8d] [9c]
elaczino95: bets $0.05
Lorpugo: calls $0.05
*** RIVER *** [Qc 7h 8d 9c] [5h]
elaczino95: checks 
Lorpugo: bets $0.18
elaczino95: folds 
Uncalled bet ($0.18) returned to Lorpugo
Lorpugo collected $0.23 from pot
Lorpugo: doesn't show hand 
*** SUMMARY ***
Total pot $0.24 | Rake $0.01 
Board [Qc 7h 8d 9c 5h]
Seat 1: elaczino95 (small blind) folded on the River
Seat 2: luciano93423 (big blind) folded before Flop
Seat 3: LolaGold folded before Flop (didn't bet)
Seat 4: simooo889 folded before Flop (didn't bet)
Seat 5: Lorpugo collected ($0.23)
Seat 6: victorfbpa (button) folded before Flop (didn't bet)



PokerStars Hand #239424534514:  Hold'em No Limit ($0.01/$0.02 USD) - 2022/10/24 11:49:00 ET
Table 'Rana III' 6-max Seat #1 is the button
Seat 1: elaczino95 ($1.83 in chips) 
Seat 2: luciano93423 ($1.99 in chips) 
Seat 3: LolaGold ($2 in chips) 
Seat 4: simooo889 ($1.92 in chips) 
Seat 5: Lorpugo ($1.72 in chips) 
Seat 6: victorfbpa ($1.77 in chips) 
luciano93423: posts small blind $0.01
LolaGold: posts big blind $0.02
*** HOLE CARDS ***
Dealt to Lorpugo [Ad 3h]
simooo889: folds 
Lorpugo: folds 
victorfbpa: calls $0.02
elaczino95: raises $0.04 to $0.06
luciano93423: folds 
LolaGold: folds 
victorfbpa: folds 
Uncalled bet ($0.04) returned to elaczino95
elaczino95 collected $0.07 from pot
elaczino95: doesn't show hand 
*** SUMMARY ***
Total pot $0.07 | Rake $0 
Seat 1: elaczino95 (button) collected ($0.07)
Seat 2: luciano93423 (small blind) folded before Flop
Seat 3: LolaGold (big blind) folded before Flop
Seat 4: simooo889 folded before Flop (didn't bet)
Seat 5: Lorpugo folded before Flop (didn't bet)
Seat 6: victorfbpa folded before Flop



PokerStars Hand #239424539453:  Hold'em No Limit ($0.01/$0.02 USD) - 2022/10/24 11:49:17 ET
Table 'Rana III' 6-max Seat #2 is the button
Seat 1: elaczino95 ($1.88 in chips) 
Seat 2: luciano93423 ($1.98 in chips) 
Seat 3: LolaGold ($2 in chips) 
Seat 4: simooo889 ($1.92 in chips) 
Seat 5: Lorpugo ($1.72 in chips) 
Seat 6: victorfbpa ($1.75 in chips) 
LolaGold: posts small blind $0.01
simooo889: posts big blind $0.02
*** HOLE CARDS ***
Dealt to Lorpugo [7d 4h]
Lorpugo: folds 
victorfbpa: calls $0.02
elaczino95 has timed out
elaczino95: folds 
luciano93423: folds 
LolaGold: raises $0.06 to $0.08
simooo889: folds 
victorfbpa: folds 
Uncalled bet ($0.06) returned to LolaGold
LolaGold collected $0.06 from pot
LolaGold: doesn't show hand 
*** SUMMARY ***
Total pot $0.06 | Rake $0 
Seat 1: elaczino95 folded before Flop (didn't bet)
Seat 2: luciano93423 (button) folded before Flop (didn't bet)
Seat 3: LolaGold (small blind) collected ($0.06)
Seat 4: simooo889 (big blind) folded before Flop
Seat 5: Lorpugo folded before Flop (didn't bet)
Seat 6: victorfbpa folded before Flop



PokerStars Hand #239424549258:  Hold'em No Limit ($0.01/$0.02 USD) - 2022/10/24 11:49:51 ET
Table 'Rana III' 6-max Seat #3 is the button
Seat 2: luciano93423 ($1.98 in chips) 
Seat 3: LolaGold ($2.04 in chips) 
Seat 4: simooo889 ($1.90 in chips) 
Seat 5: Lorpugo ($1.72 in chips) 
Seat 6: victorfbpa ($1.73 in chips) 
simooo889: posts small blind $0.01
Lorpugo: posts big blind $0.02
*** HOLE CARDS ***
Dealt to Lorpugo [7s 4c]
victorfbpa: calls $0.02
luciano93423: folds 
LolaGold: folds 
simooo889: calls $0.01
Lorpugo: checks 
*** FLOP *** [Kd 2s Jd]
simooo889: checks 
Lorpugo: checks 
victorfbpa: bets $0.03
simooo889: calls $0.03
Lorpugo: folds 
*** TURN *** [Kd 2s Jd] [Qh]
simooo889: checks 
victorfbpa: bets $0.06
simooo889: calls $0.06
*** RIVER *** [Kd 2s Jd Qh] [4s]
simooo889: checks 
victorfbpa: checks 
*** SHOW DOWN ***
simooo889: shows [3s 2h] (a pair of Deuces)
victorfbpa: shows [Th Qc] (a pair of Queens)
victorfbpa collected $0.23 from pot
*** SUMMARY ***
Total pot $0.24 | Rake $0.01 
Board [Kd 2s Jd Qh 4s]
Seat 2: luciano93423 folded before Flop (didn't bet)
Seat 3: LolaGold (button) folded before Flop (didn't bet)
Seat 4: simooo889 (small blind) showed [3s 2h] and lost with a pair of Deuces
Seat 5: Lorpugo (big blind) folded on the Flop
Seat 6: victorfbpa showed [Th Qc] and won ($0.23) with a pair of Queens



PokerStars Hand #239424562882:  Hold'em No Limit ($0.01/$0.02 USD) - 2022/10/24 11:50:38 ET
Table 'Rana III' 6-max Seat #4 is the button
Seat 1: elaczino95 ($1.88 in chips) 
Seat 2: luciano93423 ($1.98 in chips) 
Seat 3: LolaGold ($2.04 in chips) 
Seat 4: simooo889 ($1.79 in chips) 
Seat 5: Lorpugo ($1.70 in chips) 
Seat 6: victorfbpa ($1.85 in chips) 
Lorpugo: posts small blind $0.01
victorfbpa: posts big blind $0.02
*** HOLE CARDS ***
Dealt to Lorpugo [5c 9d]
elaczino95: folds 
luciano93423: folds 
LolaGold: folds 
simooo889: folds 
Lorpugo: folds 
Uncalled bet ($0.01) returned to victorfbpa
victorfbpa collected $0.02 from pot
*** SUMMARY ***
Total pot $0.02 | Rake $0 
Seat 1: elaczino95 folded before Flop (didn't bet)
Seat 2: luciano93423 folded before Flop (didn't bet)
Seat 3: LolaGold folded before Flop (didn't bet)
Seat 4: simooo889 (button) folded before Flop (didn't bet)
Seat 5: Lorpugo (small blind) folded before Flop
Seat 6: victorfbpa (big blind) collected ($0.02)



PokerStars Hand #239424568310:  Hold'em No Limit ($0.01/$0.02 USD) - 2022/10/24 11:50:56 ET
Table 'Rana III' 6-max Seat #5 is the button
Seat 1: elaczino95 ($1.88 in chips) 
Seat 2: luciano93423 ($1.98 in chips) 
Seat 3: LolaGold ($2.04 in chips) 
Seat 4: simooo889 ($1.79 in chips) 
Seat 5: Lorpugo ($1.69 in chips) 
Seat 6: victorfbpa ($1.86 in chips) 
victorfbpa: posts small blind $0.01
elaczino95: posts big blind $0.02
*** HOLE CARDS ***
Dealt to Lorpugo [Ts Ad]
luciano93423: folds 
LolaGold: folds 
simooo889: folds 
Lorpugo: raises $0.04 to $0.06
victorfbpa: folds 
elaczino95: folds 
Uncalled bet ($0.04) returned to Lorpugo
Lorpugo collected $0.05 from pot
Lorpugo: doesn't show hand 
*** SUMMARY ***
Total pot $0.05 | Rake $0 
Seat 1: elaczino95 (big blind) folded before Flop
Seat 2: luciano93423 folded before Flop (didn't bet)
Seat 3: LolaGold folded before Flop (didn't bet)
Seat 4: simooo889 folded before Flop (didn't bet)
Seat 5: Lorpugo (button) collected ($0.05)
Seat 6: victorfbpa (small blind) folded before Flop



PokerStars Hand #239424577893:  Hold'em No Limit ($0.01/$0.02 USD) - 2022/10/24 11:51:29 ET
Table 'Rana III' 6-max Seat #6 is the button
Seat 1: elaczino95 ($1.86 in chips) 
Seat 2: luciano93423 ($1.98 in chips) 
Seat 3: LolaGold ($2.04 in chips) 
Seat 4: simooo889 ($1.79 in chips) 
Seat 5: Lorpugo ($1.72 in chips) 
Seat 6: victorfbpa ($1.85 in chips) 
elaczino95: posts small blind $0.01
luciano93423: posts big blind $0.02
*** HOLE CARDS ***
Dealt to Lorpugo [Tc Ah]
LolaGold: folds 
simooo889: folds 
Lorpugo: raises $0.04 to $0.06
victorfbpa: calls $0.06
elaczino95: folds 
luciano93423: folds 
*** FLOP *** [Ad 5h Qd]
Lorpugo: checks 
victorfbpa: bets $0.14
Lorpugo: raises $0.21 to $0.35
victorfbpa: folds 
Uncalled bet ($0.21) returned to Lorpugo
Lorpugo collected $0.41 from pot
Lorpugo: doesn't show hand 
*** SUMMARY ***
Total pot $0.43 | Rake $0.02 
Board [Ad 5h Qd]
Seat 1: elaczino95 (small blind) folded before Flop
Seat 2: luciano93423 (big blind) folded before Flop
Seat 3: LolaGold folded before Flop (didn't bet)
Seat 4: simooo889 folded before Flop (didn't bet)
Seat 5: Lorpugo collected ($0.41)
Seat 6: victorfbpa (button) folded on the Flop



PokerStars Hand #239424587812:  Hold'em No Limit ($0.01/$0.02 USD) - 2022/10/24 11:52:03 ET
Table 'Rana III' 6-max Seat #1 is the button
Seat 1: elaczino95 ($1.85 in chips) 
Seat 2: luciano93423 ($1.96 in chips) 
Seat 3: LolaGold ($2.04 in chips) 
Seat 4: simooo889 ($1.79 in chips) 
Seat 5: Lorpugo ($1.93 in chips) 
Seat 6: victorfbpa ($1.65 in chips) 
luciano93423: posts small blind $0.01
LolaGold: posts big blind $0.02
*** HOLE CARDS ***
Dealt to Lorpugo [As 2h]
simooo889: folds 
Lorpugo: folds 
victorfbpa: calls $0.02
elaczino95: folds 
luciano93423: folds 
LolaGold: checks 
*** FLOP *** [2s Tc 9s]
LolaGold: checks 
victorfbpa: checks 
*** TURN *** [2s Tc 9s] [Kc]
LolaGold: checks 
victorfbpa: checks 
*** RIVER *** [2s Tc 9s Kc] [Ac]
LolaGold: checks 
victorfbpa: checks 
*** SHOW DOWN ***
LolaGold: shows [5d 9h] (a pair of Nines)
victorfbpa: mucks hand 
LolaGold collected $0.05 from pot
*** SUMMARY ***
Total pot $0.05 | Rake $0 
Board [2s Tc 9s Kc Ac]
Seat 1: elaczino95 (button) folded before Flop (didn't bet)
Seat 2: luciano93423 (small blind) folded before Flop
Seat 3: LolaGold (big blind) showed [5d 9h] and won ($0.05) with a pair of Nines
Seat 4: simooo889 folded before Flop (didn't bet)
Seat 5: Lorpugo folded before Flop (didn't bet)
Seat 6: victorfbpa mucked [6s 7h]



PokerStars Hand #239424597403:  Hold'em No Limit ($0.01/$0.02 USD) - 2022/10/24 11:52:35 ET
Table 'Rana III' 6-max Seat #2 is the button
Seat 1: elaczino95 ($1.85 in chips) 
Seat 2: luciano93423 ($1.95 in chips) 
Seat 3: LolaGold ($2.07 in chips) 
Seat 4: simooo889 ($1.79 in chips) 
Seat 5: Lorpugo ($1.93 in chips) 
Seat 6: victorfbpa ($1.63 in chips) 
LolaGold: posts small blind $0.01
simooo889: posts big blind $0.02
*** HOLE CARDS ***
Dealt to Lorpugo [6h 8d]
Lorpugo: folds 
victorfbpa: folds 
elaczino95: raises $0.04 to $0.06
luciano93423: folds 
LolaGold: folds 
simooo889: folds 
Uncalled bet ($0.04) returned to elaczino95
elaczino95 collected $0.05 from pot
elaczino95: doesn't show hand 
*** SUMMARY ***
Total pot $0.05 | Rake $0 
Seat 1: elaczino95 collected ($0.05)
Seat 2: luciano93423 (button) folded before Flop (didn't bet)
Seat 3: LolaGold (small blind) folded before Flop
Seat 4: simooo889 (big blind) folded before Flop
Seat 5: Lorpugo folded before Flop (didn't bet)
Seat 6: victorfbpa folded before Flop (didn't bet)



PokerStars Hand #239424601611:  Hold'em No Limit ($0.01/$0.02 USD) - 2022/10/24 11:52:50 ET
Table 'Rana III' 6-max Seat #3 is the button
Seat 1: elaczino95 ($1.88 in chips) 
Seat 2: luciano93423 ($1.95 in chips) 
Seat 3: LolaGold ($2.06 in chips) 
Seat 4: simooo889 ($1.77 in chips) 
Seat 5: Lorpugo ($1.93 in chips) 
Seat 6: victorfbpa ($1.63 in chips) 
simooo889: posts small blind $0.01
Lorpugo: posts big blind $0.02
*** HOLE CARDS ***
Dealt to Lorpugo [3d Ts]
victorfbpa: folds 
elaczino95: folds 
luciano93423: folds 
LolaGold: folds 
simooo889: folds 
Uncalled bet ($0.01) returned to Lorpugo
Lorpugo collected $0.02 from pot
Lorpugo: doesn't show hand 
*** SUMMARY ***
Total pot $0.02 | Rake $0 
Seat 1: elaczino95 folded before Flop (didn't bet)
Seat 2: luciano93423 folded before Flop (didn't bet)
Seat 3: LolaGold (button) folded before Flop (didn't bet)
Seat 4: simooo889 (small blind) folded before Flop
Seat 5: Lorpugo (big blind) collected ($0.02)
Seat 6: victorfbpa folded before Flop (didn't bet)



PokerStars Hand #239424604714:  Hold'em No Limit ($0.01/$0.02 USD) - 2022/10/24 11:53:01 ET
Table 'Rana III' 6-max Seat #4 is the button
Seat 1: elaczino95 ($1.88 in chips) 
Seat 2: luciano93423 ($1.95 in chips) 
Seat 3: LolaGold ($2.06 in chips) 
Seat 4: simooo889 ($1.76 in chips) 
Seat 5: Lorpugo ($1.94 in chips) 
Seat 6: victorfbpa ($1.63 in chips) 
Lorpugo: posts small blind $0.01
victorfbpa: posts big blind $0.02
*** HOLE CARDS ***
Dealt to Lorpugo [9d Tc]
elaczino95: raises $0.04 to $0.06
luciano93423: folds 
LolaGold: folds 
simooo889: folds 
Lorpugo: folds 
victorfbpa: folds 
Uncalled bet ($0.04) returned to elaczino95
elaczino95 collected $0.05 from pot
elaczino95: doesn't show hand 
*** SUMMARY ***
Total pot $0.05 | Rake $0 
Seat 1: elaczino95 collected ($0.05)
Seat 2: luciano93423 folded before Flop (didn't bet)
Seat 3: LolaGold folded before Flop (didn't bet)
Seat 4: simooo889 (button) folded before Flop (didn't bet)
Seat 5: Lorpugo (small blind) folded before Flop
Seat 6: victorfbpa (big blind) folded before Flop



PokerStars Hand #239424611066:  Hold'em No Limit ($0.01/$0.02 USD) - 2022/10/24 11:53:22 ET
Table 'Rana III' 6-max Seat #5 is the button
Seat 2: luciano93423 ($1.95 in chips) 
Seat 3: LolaGold ($2.06 in chips) 
Seat 4: simooo889 ($1.76 in chips) 
Seat 5: Lorpugo ($1.93 in chips) 
Seat 6: victorfbpa ($1.61 in chips) 
victorfbpa: posts small blind $0.01
elaczino95: is sitting out 
luciano93423: posts big blind $0.02
*** HOLE CARDS ***
Dealt to Lorpugo [Td 6h]
LolaGold: raises $0.02 to $0.04
elaczino95 leaves the table
simooo889: folds 
Lorpugo: folds 
victorfbpa: calls $0.03
Mescalito558 joins the table at seat #1 
luciano93423: folds 
*** FLOP *** [Js 5h 8c]
victorfbpa: bets $0.05
LolaGold: folds 
Uncalled bet ($0.05) returned to victorfbpa
victorfbpa collected $0.10 from pot
*** SUMMARY ***
Total pot $0.10 | Rake $0 
Board [Js 5h 8c]
Seat 2: luciano93423 (big blind) folded before Flop
Seat 3: LolaGold folded on the Flop
Seat 4: simooo889 folded before Flop (didn't bet)
Seat 5: Lorpugo (button) folded before Flop (didn't bet)
Seat 6: victorfbpa (small blind) collected ($0.10)



PokerStars Hand #239424618217:  Hold'em No Limit ($0.01/$0.02 USD) - 2022/10/24 11:53:47 ET
Table 'Rana III' 6-max Seat #6 is the button
Seat 2: luciano93423 ($1.93 in chips) 
Seat 3: LolaGold ($2.02 in chips) 
Seat 4: simooo889 ($1.76 in chips) 
Seat 5: Lorpugo ($1.93 in chips) 
Seat 6: victorfbpa ($1.67 in chips) 
luciano93423: posts small blind $0.01
LolaGold: posts big blind $0.02
*** HOLE CARDS ***
Dealt to Lorpugo [5c 3d]
simooo889: raises $0.04 to $0.06
Lorpugo: folds 
victorfbpa: folds 
luciano93423: folds 
LolaGold: calls $0.04
*** FLOP *** [Tc Ad 3c]
LolaGold: checks 
simooo889: checks 
*** TURN *** [Tc Ad 3c] [9d]
LolaGold: checks 
simooo889: bets $0.06
LolaGold: folds 
Uncalled bet ($0.06) returned to simooo889
simooo889 collected $0.13 from pot
simooo889: doesn't show hand 
*** SUMMARY ***
Total pot $0.13 | Rake $0 
Board [Tc Ad 3c 9d]
Seat 2: luciano93423 (small blind) folded before Flop
Seat 3: LolaGold (big blind) folded on the Turn
Seat 4: simooo889 collected ($0.13)
Seat 5: Lorpugo folded before Flop (didn't bet)
Seat 6: victorfbpa (button) folded before Flop (didn't bet)



PokerStars Hand #239424626004:  Hold'em No Limit ($0.01/$0.02 USD) - 2022/10/24 11:54:14 ET
Table 'Rana III' 6-max Seat #2 is the button
Seat 1: Mescalito558 ($2 in chips) 
Seat 2: luciano93423 ($1.92 in chips) 
Seat 3: LolaGold ($2 in chips) 
Seat 4: simooo889 ($1.83 in chips) 
Seat 5: Lorpugo ($1.93 in chips) 
Seat 6: victorfbpa ($1.67 in chips) 
LolaGold: posts small blind $0.01
simooo889: posts big blind $0.02
Mescalito558: posts big blind $0.02
*** HOLE CARDS ***
Dealt to Lorpugo [5s 5h]
Lorpugo: raises $0.04 to $0.06
victorfbpa: folds 
Mescalito558: folds 
luciano93423: folds 
LolaGold: folds 
simooo889: folds 
Uncalled bet ($0.04) returned to Lorpugo
Lorpugo collected $0.07 from pot
Lorpugo: doesn't show hand 
*** SUMMARY ***
Total pot $0.07 | Rake $0 
Seat 1: Mescalito558 folded before Flop (didn't bet)
Seat 2: luciano93423 (button) folded before Flop (didn't bet)
Seat 3: LolaGold (small blind) folded before Flop
Seat 4: simooo889 (big blind) folded before Flop
Seat 5: Lorpugo collected ($0.07)
Seat 6: victorfbpa folded before Flop (didn't bet)



PokerStars Hand #239424629586:  Hold'em No Limit ($0.01/$0.02 USD) - 2022/10/24 11:54:26 ET
Table 'Rana III' 6-max Seat #3 is the button
Seat 1: Mescalito558 ($1.98 in chips) 
Seat 2: luciano93423 ($1.92 in chips) 
Seat 3: LolaGold ($2 in chips) 
Seat 4: simooo889 ($1.81 in chips) 
Seat 5: Lorpugo ($1.98 in chips) 
Seat 6: victorfbpa ($1.67 in chips) 
simooo889: posts small blind $0.01
Lorpugo: posts big blind $0.02
*** HOLE CARDS ***
Dealt to Lorpugo [Ah 6s]
victorfbpa: folds 
Mescalito558: calls $0.02
luciano93423: raises $0.06 to $0.08
LolaGold: folds 
simooo889: folds 
Lorpugo: folds 
Mescalito558: folds 
Uncalled bet ($0.06) returned to luciano93423
luciano93423 collected $0.07 from pot
*** SUMMARY ***
Total pot $0.07 | Rake $0 
Seat 1: Mescalito558 folded before Flop
Seat 2: luciano93423 collected ($0.07)
Seat 3: LolaGold (button) folded before Flop (didn't bet)
Seat 4: simooo889 (small blind) folded before Flop
Seat 5: Lorpugo (big blind) folded before Flop
Seat 6: victorfbpa folded before Flop (didn't bet)



PokerStars Hand #239424635619:  Hold'em No Limit ($0.01/$0.02 USD) - 2022/10/24 11:54:46 ET
Table 'Rana III' 6-max Seat #4 is the button
Seat 1: Mescalito558 ($1.96 in chips) 
Seat 2: luciano93423 ($1.97 in chips) 
Seat 3: LolaGold ($2 in chips) 
Seat 4: simooo889 ($1.80 in chips) 
Seat 5: Lorpugo ($1.96 in chips) 
Seat 6: victorfbpa ($1.67 in chips) 
Lorpugo: posts small blind $0.01
victorfbpa: posts big blind $0.02
*** HOLE CARDS ***
Dealt to Lorpugo [Qs Ks]
Mescalito558: folds 
luciano93423: folds 
LolaGold: folds 
simooo889: calls $0.02
Lorpugo: raises $0.08 to $0.10
victorfbpa: folds 
simooo889: folds 
Uncalled bet ($0.08) returned to Lorpugo
Lorpugo collected $0.06 from pot
Lorpugo: doesn't show hand 
*** SUMMARY ***
Total pot $0.06 | Rake $0 
Seat 1: Mescalito558 folded before Flop (didn't bet)
Seat 2: luciano93423 folded before Flop (didn't bet)
Seat 3: LolaGold folded before Flop (didn't bet)
Seat 4: simooo889 (button) folded before Flop
Seat 5: Lorpugo (small blind) collected ($0.06)
Seat 6: victorfbpa (big blind) folded before Flop



PokerStars Hand #239424641816:  Hold'em No Limit ($0.01/$0.02 USD) - 2022/10/24 11:55:07 ET
Table 'Rana III' 6-max Seat #5 is the button
Seat 1: Mescalito558 ($1.96 in chips) 
Seat 2: luciano93423 ($1.97 in chips) 
Seat 3: LolaGold ($2 in chips) 
Seat 4: simooo889 ($1.78 in chips) 
Seat 5: Lorpugo ($2 in chips) 
Seat 6: victorfbpa ($1.65 in chips) 
victorfbpa: posts small blind $0.01
Mescalito558: posts big blind $0.02
*** HOLE CARDS ***
Dealt to Lorpugo [Ad 8s]
luciano93423: folds 
LolaGold: folds 
simooo889: raises $0.02 to $0.04
Lorpugo: raises $0.11 to $0.15
victorfbpa: folds 
Mescalito558: folds 
simooo889: folds 
Uncalled bet ($0.11) returned to Lorpugo
Lorpugo collected $0.11 from pot
Lorpugo: doesn't show hand 
*** SUMMARY ***
Total pot $0.11 | Rake $0 
Seat 1: Mescalito558 (big blind) folded before Flop
Seat 2: luciano93423 folded before Flop (didn't bet)
Seat 3: LolaGold folded before Flop (didn't bet)
Seat 4: simooo889 folded before Flop
Seat 5: Lorpugo (button) collected ($0.11)
Seat 6: victorfbpa (small blind) folded before Flop



PokerStars Hand #239424646461:  Hold'em No Limit ($0.01/$0.02 USD) - 2022/10/24 11:55:27 ET
Table 'Rana III' 6-max Seat #6 is the button
Seat 1: Mescalito558 ($1.94 in chips) 
Seat 2: luciano93423 ($1.97 in chips) 
Seat 3: LolaGold ($2 in chips) 
Seat 4: simooo889 ($1.74 in chips) 
Seat 5: Lorpugo ($2.07 in chips) 
Seat 6: victorfbpa ($1.64 in chips) 
Mescalito558: posts small blind $0.01
luciano93423: posts big blind $0.02
*** HOLE CARDS ***
Dealt to Lorpugo [4d 4h]
LolaGold: raises $0.02 to $0.04
simooo889: folds 
Lorpugo: calls $0.04
victorfbpa: folds 
Mescalito558: calls $0.03
luciano93423: folds 
*** FLOP *** [Ts Jh Ks]
Mescalito558: checks 
LolaGold: checks 
Lorpugo: checks 
*** TURN *** [Ts Jh Ks] [Js]
Mescalito558: bets $0.07
LolaGold: folds 
Lorpugo: folds 
Uncalled bet ($0.07) returned to Mescalito558
Mescalito558 collected $0.14 from pot
Mescalito558: doesn't show hand 
*** SUMMARY ***
Total pot $0.14 | Rake $0 
Board [Ts Jh Ks Js]
Seat 1: Mescalito558 (small blind) collected ($0.14)
Seat 2: luciano93423 (big blind) folded before Flop
Seat 3: LolaGold folded on the Turn
Seat 4: simooo889 folded before Flop (didn't bet)
Seat 5: Lorpugo folded on the Turn
Seat 6: victorfbpa (button) folded before Flop (didn't bet)



PokerStars Hand #239424654605:  Hold'em No Limit ($0.01/$0.02 USD) - 2022/10/24 11:56:02 ET
Table 'Rana III' 6-max Seat #1 is the button
Seat 1: Mescalito558 ($2.04 in chips) 
Seat 2: luciano93423 ($1.95 in chips) 
Seat 3: LolaGold ($2 in chips) 
Seat 4: simooo889 ($1.74 in chips) 
Seat 5: Lorpugo ($2.03 in chips) 
Seat 6: victorfbpa ($1.64 in chips) 
luciano93423: posts small blind $0.01
LolaGold: posts big blind $0.02
*** HOLE CARDS ***
Dealt to Lorpugo [6s 7h]
simooo889: folds 
Lorpugo has timed out
Lorpugo: folds 
victorfbpa: folds 
Mescalito558: calls $0.02
luciano93423: folds 
LolaGold: checks 
*** FLOP *** [4h Kd 8c]
LolaGold: checks 
Mescalito558: bets $0.05
LolaGold: folds 
Uncalled bet ($0.05) returned to Mescalito558
Mescalito558 collected $0.05 from pot
Mescalito558: doesn't show hand 
*** SUMMARY ***
Total pot $0.05 | Rake $0 
Board [4h Kd 8c]
Seat 1: Mescalito558 (button) collected ($0.05)
Seat 2: luciano93423 (small blind) folded before Flop
Seat 3: LolaGold (big blind) folded on the Flop
Seat 4: simooo889 folded before Flop (didn't bet)
Seat 5: Lorpugo folded before Flop (didn't bet)
Seat 6: victorfbpa folded before Flop (didn't bet)



PokerStars Hand #239424663157:  Hold'em No Limit ($0.01/$0.02 USD) - 2022/10/24 11:56:37 ET
Table 'Rana III' 6-max Seat #2 is the button
Seat 1: Mescalito558 ($2.07 in chips) 
Seat 2: luciano93423 ($1.94 in chips) 
Seat 3: LolaGold ($2 in chips) 
Seat 4: simooo889 ($1.74 in chips) 
Seat 5: Lorpugo ($2.03 in chips) 
Seat 6: victorfbpa ($1.64 in chips) 
LolaGold: posts small blind $0.01
simooo889: posts big blind $0.02
*** HOLE CARDS ***
Dealt to Lorpugo [6s Jd]
Lorpugo: folds 
victorfbpa: folds 
Mescalito558: raises $0.02 to $0.04
luciano93423: folds 
LolaGold: folds 
simooo889: calls $0.02
*** FLOP *** [7d 9s Jh]
simooo889: bets $0.04
Mescalito558: calls $0.04
*** TURN *** [7d 9s Jh] [2h]
simooo889: checks 
Mescalito558: bets $0.08
simooo889: calls $0.08
*** RIVER *** [7d 9s Jh 2h] [8c]
simooo889: bets $0.32
Mescalito558: folds 
Uncalled bet ($0.32) returned to simooo889
simooo889 collected $0.32 from pot
simooo889: doesn't show hand 
*** SUMMARY ***
Total pot $0.33 | Rake $0.01 
Board [7d 9s Jh 2h 8c]
Seat 1: Mescalito558 folded on the River
Seat 2: luciano93423 (button) folded before Flop (didn't bet)
Seat 3: LolaGold (small blind) folded before Flop
Seat 4: simooo889 (big blind) collected ($0.32)
Seat 5: Lorpugo folded before Flop (didn't bet)
Seat 6: victorfbpa folded before Flop (didn't bet)



PokerStars Hand #239424673434:  Hold'em No Limit ($0.01/$0.02 USD) - 2022/10/24 11:57:20 ET
Table 'Rana III' 6-max Seat #3 is the button
Seat 1: Mescalito558 ($1.91 in chips) 
Seat 2: luciano93423 ($1.94 in chips) 
Seat 3: LolaGold ($2 in chips) 
Seat 4: simooo889 ($1.90 in chips) 
Seat 5: Lorpugo ($2.03 in chips) 
Seat 6: victorfbpa ($1.64 in chips) 
simooo889: posts small blind $0.01
Lorpugo: posts big blind $0.02
*** HOLE CARDS ***
Dealt to Lorpugo [6c Qd]
victorfbpa: raises $0.06 to $0.08
Mescalito558: folds 
luciano93423 is disconnected 
luciano93423 has timed out while being disconnected
luciano93423: folds 
LolaGold: calls $0.08
simooo889: folds 
Lorpugo: folds 
*** FLOP *** [As Kd Jc]
victorfbpa: checks 
LolaGold: checks 
*** TURN *** [As Kd Jc] [Jh]
victorfbpa: checks 
LolaGold: checks 
*** RIVER *** [As Kd Jc Jh] [4c]
victorfbpa: bets $0.18
LolaGold: folds 
Uncalled bet ($0.18) returned to victorfbpa
victorfbpa collected $0.18 from pot
*** SUMMARY ***
Total pot $0.19 | Rake $0.01 
Board [As Kd Jc Jh 4c]
Seat 1: Mescalito558 folded before Flop (didn't bet)
Seat 2: luciano93423 folded before Flop (didn't bet)
Seat 3: LolaGold (button) folded on the River
Seat 4: simooo889 (small blind) folded before Flop
Seat 5: Lorpugo (big blind) folded before Flop
Seat 6: victorfbpa collected ($0.18)



PokerStars Hand #239424686557:  Hold'em No Limit ($0.01/$0.02 USD) - 2022/10/24 11:58:16 ET
Table 'Rana III' 6-max Seat #4 is the button
Seat 1: Mescalito558 ($1.91 in chips) 
Seat 3: LolaGold ($2 in chips) 
Seat 4: simooo889 ($1.89 in chips) 
Seat 5: Lorpugo ($2.01 in chips) 
Seat 6: victorfbpa ($1.74 in chips) 
Lorpugo: posts small blind $0.01
victorfbpa: posts big blind $0.02
*** HOLE CARDS ***
Dealt to Lorpugo [5c 6d]
Mescalito558: folds 
LolaGold: raises $0.03 to $0.05
simooo889: calls $0.05
Lorpugo: folds 
victorfbpa: folds 
*** FLOP *** [7h 8s 7s]
LolaGold: checks 
simooo889: checks 
*** TURN *** [7h 8s 7s] [3h]
LolaGold: bets $0.04
simooo889: calls $0.04
*** RIVER *** [7h 8s 7s 3h] [Ah]
LolaGold: bets $0.15
simooo889: folds 
Uncalled bet ($0.15) returned to LolaGold
LolaGold collected $0.20 from pot
LolaGold: doesn't show hand 
*** SUMMARY ***
Total pot $0.21 | Rake $0.01 
Board [7h 8s 7s 3h Ah]
Seat 1: Mescalito558 folded before Flop (didn't bet)
Seat 3: LolaGold collected ($0.20)
Seat 4: simooo889 (button) folded on the River
Seat 5: Lorpugo (small blind) folded before Flop
Seat 6: victorfbpa (big blind) folded before Flop



PokerStars Hand #239424694312:  Hold'em No Limit ($0.01/$0.02 USD) - 2022/10/24 11:58:49 ET
Table 'Rana III' 6-max Seat #5 is the button
Seat 1: Mescalito558 ($1.91 in chips) 
Seat 3: LolaGold ($2.11 in chips) 
Seat 4: simooo889 ($1.80 in chips) 
Seat 5: Lorpugo ($2 in chips) 
Seat 6: victorfbpa ($1.72 in chips) 
victorfbpa: posts small blind $0.01
Mescalito558: posts big blind $0.02
*** HOLE CARDS ***
Dealt to Lorpugo [5c 9s]
LolaGold: folds 
simooo889: raises $0.02 to $0.04
Lorpugo: folds 
victorfbpa: folds 
Mescalito558: calls $0.02
*** FLOP *** [4s As 3c]
Mescalito558: bets $0.04
simooo889: calls $0.04
*** TURN *** [4s As 3c] [5s]
Mescalito558: checks 
simooo889: bets $0.08
Mescalito558: calls $0.08
*** RIVER *** [4s As 3c 5s] [4d]
Mescalito558: bets $0.16
simooo889: calls $0.16
*** SHOW DOWN ***
Mescalito558: shows [Qs Ts] (a flush, Ace high)
simooo889: mucks hand 
Mescalito558 collected $0.63 from pot
*** SUMMARY ***
Total pot $0.65 | Rake $0.02 
Board [4s As 3c 5s 4d]
Seat 1: Mescalito558 (big blind) showed [Qs Ts] and won ($0.63) with a flush, Ace high
Seat 3: LolaGold folded before Flop (didn't bet)
Seat 4: simooo889 mucked [8h 8d]
Seat 5: Lorpugo (button) folded before Flop (didn't bet)
Seat 6: victorfbpa (small blind) folded before Flop



PokerStars Hand #239424705106:  Hold'em No Limit ($0.01/$0.02 USD) - 2022/10/24 11:59:34 ET
Table 'Rana III' 6-max Seat #6 is the button
Seat 1: Mescalito558 ($2.22 in chips) 
Seat 3: LolaGold ($2.11 in chips) 
Seat 4: simooo889 ($1.48 in chips) 
Seat 5: Lorpugo ($2 in chips) 
Seat 6: victorfbpa ($1.71 in chips) 
Mescalito558: posts small blind $0.01
LolaGold: posts big blind $0.02
*** HOLE CARDS ***
Dealt to Lorpugo [6c 8d]
simooo889: folds 
Lorpugo: folds 
victorfbpa: folds 
Mescalito558: calls $0.01
LolaGold: raises $0.06 to $0.08
Mescalito558: folds 
Uncalled bet ($0.06) returned to LolaGold
LolaGold collected $0.04 from pot
LolaGold: doesn't show hand 
*** SUMMARY ***
Total pot $0.04 | Rake $0 
Seat 1: Mescalito558 (small blind) folded before Flop
Seat 3: LolaGold (big blind) collected ($0.04)
Seat 4: simooo889 folded before Flop (didn't bet)
Seat 5: Lorpugo folded before Flop (didn't bet)
Seat 6: victorfbpa (button) folded before Flop (didn't bet)



PokerStars Hand #239424709477:  Hold'em No Limit ($0.01/$0.02 USD) - 2022/10/24 11:59:53 ET
Table 'Rana III' 6-max Seat #1 is the button
Seat 1: Mescalito558 ($2.20 in chips) 
Seat 3: LolaGold ($2.13 in chips) 
Seat 4: simooo889 ($1.48 in chips) 
Seat 5: Lorpugo ($2 in chips) 
Seat 6: victorfbpa ($1.71 in chips) 
LolaGold: posts small blind $0.01
simooo889: posts big blind $0.02
*** HOLE CARDS ***
Dealt to Lorpugo [5s Ts]
Lorpugo: folds 
victorfbpa: calls $0.02
Mescalito558: calls $0.02
LolaGold: raises $0.08 to $0.10
simooo889: folds 
victorfbpa: calls $0.08
Mescalito558: folds 
*** FLOP *** [5c 8d Ah]
LolaGold: checks 
victorfbpa: bets $0.12
LolaGold: folds 
Uncalled bet ($0.12) returned to victorfbpa
victorfbpa collected $0.23 from pot
*** SUMMARY ***
Total pot $0.24 | Rake $0.01 
Board [5c 8d Ah]
Seat 1: Mescalito558 (button) folded before Flop
Seat 3: LolaGold (small blind) folded on the Flop
Seat 4: simooo889 (big blind) folded before Flop
Seat 5: Lorpugo folded before Flop (didn't bet)
Seat 6: victorfbpa collected ($0.23)



PokerStars Hand #239424717457:  Hold'em No Limit ($0.01/$0.02 USD) - 2022/10/24 12:00:26 ET
Table 'Rana III' 6-max Seat #3 is the button
Seat 1: Mescalito558 ($2.18 in chips) 
Seat 3: LolaGold ($2.03 in chips) 
Seat 4: simooo889 ($1.46 in chips) 
Seat 5: Lorpugo ($2 in chips) 
Seat 6: victorfbpa ($1.84 in chips) 
simooo889: posts small blind $0.01
Lorpugo: posts big blind $0.02
*** HOLE CARDS ***
Dealt to Lorpugo [2s Kh]
victorfbpa: folds 
Mescalito558: folds 
LolaGold: folds 
simooo889: raises $0.02 to $0.04
Lorpugo: calls $0.02
*** FLOP *** [2h 9s 5d]
simooo889: bets $0.04
Lorpugo: calls $0.04
*** TURN *** [2h 9s 5d] [Qc]
simooo889: bets $0.15
Lorpugo: folds 
Uncalled bet ($0.15) returned to simooo889
simooo889 collected $0.15 from pot
simooo889: doesn't show hand 
*** SUMMARY ***
Total pot $0.16 | Rake $0.01 
Board [2h 9s 5d Qc]
Seat 1: Mescalito558 folded before Flop (didn't bet)
Seat 3: LolaGold (button) folded before Flop (didn't bet)
Seat 4: simooo889 (small blind) collected ($0.15)
Seat 5: Lorpugo (big blind) folded on the Turn
Seat 6: victorfbpa folded before Flop (didn't bet)



PokerStars Hand #239424727381:  Hold'em No Limit ($0.01/$0.02 USD) - 2022/10/24 12:01:03 ET
Table 'Rana III' 6-max Seat #4 is the button
Seat 1: Mescalito558 ($2.18 in chips) 
Seat 3: LolaGold ($2.03 in chips) 
Seat 4: simooo889 ($1.53 in chips) 
Seat 5: Lorpugo ($1.92 in chips) 
Seat 6: victorfbpa ($1.84 in chips) 
Lorpugo: posts small blind $0.01
victorfbpa: posts big blind $0.02
*** HOLE CARDS ***
Dealt to Lorpugo [2h 5c]
Mescalito558: folds 
LolaGold: folds 
simooo889: folds 
Lorpugo: folds 
Uncalled bet ($0.01) returned to victorfbpa
victorfbpa collected $0.02 from pot
*** SUMMARY ***
Total pot $0.02 | Rake $0 
Seat 1: Mescalito558 folded before Flop (didn't bet)
Seat 3: LolaGold folded before Flop (didn't bet)
Seat 4: simooo889 (button) folded before Flop (didn't bet)
Seat 5: Lorpugo (small blind) folded before Flop
Seat 6: victorfbpa (big blind) collected ($0.02)



PokerStars Hand #239424730649:  Hold'em No Limit ($0.01/$0.02 USD) - 2022/10/24 12:01:15 ET
Table 'Rana III' 6-max Seat #5 is the button
Seat 1: Mescalito558 ($2.18 in chips) 
Seat 3: LolaGold ($2.03 in chips) 
Seat 4: simooo889 ($1.53 in chips) 
Seat 5: Lorpugo ($1.91 in chips) 
Seat 6: victorfbpa ($1.85 in chips) 
victorfbpa: posts small blind $0.01
Mescalito558: posts big blind $0.02
*** HOLE CARDS ***
Dealt to Lorpugo [8d 7h]
LolaGold: folds 
simooo889: folds 
Lorpugo: raises $0.04 to $0.06
victorfbpa: calls $0.05
Mescalito558: calls $0.04
*** FLOP *** [8s Jh 4s]
victorfbpa: checks 
Mescalito558: checks 
Lorpugo: bets $0.06
victorfbpa: calls $0.06
Mescalito558: folds 
*** TURN *** [8s Jh 4s] [2s]
victorfbpa: checks 
Lorpugo: checks 
*** RIVER *** [8s Jh 4s 2s] [Th]
victorfbpa: checks 
Lorpugo: checks 
*** SHOW DOWN ***
victorfbpa: shows [8c Ad] (a pair of Eights)
Lorpugo: mucks hand 
victorfbpa collected $0.29 from pot
*** SUMMARY ***
Total pot $0.30 | Rake $0.01 
Board [8s Jh 4s 2s Th]
Seat 1: Mescalito558 (big blind) folded on the Flop
Seat 3: LolaGold folded before Flop (didn't bet)
Seat 4: simooo889 folded before Flop (didn't bet)
Seat 5: Lorpugo (button) mucked [8d 7h]
Seat 6: victorfbpa (small blind) showed [8c Ad] and won ($0.29) with a pair of Eights



PokerStars Hand #239424742341:  Hold'em No Limit ($0.01/$0.02 USD) - 2022/10/24 12:01:56 ET
Table 'Rana III' 6-max Seat #6 is the button
Seat 1: Mescalito558 ($2.12 in chips) 
Seat 3: LolaGold ($2.03 in chips) 
Seat 4: simooo889 ($1.53 in chips) 
Seat 5: Lorpugo ($1.79 in chips) 
Seat 6: victorfbpa ($2.02 in chips) 
Mescalito558: posts small blind $0.01
LolaGold: posts big blind $0.02
*** HOLE CARDS ***
Dealt to Lorpugo [6h Th]
simooo889: raises $0.02 to $0.04
Lorpugo: folds 
victorfbpa: calls $0.04
Mescalito558: folds 
LolaGold: calls $0.02
*** FLOP *** [4c 8c Kd]
LolaGold: bets $0.07
simooo889: calls $0.07
victorfbpa: folds 
*** TURN *** [4c 8c Kd] [Js]
LolaGold: bets $0.20
simooo889: calls $0.20
*** RIVER *** [4c 8c Kd Js] [Ts]
LolaGold: checks 
simooo889: bets $0.32
LolaGold: folds 
Uncalled bet ($0.32) returned to simooo889
simooo889 collected $0.65 from pot
simooo889: doesn't show hand 
*** SUMMARY ***
Total pot $0.67 | Rake $0.02 
Board [4c 8c Kd Js Ts]
Seat 1: Mescalito558 (small blind) folded before Flop
Seat 3: LolaGold (big blind) folded on the River
Seat 4: simooo889 collected ($0.65)
Seat 5: Lorpugo folded before Flop (didn't bet)
Seat 6: victorfbpa (button) folded on the Flop



PokerStars Hand #239424754895:  Hold'em No Limit ($0.01/$0.02 USD) - 2022/10/24 12:02:39 ET
Table 'Rana III' 6-max Seat #1 is the button
Seat 1: Mescalito558 ($2.11 in chips) 
Seat 3: LolaGold ($2 in chips) 
Seat 4: simooo889 ($1.87 in chips) 
Seat 5: Lorpugo ($1.79 in chips) 
Seat 6: victorfbpa ($1.98 in chips) 
LolaGold: posts small blind $0.01
simooo889: posts big blind $0.02
*** HOLE CARDS ***
Dealt to Lorpugo [Qc 3c]
Lorpugo: folds 
victorfbpa: folds 
Mescalito558: raises $0.02 to $0.04
LolaGold: folds 
simooo889: calls $0.02
*** FLOP *** [7c Ks Jd]
simooo889: checks 
Mescalito558: bets $0.02
simooo889: calls $0.02
*** TURN *** [7c Ks Jd] [5s]
simooo889: bets $0.06
Mescalito558: raises $0.06 to $0.12
simooo889: calls $0.06
*** RIVER *** [7c Ks Jd 5s] [Ad]
simooo889: bets $0.18
Mescalito558: raises $0.40 to $0.58
simooo889: folds 
Uncalled bet ($0.40) returned to Mescalito558
Mescalito558 collected $0.69 from pot
Mescalito558: doesn't show hand 
*** SUMMARY ***
Total pot $0.73 | Rake $0.04 
Board [7c Ks Jd 5s Ad]
Seat 1: Mescalito558 (button) collected ($0.69)
Seat 3: LolaGold (small blind) folded before Flop
Seat 4: simooo889 (big blind) folded on the River
Seat 5: Lorpugo folded before Flop (didn't bet)
Seat 6: victorfbpa folded before Flop (didn't bet)



PokerStars Hand #239424769856:  Hold'em No Limit ($0.01/$0.02 USD) - 2022/10/24 12:03:30 ET
Table 'Rana III' 6-max Seat #3 is the button
Seat 1: Mescalito558 ($2.44 in chips) 
Seat 3: LolaGold ($2 in chips) 
Seat 4: simooo889 ($1.51 in chips) 
Seat 5: Lorpugo ($1.79 in chips) 
Seat 6: victorfbpa ($1.98 in chips) 
simooo889: posts small blind $0.01
Lorpugo: posts big blind $0.02
*** HOLE CARDS ***
Dealt to Lorpugo [8s Ah]
victorfbpa: calls $0.02
Mescalito558: folds 
LolaGold: folds 
simooo889: folds 
Lorpugo: checks 
*** FLOP *** [5c As Td]
Lorpugo: checks 
victorfbpa: bets $0.05
Lorpugo: calls $0.05
*** TURN *** [5c As Td] [Tc]
Lorpugo: checks 
victorfbpa: bets $0.07
Lorpugo: calls $0.07
*** RIVER *** [5c As Td Tc] [7c]
Lorpugo: checks 
victorfbpa: bets $0.28
Lorpugo: folds 
Uncalled bet ($0.28) returned to victorfbpa
victorfbpa collected $0.28 from pot
*** SUMMARY ***
Total pot $0.29 | Rake $0.01 
Board [5c As Td Tc 7c]
Seat 1: Mescalito558 folded before Flop (didn't bet)
Seat 3: LolaGold (button) folded before Flop (didn't bet)
Seat 4: simooo889 (small blind) folded before Flop
Seat 5: Lorpugo (big blind) folded on the River
Seat 6: victorfbpa collected ($0.28)



PokerStars Hand #239424789858:  Hold'em No Limit ($0.01/$0.02 USD) - 2022/10/24 12:04:38 ET
Table 'Rana III' 6-max Seat #4 is the button
Seat 1: Mescalito558 ($2.44 in chips) 
Seat 3: LolaGold ($2 in chips) 
Seat 4: simooo889 ($1.50 in chips) 
Seat 5: Lorpugo ($1.65 in chips) 
Seat 6: victorfbpa ($2.12 in chips) 
Lorpugo: posts small blind $0.01
victorfbpa: posts big blind $0.02
*** HOLE CARDS ***
Dealt to Lorpugo [3c 2s]
Mescalito558: folds 
LolaGold: folds 
simooo889: folds 
Lorpugo: folds 
Uncalled bet ($0.01) returned to victorfbpa
victorfbpa collected $0.02 from pot
*** SUMMARY ***
Total pot $0.02 | Rake $0 
Seat 1: Mescalito558 folded before Flop (didn't bet)
Seat 3: LolaGold folded before Flop (didn't bet)
Seat 4: simooo889 (button) folded before Flop (didn't bet)
Seat 5: Lorpugo (small blind) folded before Flop
Seat 6: victorfbpa (big blind) collected ($0.02)



PokerStars Hand #239424793659:  Hold'em No Limit ($0.01/$0.02 USD) - 2022/10/24 12:04:50 ET
Table 'Rana III' 6-max Seat #5 is the button
Seat 1: Mescalito558 ($2.44 in chips) 
Seat 3: LolaGold ($2 in chips) 
Seat 4: simooo889 ($1.50 in chips) 
Seat 5: Lorpugo ($1.64 in chips) 
Seat 6: victorfbpa ($2.13 in chips) 
victorfbpa: posts small blind $0.01
Mescalito558: posts big blind $0.02
*** HOLE CARDS ***
Dealt to Lorpugo [Qc 2s]
LolaGold: raises $0.02 to $0.04
simooo889: folds 
Lorpugo: folds 
victorfbpa: calls $0.03
Mescalito558: calls $0.02
*** FLOP *** [Ts 9h Kd]
victorfbpa: checks 
Mescalito558: bets $0.06
LolaGold: calls $0.06
victorfbpa: calls $0.06
*** TURN *** [Ts 9h Kd] [8c]
victorfbpa: checks 
Mescalito558: bets $0.08
LolaGold: calls $0.08
victorfbpa: raises $0.53 to $0.61
Mescalito558: folds 
LolaGold: folds 
Uncalled bet ($0.53) returned to victorfbpa
victorfbpa collected $0.52 from pot
*** SUMMARY ***
Total pot $0.54 | Rake $0.02 
Board [Ts 9h Kd 8c]
Seat 1: Mescalito558 (big blind) folded on the Turn
Seat 3: LolaGold folded on the Turn
Seat 4: simooo889 folded before Flop (didn't bet)
Seat 5: Lorpugo (button) folded before Flop (didn't bet)
Seat 6: victorfbpa (small blind) collected ($0.52)



