PokerStars Hand #239470936657:  Hold'em No Limit ($0.01/$0.02 USD) - 2022/10/26 16:40:35 ET
Table 'Pisces III' 6-max Seat #4 is the button
Seat 4: mu1station ($1.51 in chips) 
Seat 6: Lorpugo ($1.60 in chips) 
mu1station: posts small blind $0.01
Lorpugo: posts big blind $0.02
*** HOLE CARDS ***
Dealt to Lorpugo [5s 6d]
Bul1manteri leaves the table
mu1station: calls $0.01
Vollheiko2 leaves the table
Lorpugo: checks 
*** FLOP *** [3d 3c Qs]
Lorpugo: checks 
mu1station: checks 
*** TURN *** [3d 3c Qs] [9c]
Lorpugo: checks 
mu1station: bets $0.02
tzintzun23 joins the table at seat #2 
Lorpugo: folds 
Uncalled bet ($0.02) returned to mu1station
mu1station collected $0.04 from pot
mu1station: doesn't show hand 
*** SUMMARY ***
Total pot $0.04 | Rake $0 
Board [3d 3c Qs 9c]
Seat 4: mu1station (button) (small blind) collected ($0.04)
Seat 6: Lorpugo (big blind) folded on the Turn



PokerStars Hand #239470948280:  Hold'em No Limit ($0.01/$0.02 USD) - 2022/10/26 16:41:06 ET
Table 'Pisces III' 6-max Seat #4 is the button
Seat 2: tzintzun23 ($2 in chips) 
Seat 4: mu1station ($1.53 in chips) 
Seat 6: Lorpugo ($1.60 in chips) 
Lorpugo: posts small blind $0.01
tzintzun23: posts big blind $0.02
*** HOLE CARDS ***
Dealt to Lorpugo [Qs Qd]
mu1station: calls $0.02
Lorpugo: calls $0.01
tzintzun23: checks 
*** FLOP *** [As Jh Tc]
Lorpugo: checks 
tzintzun23: checks 
mu1station: checks 
*** TURN *** [As Jh Tc] [Jd]
Lorpugo: checks 
tzintzun23: checks 
mu1station: checks 
*** RIVER *** [As Jh Tc Jd] [Ah]
Diones72 joins the table at seat #3 
Lorpugo: bets $0.12
tzintzun23: folds 
mu1station: folds 
Uncalled bet ($0.12) returned to Lorpugo
Lorpugo collected $0.06 from pot
Lorpugo: doesn't show hand 
*** SUMMARY ***
Total pot $0.06 | Rake $0 
Board [As Jh Tc Jd Ah]
Seat 2: tzintzun23 (big blind) folded on the River
Seat 4: mu1station (button) folded on the River
Seat 6: Lorpugo (small blind) collected ($0.06)



PokerStars Hand #239470962448:  Hold'em No Limit ($0.01/$0.02 USD) - 2022/10/26 16:41:44 ET
Table 'Pisces III' 6-max Seat #6 is the button
Seat 2: tzintzun23 ($2 in chips) 
Seat 3: Diones72 ($1.60 in chips) 
Seat 4: mu1station ($1.51 in chips) 
Seat 6: Lorpugo ($1.64 in chips) 
tzintzun23: posts small blind $0.01
Diones72: posts big blind $0.02
*** HOLE CARDS ***
Dealt to Lorpugo [6s 8c]
mu1station: folds 
Lorpugo: raises $0.04 to $0.06
tzintzun23: folds 
Diones72: calls $0.04
*** FLOP *** [7s Ks 4d]
Diones72: bets $0.02
Lorpugo: raises $0.02 to $0.04
Diones72: calls $0.02
*** TURN *** [7s Ks 4d] [7d]
Diones72: bets $0.02
Lorpugo: calls $0.02
*** RIVER *** [7s Ks 4d 7d] [As]
Diones72: bets $0.02
Lorpugo: calls $0.02
*** SHOW DOWN ***
Diones72: shows [9h 7h] (three of a kind, Sevens)
Lorpugo: mucks hand 
Diones72 collected $0.28 from pot
*** SUMMARY ***
Total pot $0.29 | Rake $0.01 
Board [7s Ks 4d 7d As]
Seat 2: tzintzun23 (small blind) folded before Flop
Seat 3: Diones72 (big blind) showed [9h 7h] and won ($0.28) with three of a kind, Sevens
Seat 4: mu1station folded before Flop (didn't bet)
Seat 6: Lorpugo (button) mucked [6s 8c]



PokerStars Hand #239470980263:  Hold'em No Limit ($0.01/$0.02 USD) - 2022/10/26 16:42:32 ET
Table 'Pisces III' 6-max Seat #2 is the button
Seat 2: tzintzun23 ($2 in chips) 
Seat 3: Diones72 ($1.74 in chips) 
Seat 4: mu1station ($1.51 in chips) 
Seat 6: Lorpugo ($1.60 in chips) 
Diones72: posts small blind $0.01
mu1station: posts big blind $0.02
*** HOLE CARDS ***
Dealt to Lorpugo [Qs 6s]
Lorpugo: raises $0.04 to $0.06
tzintzun23: folds 
Diones72: folds 
mu1station: folds 
Uncalled bet ($0.04) returned to Lorpugo
Lorpugo collected $0.05 from pot
Lorpugo: doesn't show hand 
*** SUMMARY ***
Total pot $0.05 | Rake $0 
Seat 2: tzintzun23 (button) folded before Flop (didn't bet)
Seat 3: Diones72 (small blind) folded before Flop
Seat 4: mu1station (big blind) folded before Flop
Seat 6: Lorpugo collected ($0.05)



PokerStars Hand #239470984956:  Hold'em No Limit ($0.01/$0.02 USD) - 2022/10/26 16:42:45 ET
Table 'Pisces III' 6-max Seat #3 is the button
Seat 2: tzintzun23 ($2 in chips) 
Seat 3: Diones72 ($1.73 in chips) 
Seat 4: mu1station ($1.49 in chips) 
Seat 6: Lorpugo ($1.63 in chips) 
mu1station: posts small blind $0.01
Lorpugo: posts big blind $0.02
*** HOLE CARDS ***
Dealt to Lorpugo [Qh 8s]
tzintzun23: folds 
Diones72: calls $0.02
mu1station: calls $0.01
Lorpugo: checks 
*** FLOP *** [3d 9c Js]
mu1station: checks 
Lorpugo: checks 
Diones72: checks 
*** TURN *** [3d 9c Js] [Ad]
mu1station: bets $0.02
Lorpugo: folds 
Diones72: calls $0.02
*** RIVER *** [3d 9c Js Ad] [2c]
mu1station: checks 
Diones72: checks 
*** SHOW DOWN ***
mu1station: shows [4s Kd] (high card Ace)
Diones72: shows [As 6s] (a pair of Aces)
Diones72 collected $0.10 from pot
NCooler188 joins the table at seat #5 
*** SUMMARY ***
Total pot $0.10 | Rake $0 
Board [3d 9c Js Ad 2c]
Seat 2: tzintzun23 folded before Flop (didn't bet)
Seat 3: Diones72 (button) showed [As 6s] and won ($0.10) with a pair of Aces
Seat 4: mu1station (small blind) showed [4s Kd] and lost with high card Ace
Seat 6: Lorpugo (big blind) folded on the Turn



PokerStars Hand #239471000599:  Hold'em No Limit ($0.01/$0.02 USD) - 2022/10/26 16:43:27 ET
Table 'Pisces III' 6-max Seat #4 is the button
Seat 2: tzintzun23 ($2 in chips) 
Seat 3: Diones72 ($1.79 in chips) 
Seat 4: mu1station ($1.45 in chips) 
Seat 6: Lorpugo ($1.61 in chips) 
Lorpugo: posts small blind $0.01
tzintzun23: posts big blind $0.02
*** HOLE CARDS ***
Dealt to Lorpugo [7s 2c]
Diones72: folds 
mu1station: calls $0.02
Lorpugo: folds 
tzintzun23: checks 
*** FLOP *** [4h 3h As]
tzintzun23: checks 
mu1station: checks 
*** TURN *** [4h 3h As] [9c]
tzintzun23: checks 
mu1station: bets $0.02
tzintzun23: calls $0.02
*** RIVER *** [4h 3h As 9c] [Td]
tzintzun23: checks 
redwhitepl joins the table at seat #1 
mu1station: bets $0.06
tzintzun23: folds 
Uncalled bet ($0.06) returned to mu1station
mu1station collected $0.09 from pot
mu1station: doesn't show hand 
*** SUMMARY ***
Total pot $0.09 | Rake $0 
Board [4h 3h As 9c Td]
Seat 2: tzintzun23 (big blind) folded on the River
Seat 3: Diones72 folded before Flop (didn't bet)
Seat 4: mu1station (button) collected ($0.09)
Seat 6: Lorpugo (small blind) folded before Flop



PokerStars Hand #239471013996:  Hold'em No Limit ($0.01/$0.02 USD) - 2022/10/26 16:44:03 ET
Table 'Pisces III' 6-max Seat #6 is the button
Seat 2: tzintzun23 ($2 in chips) 
Seat 3: Diones72 ($1.79 in chips) 
Seat 4: mu1station ($1.50 in chips) 
Seat 6: Lorpugo ($1.60 in chips) 
tzintzun23: posts small blind $0.01
Diones72: posts big blind $0.02
NCooler188: sits out 
*** HOLE CARDS ***
Dealt to Lorpugo [3c 7c]
mu1station: calls $0.02
Lorpugo: folds 
tzintzun23: folds 
Diones72: checks 
*** FLOP *** [2c 5s Th]
Diones72: checks 
mu1station: bets $0.02
Diones72: calls $0.02
*** TURN *** [2c 5s Th] [2h]
Diones72: checks 
mu1station: bets $0.02
Diones72: calls $0.02
*** RIVER *** [2c 5s Th 2h] [Ah]
Diones72: bets $0.02
mu1station: calls $0.02
*** SHOW DOWN ***
Diones72: shows [As Jd] (two pair, Aces and Deuces)
mu1station: mucks hand 
Diones72 collected $0.16 from pot
*** SUMMARY ***
Total pot $0.17 | Rake $0.01 
Board [2c 5s Th 2h Ah]
Seat 2: tzintzun23 (small blind) folded before Flop
Seat 3: Diones72 (big blind) showed [As Jd] and won ($0.16) with two pair, Aces and Deuces
Seat 4: mu1station mucked [Js Tc]
Seat 6: Lorpugo (button) folded before Flop (didn't bet)



PokerStars Hand #239471029740:  Hold'em No Limit ($0.01/$0.02 USD) - 2022/10/26 16:44:45 ET
Table 'Pisces III' 6-max Seat #2 is the button
Seat 2: tzintzun23 ($2 in chips) 
Seat 3: Diones72 ($1.87 in chips) 
Seat 4: mu1station ($1.42 in chips) 
Seat 6: Lorpugo ($1.60 in chips) 
Diones72: posts small blind $0.01
mu1station: posts big blind $0.02
NCooler188: sits out 
redwhitepl: sits out 
*** HOLE CARDS ***
Dealt to Lorpugo [Qc 9s]
Lorpugo: raises $0.04 to $0.06
tzintzun23: folds 
Diones72: calls $0.05
mu1station: calls $0.04
*** FLOP *** [5d 3h 7s]
Diones72: checks 
mu1station: checks 
Lorpugo: bets $0.06
Diones72: calls $0.06
mu1station: folds 
*** TURN *** [5d 3h 7s] [Kd]
Diones72: bets $0.02
Lorpugo: folds 
Uncalled bet ($0.02) returned to Diones72
Diones72 collected $0.29 from pot
Diones72: doesn't show hand 
*** SUMMARY ***
Total pot $0.30 | Rake $0.01 
Board [5d 3h 7s Kd]
Seat 2: tzintzun23 (button) folded before Flop (didn't bet)
Seat 3: Diones72 (small blind) collected ($0.29)
Seat 4: mu1station (big blind) folded on the Flop
Seat 6: Lorpugo folded on the Turn



PokerStars Hand #239471046197:  Hold'em No Limit ($0.01/$0.02 USD) - 2022/10/26 16:45:30 ET
Table 'Pisces III' 6-max Seat #3 is the button
Seat 2: tzintzun23 ($2 in chips) 
Seat 3: Diones72 ($2.04 in chips) 
Seat 4: mu1station ($1.36 in chips) 
Seat 5: NCooler188 ($2 in chips) 
Seat 6: Lorpugo ($1.60 in chips) 
mu1station: posts small blind $0.01
NCooler188: posts big blind $0.02
redwhitepl: sits out 
*** HOLE CARDS ***
Dealt to Lorpugo [Qc 5s]
Lorpugo: folds 
tzintzun23: folds 
Diones72: calls $0.02
mu1station: folds 
NCooler188: checks 
*** FLOP *** [4h Ks Kd]
NCooler188: checks 
Diones72: bets $0.02
NCooler188: folds 
Uncalled bet ($0.02) returned to Diones72
Diones72 collected $0.05 from pot
Diones72: doesn't show hand 
*** SUMMARY ***
Total pot $0.05 | Rake $0 
Board [4h Ks Kd]
Seat 2: tzintzun23 folded before Flop (didn't bet)
Seat 3: Diones72 (button) collected ($0.05)
Seat 4: mu1station (small blind) folded before Flop
Seat 5: NCooler188 (big blind) folded on the Flop
Seat 6: Lorpugo folded before Flop (didn't bet)



PokerStars Hand #239471061596:  Hold'em No Limit ($0.01/$0.02 USD) - 2022/10/26 16:46:11 ET
Table 'Pisces III' 6-max Seat #4 is the button
Seat 2: tzintzun23 ($2 in chips) 
Seat 3: Diones72 ($2.07 in chips) 
Seat 4: mu1station ($1.35 in chips) 
Seat 5: NCooler188 ($2 in chips) 
Seat 6: Lorpugo ($1.60 in chips) 
NCooler188: posts small blind $0.01
Lorpugo: posts big blind $0.02
redwhitepl: sits out 
*** HOLE CARDS ***
Dealt to Lorpugo [8c Kd]
tzintzun23: folds 
Diones72: calls $0.02
mu1station: folds 
NCooler188: folds 
Lorpugo: checks 
*** FLOP *** [2d 2s 3c]
Lorpugo: checks 
Diones72: checks 
*** TURN *** [2d 2s 3c] [Ac]
Lorpugo: checks 
Diones72: checks 
*** RIVER *** [2d 2s 3c Ac] [3d]
Lorpugo: checks 
Diones72: checks 
*** SHOW DOWN ***
Lorpugo: shows [8c Kd] (two pair, Threes and Deuces)
Diones72: shows [Jc Ts] (two pair, Threes and Deuces)
Lorpugo collected $0.03 from pot
Diones72 collected $0.02 from pot
*** SUMMARY ***
Total pot $0.05 | Rake $0 
Board [2d 2s 3c Ac 3d]
Seat 2: tzintzun23 folded before Flop (didn't bet)
Seat 3: Diones72 showed [Jc Ts] and won ($0.02) with two pair, Threes and Deuces
Seat 4: mu1station (button) folded before Flop (didn't bet)
Seat 5: NCooler188 (small blind) folded before Flop
Seat 6: Lorpugo (big blind) showed [8c Kd] and won ($0.03) with two pair, Threes and Deuces



PokerStars Hand #239471074631:  Hold'em No Limit ($0.01/$0.02 USD) - 2022/10/26 16:46:46 ET
Table 'Pisces III' 6-max Seat #5 is the button
Seat 1: redwhitepl ($2 in chips) 
Seat 2: tzintzun23 ($2 in chips) 
Seat 3: Diones72 ($2.07 in chips) 
Seat 4: mu1station ($1.35 in chips) 
Seat 5: NCooler188 ($2 in chips) 
Seat 6: Lorpugo ($1.61 in chips) 
Lorpugo: posts small blind $0.01
redwhitepl: posts big blind $0.02
*** HOLE CARDS ***
Dealt to Lorpugo [Ts 2d]
tzintzun23: folds 
Diones72: folds 
mu1station: folds 
NCooler188: folds 
Lorpugo: folds 
Uncalled bet ($0.01) returned to redwhitepl
redwhitepl collected $0.02 from pot
redwhitepl: doesn't show hand 
*** SUMMARY ***
Total pot $0.02 | Rake $0 
Seat 1: redwhitepl (big blind) collected ($0.02)
Seat 2: tzintzun23 folded before Flop (didn't bet)
Seat 3: Diones72 folded before Flop (didn't bet)
Seat 4: mu1station folded before Flop (didn't bet)
Seat 5: NCooler188 (button) folded before Flop (didn't bet)
Seat 6: Lorpugo (small blind) folded before Flop



PokerStars Hand #239471086812:  Hold'em No Limit ($0.01/$0.02 USD) - 2022/10/26 16:47:18 ET
Table 'Pisces III' 6-max Seat #6 is the button
Seat 1: redwhitepl ($2.01 in chips) 
Seat 2: tzintzun23 ($2 in chips) 
Seat 3: Diones72 ($2.07 in chips) 
Seat 4: mu1station ($1.35 in chips) 
Seat 5: NCooler188 ($2 in chips) 
Seat 6: Lorpugo ($1.60 in chips) 
redwhitepl: posts small blind $0.01
tzintzun23: posts big blind $0.02
*** HOLE CARDS ***
Dealt to Lorpugo [4c 2s]
Diones72: calls $0.02
mu1station: folds 
NCooler188: raises $0.06 to $0.08
Lorpugo: folds 
redwhitepl: folds 
tzintzun23: folds 
Diones72: calls $0.06
*** FLOP *** [5d 9c Jh]
Diones72: checks 
NCooler188: bets $0.06
Diones72: calls $0.06
*** TURN *** [5d 9c Jh] [2d]
Diones72: checks 
NCooler188: bets $0.20
Diones72: folds 
Uncalled bet ($0.20) returned to NCooler188
NCooler188 collected $0.30 from pot
NCooler188: doesn't show hand 
*** SUMMARY ***
Total pot $0.31 | Rake $0.01 
Board [5d 9c Jh 2d]
Seat 1: redwhitepl (small blind) folded before Flop
Seat 2: tzintzun23 (big blind) folded before Flop
Seat 3: Diones72 folded on the Turn
Seat 4: mu1station folded before Flop (didn't bet)
Seat 5: NCooler188 collected ($0.30)
Seat 6: Lorpugo (button) folded before Flop (didn't bet)



PokerStars Hand #239471116819:  Hold'em No Limit ($0.01/$0.02 USD) - 2022/10/26 16:48:39 ET
Table 'Pisces III' 6-max Seat #1 is the button
Seat 1: redwhitepl ($2 in chips) 
Seat 2: tzintzun23 ($2 in chips) 
Seat 3: Diones72 ($1.93 in chips) 
Seat 4: mu1station ($1.35 in chips) 
Seat 5: NCooler188 ($2.16 in chips) 
Seat 6: Lorpugo ($1.60 in chips) 
tzintzun23: posts small blind $0.01
Diones72: posts big blind $0.02
*** HOLE CARDS ***
Dealt to Lorpugo [9h Kc]
mu1station: folds 
NCooler188: folds 
Lorpugo: raises $0.04 to $0.06
redwhitepl: folds 
tzintzun23: folds 
Diones72: calls $0.04
*** FLOP *** [6d Jd 8s]
Diones72: bets $0.02
Lorpugo: folds 
Uncalled bet ($0.02) returned to Diones72
Diones72 collected $0.13 from pot
Diones72: doesn't show hand 
*** SUMMARY ***
Total pot $0.13 | Rake $0 
Board [6d Jd 8s]
Seat 1: redwhitepl (button) folded before Flop (didn't bet)
Seat 2: tzintzun23 (small blind) folded before Flop
Seat 3: Diones72 (big blind) collected ($0.13)
Seat 4: mu1station folded before Flop (didn't bet)
Seat 5: NCooler188 folded before Flop (didn't bet)
Seat 6: Lorpugo folded on the Flop



PokerStars Hand #239471135990:  Hold'em No Limit ($0.01/$0.02 USD) - 2022/10/26 16:49:32 ET
Table 'Pisces III' 6-max Seat #2 is the button
Seat 1: redwhitepl ($2 in chips) 
Seat 2: tzintzun23 ($2 in chips) 
Seat 3: Diones72 ($2 in chips) 
Seat 4: mu1station ($1.35 in chips) 
Seat 5: NCooler188 ($2.16 in chips) 
Seat 6: Lorpugo ($1.60 in chips) 
Diones72: posts small blind $0.01
mu1station: posts big blind $0.02
*** HOLE CARDS ***
Dealt to Lorpugo [7s 7c]
NCooler188: folds 
Lorpugo: raises $0.04 to $0.06
redwhitepl: raises $0.06 to $0.12
tzintzun23: folds 
Diones72: folds 
mu1station: folds 
Lorpugo: calls $0.06
*** FLOP *** [Ac Qd As]
Lorpugo: checks 
redwhitepl: bets $0.14
Lorpugo: calls $0.14
*** TURN *** [Ac Qd As] [Kc]
Lorpugo: checks 
redwhitepl: bets $0.28
Lorpugo: folds 
Uncalled bet ($0.28) returned to redwhitepl
redwhitepl collected $0.53 from pot
redwhitepl: doesn't show hand 
*** SUMMARY ***
Total pot $0.55 | Rake $0.02 
Board [Ac Qd As Kc]
Seat 1: redwhitepl collected ($0.53)
Seat 2: tzintzun23 (button) folded before Flop (didn't bet)
Seat 3: Diones72 (small blind) folded before Flop
Seat 4: mu1station (big blind) folded before Flop
Seat 5: NCooler188 folded before Flop (didn't bet)
Seat 6: Lorpugo folded on the Turn



PokerStars Hand #239471164119:  Hold'em No Limit ($0.01/$0.02 USD) - 2022/10/26 16:50:48 ET
Table 'Pisces III' 6-max Seat #3 is the button
Seat 1: redwhitepl ($2.27 in chips) 
Seat 2: tzintzun23 ($2 in chips) 
Seat 3: Diones72 ($1.99 in chips) 
Seat 4: mu1station ($1.33 in chips) 
Seat 5: NCooler188 ($2.16 in chips) 
Seat 6: Lorpugo ($1.60 in chips) 
mu1station: posts small blind $0.01
NCooler188: posts big blind $0.02
*** HOLE CARDS ***
Dealt to Lorpugo [Ad 5s]
Lorpugo: folds 
redwhitepl: folds 
tzintzun23: folds 
Diones72: calls $0.02
mu1station: calls $0.01
NCooler188: checks 
*** FLOP *** [2d 4d Qs]
mu1station: checks 
NCooler188: checks 
Diones72: bets $0.04
mu1station: folds 
NCooler188: folds 
Uncalled bet ($0.04) returned to Diones72
Diones72 collected $0.06 from pot
Diones72: doesn't show hand 
*** SUMMARY ***
Total pot $0.06 | Rake $0 
Board [2d 4d Qs]
Seat 1: redwhitepl folded before Flop (didn't bet)
Seat 2: tzintzun23 folded before Flop (didn't bet)
Seat 3: Diones72 (button) collected ($0.06)
Seat 4: mu1station (small blind) folded on the Flop
Seat 5: NCooler188 (big blind) folded on the Flop
Seat 6: Lorpugo folded before Flop (didn't bet)



PokerStars Hand #239471180157:  Hold'em No Limit ($0.01/$0.02 USD) - 2022/10/26 16:51:32 ET
Table 'Pisces III' 6-max Seat #4 is the button
Seat 1: redwhitepl ($2.27 in chips) 
Seat 2: tzintzun23 ($2 in chips) 
Seat 3: Diones72 ($2.03 in chips) 
Seat 4: mu1station ($1.31 in chips) 
Seat 5: NCooler188 ($2.14 in chips) 
Seat 6: Lorpugo ($1.60 in chips) 
NCooler188: posts small blind $0.01
Lorpugo: posts big blind $0.02
*** HOLE CARDS ***
Dealt to Lorpugo [7h 2c]
redwhitepl: raises $0.02 to $0.04
tzintzun23: folds 
Diones72: calls $0.04
mu1station: folds 
NCooler188: folds 
Lorpugo: folds 
*** FLOP *** [Ad 6h 3d]
redwhitepl: checks 
Diones72: bets $0.02
redwhitepl: folds 
Uncalled bet ($0.02) returned to Diones72
Diones72 collected $0.11 from pot
Diones72: doesn't show hand 
*** SUMMARY ***
Total pot $0.11 | Rake $0 
Board [Ad 6h 3d]
Seat 1: redwhitepl folded on the Flop
Seat 2: tzintzun23 folded before Flop (didn't bet)
Seat 3: Diones72 collected ($0.11)
Seat 4: mu1station (button) folded before Flop (didn't bet)
Seat 5: NCooler188 (small blind) folded before Flop
Seat 6: Lorpugo (big blind) folded before Flop



PokerStars Hand #239471200296:  Hold'em No Limit ($0.01/$0.02 USD) - 2022/10/26 16:52:28 ET
Table 'Pisces III' 6-max Seat #5 is the button
Seat 1: redwhitepl ($2.23 in chips) 
Seat 2: tzintzun23 ($2 in chips) 
Seat 3: Diones72 ($2.10 in chips) 
Seat 4: mu1station ($1.31 in chips) 
Seat 5: NCooler188 ($2.13 in chips) 
Seat 6: Lorpugo ($1.60 in chips) 
Lorpugo: posts small blind $0.01
redwhitepl: posts big blind $0.02
*** HOLE CARDS ***
Dealt to Lorpugo [Td 6h]
tzintzun23: folds 
Diones72: calls $0.02
mu1station: folds 
NCooler188: folds 
Lorpugo: calls $0.01
redwhitepl: checks 
*** FLOP *** [Qs 7d 2c]
Lorpugo: checks 
redwhitepl: bets $0.02
Diones72: calls $0.02
Lorpugo: folds 
*** TURN *** [Qs 7d 2c] [Th]
redwhitepl: bets $0.10
Diones72: folds 
Uncalled bet ($0.10) returned to redwhitepl
redwhitepl collected $0.10 from pot
redwhitepl: doesn't show hand 
*** SUMMARY ***
Total pot $0.10 | Rake $0 
Board [Qs 7d 2c Th]
Seat 1: redwhitepl (big blind) collected ($0.10)
Seat 2: tzintzun23 folded before Flop (didn't bet)
Seat 3: Diones72 folded on the Turn
Seat 4: mu1station folded before Flop (didn't bet)
Seat 5: NCooler188 (button) folded before Flop (didn't bet)
Seat 6: Lorpugo (small blind) folded on the Flop



PokerStars Hand #239471219494:  Hold'em No Limit ($0.01/$0.02 USD) - 2022/10/26 16:53:22 ET
Table 'Pisces III' 6-max Seat #6 is the button
Seat 1: redwhitepl ($2.29 in chips) 
Seat 2: tzintzun23 ($2 in chips) 
Seat 3: Diones72 ($2.06 in chips) 
Seat 4: mu1station ($1.31 in chips) 
Seat 5: NCooler188 ($2.13 in chips) 
Seat 6: Lorpugo ($1.60 in chips) 
redwhitepl: posts small blind $0.01
tzintzun23: posts big blind $0.02
*** HOLE CARDS ***
Dealt to Lorpugo [Qd Ks]
Diones72: folds 
mu1station: folds 
NCooler188: folds 
Diones72 leaves the table
Lorpugo: raises $0.04 to $0.06
redwhitepl: folds 
tzintzun23: folds 
Uncalled bet ($0.04) returned to Lorpugo
Lorpugo collected $0.05 from pot
Lorpugo: doesn't show hand 
*** SUMMARY ***
Total pot $0.05 | Rake $0 
Seat 1: redwhitepl (small blind) folded before Flop
Seat 2: tzintzun23 (big blind) folded before Flop
Seat 3: Diones72 folded before Flop (didn't bet)
Seat 4: mu1station folded before Flop (didn't bet)
Seat 5: NCooler188 folded before Flop (didn't bet)
Seat 6: Lorpugo (button) collected ($0.05)



PokerStars Hand #239471226802:  Hold'em No Limit ($0.01/$0.02 USD) - 2022/10/26 16:53:42 ET
Table 'Pisces III' 6-max Seat #1 is the button
Seat 1: redwhitepl ($2.28 in chips) 
Seat 2: tzintzun23 ($2 in chips) 
Seat 4: mu1station ($1.31 in chips) 
Seat 5: NCooler188 ($2.13 in chips) 
Seat 6: Lorpugo ($1.63 in chips) 
tzintzun23: posts small blind $0.01
mu1station: posts big blind $0.02
*** HOLE CARDS ***
Dealt to Lorpugo [8s 3c]
NCooler188: folds 
Lorpugo: folds 
redwhitepl: folds 
tzintzun23: raises $0.04 to $0.06
mu1station: folds 
Uncalled bet ($0.04) returned to tzintzun23
tzintzun23 collected $0.04 from pot
tzintzun23: doesn't show hand 
*** SUMMARY ***
Total pot $0.04 | Rake $0 
Seat 1: redwhitepl (button) folded before Flop (didn't bet)
Seat 2: tzintzun23 (small blind) collected ($0.04)
Seat 4: mu1station (big blind) folded before Flop
Seat 5: NCooler188 folded before Flop (didn't bet)
Seat 6: Lorpugo folded before Flop (didn't bet)



PokerStars Hand #239471232604:  Hold'em No Limit ($0.01/$0.02 USD) - 2022/10/26 16:53:58 ET
Table 'Pisces III' 6-max Seat #2 is the button
Seat 1: redwhitepl ($2.28 in chips) 
Seat 2: tzintzun23 ($2.02 in chips) 
Seat 4: mu1station ($1.29 in chips) 
Seat 6: Lorpugo ($1.63 in chips) 
mu1station: posts small blind $0.01
NCooler188: is sitting out 
Lorpugo: posts big blind $0.02
*** HOLE CARDS ***
Dealt to Lorpugo [4s 9s]
NCooler188 leaves the table
redwhitepl: raises $0.04 to $0.06
tzintzun23: folds 
mu1station: folds 
Lorpugo: folds 
Uncalled bet ($0.04) returned to redwhitepl
redwhitepl collected $0.05 from pot
redwhitepl: doesn't show hand 
*** SUMMARY ***
Total pot $0.05 | Rake $0 
Seat 1: redwhitepl collected ($0.05)
Seat 2: tzintzun23 (button) folded before Flop (didn't bet)
Seat 4: mu1station (small blind) folded before Flop
Seat 6: Lorpugo (big blind) folded before Flop



PokerStars Hand #239471238471:  Hold'em No Limit ($0.01/$0.02 USD) - 2022/10/26 16:54:15 ET
Table 'Pisces III' 6-max Seat #4 is the button
Seat 1: redwhitepl ($2.31 in chips) 
Seat 2: tzintzun23 ($2.02 in chips) 
Seat 4: mu1station ($1.28 in chips) 
Seat 6: Lorpugo ($1.61 in chips) 
Lorpugo: posts small blind $0.01
redwhitepl: posts big blind $0.02
*** HOLE CARDS ***
Dealt to Lorpugo [8c Jc]
tzintzun23: raises $0.04 to $0.06
mu1station: folds 
Lorpugo: folds 
redwhitepl: folds 
Uncalled bet ($0.04) returned to tzintzun23
tzintzun23 collected $0.05 from pot
tzintzun23: doesn't show hand 
*** SUMMARY ***
Total pot $0.05 | Rake $0 
Seat 1: redwhitepl (big blind) folded before Flop
Seat 2: tzintzun23 collected ($0.05)
Seat 4: mu1station (button) folded before Flop (didn't bet)
Seat 6: Lorpugo (small blind) folded before Flop



PokerStars Hand #239471244811:  Hold'em No Limit ($0.01/$0.02 USD) - 2022/10/26 16:54:32 ET
Table 'Pisces III' 6-max Seat #6 is the button
Seat 1: redwhitepl ($2.29 in chips) 
Seat 2: tzintzun23 ($2.05 in chips) 
Seat 4: mu1station ($1.28 in chips) 
Seat 6: Lorpugo ($1.60 in chips) 
redwhitepl: posts small blind $0.01
tzintzun23: posts big blind $0.02
*** HOLE CARDS ***
Dealt to Lorpugo [Ac Kd]
mu1station: folds 
Lorpugo: raises $0.04 to $0.06
redwhitepl: folds 
tzintzun23: folds 
Uncalled bet ($0.04) returned to Lorpugo
Lorpugo collected $0.05 from pot
Lorpugo: doesn't show hand 
*** SUMMARY ***
Total pot $0.05 | Rake $0 
Seat 1: redwhitepl (small blind) folded before Flop
Seat 2: tzintzun23 (big blind) folded before Flop
Seat 4: mu1station folded before Flop (didn't bet)
Seat 6: Lorpugo (button) collected ($0.05)



PokerStars Hand #239471250487:  Hold'em No Limit ($0.01/$0.02 USD) - 2022/10/26 16:54:47 ET
Table 'Pisces III' 6-max Seat #1 is the button
Seat 1: redwhitepl ($2.28 in chips) 
Seat 2: tzintzun23 ($2.03 in chips) 
Seat 4: mu1station ($1.28 in chips) 
Seat 6: Lorpugo ($1.63 in chips) 
tzintzun23: posts small blind $0.01
mu1station: posts big blind $0.02
*** HOLE CARDS ***
Dealt to Lorpugo [Ts Qh]
Lorpugo: raises $0.04 to $0.06
redwhitepl: folds 
tzintzun23: folds 
luzbel6662019 joins the table at seat #3 
mu1station: calls $0.04
*** FLOP *** [7c 3c 2c]
mu1station: bets $0.02
Lorpugo: folds 
Uncalled bet ($0.02) returned to mu1station
mu1station collected $0.13 from pot
mu1station: doesn't show hand 
*** SUMMARY ***
Total pot $0.13 | Rake $0 
Board [7c 3c 2c]
Seat 1: redwhitepl (button) folded before Flop (didn't bet)
Seat 2: tzintzun23 (small blind) folded before Flop
Seat 4: mu1station (big blind) collected ($0.13)
Seat 6: Lorpugo folded on the Flop



PokerStars Hand #239471260185:  Hold'em No Limit ($0.01/$0.02 USD) - 2022/10/26 16:55:16 ET
Table 'Pisces III' 6-max Seat #2 is the button
Seat 1: redwhitepl ($2.28 in chips) 
Seat 2: tzintzun23 ($2.02 in chips) 
Seat 4: mu1station ($1.35 in chips) 
Seat 6: Lorpugo ($1.60 in chips) 
mu1station: posts small blind $0.01
Lorpugo: posts big blind $0.02
*** HOLE CARDS ***
Dealt to Lorpugo [Kc Qh]
redwhitepl: folds 
tzintzun23: folds 
mu1station: calls $0.01
Lorpugo: raises $0.08 to $0.10
mu1station: folds 
Uncalled bet ($0.08) returned to Lorpugo
Lorpugo collected $0.04 from pot
Lorpugo: doesn't show hand 
*** SUMMARY ***
Total pot $0.04 | Rake $0 
Seat 1: redwhitepl folded before Flop (didn't bet)
Seat 2: tzintzun23 (button) folded before Flop (didn't bet)
Seat 4: mu1station (small blind) folded before Flop
Seat 6: Lorpugo (big blind) collected ($0.04)



PokerStars Hand #239471265238:  Hold'em No Limit ($0.01/$0.02 USD) - 2022/10/26 16:55:34 ET
Table 'Pisces III' 6-max Seat #4 is the button
Seat 1: redwhitepl ($2.28 in chips) 
Seat 2: tzintzun23 ($2.02 in chips) 
Seat 4: mu1station ($1.33 in chips) 
Seat 6: Lorpugo ($1.62 in chips) 
Lorpugo: posts small blind $0.01
redwhitepl: posts big blind $0.02
luzbel6662019: sits out 
*** HOLE CARDS ***
Dealt to Lorpugo [6c Td]
tzintzun23: folds 
mu1station: folds 
Lorpugo: folds 
Uncalled bet ($0.01) returned to redwhitepl
redwhitepl collected $0.02 from pot
redwhitepl: doesn't show hand 
*** SUMMARY ***
Total pot $0.02 | Rake $0 
Seat 1: redwhitepl (big blind) collected ($0.02)
Seat 2: tzintzun23 folded before Flop (didn't bet)
Seat 4: mu1station (button) folded before Flop (didn't bet)
Seat 6: Lorpugo (small blind) folded before Flop



PokerStars Hand #239471268770:  Hold'em No Limit ($0.01/$0.02 USD) - 2022/10/26 16:55:47 ET
Table 'Pisces III' 6-max Seat #6 is the button
Seat 1: redwhitepl ($2.29 in chips) 
Seat 2: tzintzun23 ($2.02 in chips) 
Seat 4: mu1station ($1.33 in chips) 
Seat 6: Lorpugo ($1.61 in chips) 
redwhitepl: posts small blind $0.01
tzintzun23: posts big blind $0.02
luzbel6662019: sits out 
*** HOLE CARDS ***
Dealt to Lorpugo [Tc 3c]
mu1station: calls $0.02
Lorpugo: folds 
KmBastos joins the table at seat #5 
redwhitepl: folds 
tzintzun23: checks 
*** FLOP *** [Ks Qs 6d]
tzintzun23: checks 
mu1station: checks 
*** TURN *** [Ks Qs 6d] [6h]
tzintzun23: bets $0.04
mu1station: calls $0.04
*** RIVER *** [Ks Qs 6d 6h] [5d]
tzintzun23: bets $0.04
mu1station: raises $0.04 to $0.08
tzintzun23: calls $0.04
*** SHOW DOWN ***
mu1station: shows [9c Qc] (two pair, Queens and Sixes)
tzintzun23: shows [6s 9h] (three of a kind, Sixes)
tzintzun23 collected $0.28 from pot
*** SUMMARY ***
Total pot $0.29 | Rake $0.01 
Board [Ks Qs 6d 6h 5d]
Seat 1: redwhitepl (small blind) folded before Flop
Seat 2: tzintzun23 (big blind) showed [6s 9h] and won ($0.28) with three of a kind, Sixes
Seat 4: mu1station showed [9c Qc] and lost with two pair, Queens and Sixes
Seat 6: Lorpugo (button) folded before Flop (didn't bet)



PokerStars Hand #239471281556:  Hold'em No Limit ($0.01/$0.02 USD) - 2022/10/26 16:56:34 ET
Table 'Pisces III' 6-max Seat #1 is the button
Seat 1: redwhitepl ($2.28 in chips) 
Seat 2: tzintzun23 ($2.16 in chips) 
Seat 3: luzbel6662019 ($2 in chips) 
Seat 4: mu1station ($1.19 in chips) 
Seat 6: Lorpugo ($1.61 in chips) 
tzintzun23: posts small blind $0.01
luzbel6662019: posts big blind $0.02
KmBastos: sits out 
*** HOLE CARDS ***
Dealt to Lorpugo [2s 2h]
mu1station: folds 
Lorpugo: raises $0.04 to $0.06
redwhitepl: folds 
tzintzun23: folds 
luzbel6662019: folds 
Uncalled bet ($0.04) returned to Lorpugo
Lorpugo collected $0.05 from pot
Lorpugo: doesn't show hand 
*** SUMMARY ***
Total pot $0.05 | Rake $0 
Seat 1: redwhitepl (button) folded before Flop (didn't bet)
Seat 2: tzintzun23 (small blind) folded before Flop
Seat 3: luzbel6662019 (big blind) folded before Flop
Seat 4: mu1station folded before Flop (didn't bet)
Seat 6: Lorpugo collected ($0.05)



PokerStars Hand #239471288865:  Hold'em No Limit ($0.01/$0.02 USD) - 2022/10/26 16:57:00 ET
Table 'Pisces III' 6-max Seat #2 is the button
Seat 1: redwhitepl ($2.28 in chips) 
Seat 2: tzintzun23 ($2.15 in chips) 
Seat 3: luzbel6662019 ($2 in chips) 
Seat 4: mu1station ($1.19 in chips) 
Seat 6: Lorpugo ($1.64 in chips) 
luzbel6662019: posts small blind $0.01
mu1station: posts big blind $0.02
KmBastos: sits out 
*** HOLE CARDS ***
Dealt to Lorpugo [5d 3d]
Lorpugo has timed out
Lorpugo: folds 
redwhitepl: raises $0.04 to $0.06
tzintzun23: folds 
luzbel6662019: folds 
mu1station: folds 
Uncalled bet ($0.04) returned to redwhitepl
redwhitepl collected $0.05 from pot
redwhitepl: doesn't show hand 
*** SUMMARY ***
Total pot $0.05 | Rake $0 
Seat 1: redwhitepl collected ($0.05)
Seat 2: tzintzun23 (button) folded before Flop (didn't bet)
Seat 3: luzbel6662019 (small blind) folded before Flop
Seat 4: mu1station (big blind) folded before Flop
Seat 6: Lorpugo folded before Flop (didn't bet)



PokerStars Hand #239471293971:  Hold'em No Limit ($0.01/$0.02 USD) - 2022/10/26 16:57:19 ET
Table 'Pisces III' 6-max Seat #3 is the button
Seat 1: redwhitepl ($2.31 in chips) 
Seat 2: tzintzun23 ($2.15 in chips) 
Seat 3: luzbel6662019 ($2 in chips) 
Seat 4: mu1station ($1.17 in chips) 
Seat 5: KmBastos ($1 in chips) 
Seat 6: Lorpugo ($1.64 in chips) 
mu1station: posts small blind $0.01
KmBastos: posts big blind $0.02
*** HOLE CARDS ***
Dealt to Lorpugo [Qs Th]
Lorpugo: folds 
redwhitepl: folds 
tzintzun23: folds 
luzbel6662019: calls $0.02
mu1station: calls $0.01
KmBastos: checks 
*** FLOP *** [Kd 9s 5h]
mu1station: checks 
KmBastos: checks 
luzbel6662019: bets $0.03
mu1station: calls $0.03
KmBastos: folds 
*** TURN *** [Kd 9s 5h] [5d]
mu1station: checks 
luzbel6662019: bets $0.06
mu1station: raises $0.06 to $0.12
luzbel6662019: calls $0.06
*** RIVER *** [Kd 9s 5h 5d] [4c]
mu1station: bets $0.10
luzbel6662019: calls $0.10
*** SHOW DOWN ***
mu1station: shows [Ks 6s] (two pair, Kings and Fives)
luzbel6662019: shows [Kh Qd] (two pair, Kings and Fives - Queen kicker)
luzbel6662019 collected $0.54 from pot
*** SUMMARY ***
Total pot $0.56 | Rake $0.02 
Board [Kd 9s 5h 5d 4c]
Seat 1: redwhitepl folded before Flop (didn't bet)
Seat 2: tzintzun23 folded before Flop (didn't bet)
Seat 3: luzbel6662019 (button) showed [Kh Qd] and won ($0.54) with two pair, Kings and Fives
Seat 4: mu1station (small blind) showed [Ks 6s] and lost with two pair, Kings and Fives
Seat 5: KmBastos (big blind) folded on the Flop
Seat 6: Lorpugo folded before Flop (didn't bet)



PokerStars Hand #239471312938:  Hold'em No Limit ($0.01/$0.02 USD) - 2022/10/26 16:58:28 ET
Table 'Pisces III' 6-max Seat #4 is the button
Seat 1: redwhitepl ($2.31 in chips) 
Seat 2: tzintzun23 ($2.15 in chips) 
Seat 3: luzbel6662019 ($2.27 in chips) 
Seat 4: mu1station ($0.90 in chips) 
Seat 5: KmBastos ($0.98 in chips) 
Seat 6: Lorpugo ($1.64 in chips) 
KmBastos: posts small blind $0.01
Lorpugo: posts big blind $0.02
*** HOLE CARDS ***
Dealt to Lorpugo [Js 6h]
redwhitepl: raises $0.04 to $0.06
tzintzun23: folds 
luzbel6662019: folds 
mu1station: folds 
luzbel6662019 leaves the table
KmBastos: calls $0.05
Lorpugo: folds 
*** FLOP *** [Ts Jc 2d]
KmBastos: checks 
carnadita joins the table at seat #3 
redwhitepl: bets $0.08
KmBastos: folds 
Uncalled bet ($0.08) returned to redwhitepl
redwhitepl collected $0.14 from pot
redwhitepl: doesn't show hand 
*** SUMMARY ***
Total pot $0.14 | Rake $0 
Board [Ts Jc 2d]
Seat 1: redwhitepl collected ($0.14)
Seat 2: tzintzun23 folded before Flop (didn't bet)
Seat 3: luzbel6662019 folded before Flop (didn't bet)
Seat 4: mu1station (button) folded before Flop (didn't bet)
Seat 5: KmBastos (small blind) folded on the Flop
Seat 6: Lorpugo (big blind) folded before Flop



PokerStars Hand #239471321148:  Hold'em No Limit ($0.01/$0.02 USD) - 2022/10/26 16:58:58 ET
Table 'Pisces III' 6-max Seat #5 is the button
Seat 1: redwhitepl ($2.39 in chips) 
Seat 2: tzintzun23 ($2.15 in chips) 
Seat 4: mu1station ($0.90 in chips) 
Seat 5: KmBastos ($0.92 in chips) 
Seat 6: Lorpugo ($1.62 in chips) 
Lorpugo: posts small blind $0.01
redwhitepl: posts big blind $0.02
carnadita: sits out 
*** HOLE CARDS ***
Dealt to Lorpugo [4s 8d]
tzintzun23: folds 
mu1station: folds 
KmBastos: folds 
Lorpugo: folds 
Uncalled bet ($0.01) returned to redwhitepl
redwhitepl collected $0.02 from pot
redwhitepl: doesn't show hand 
*** SUMMARY ***
Total pot $0.02 | Rake $0 
Seat 1: redwhitepl (big blind) collected ($0.02)
Seat 2: tzintzun23 folded before Flop (didn't bet)
Seat 4: mu1station folded before Flop (didn't bet)
Seat 5: KmBastos (button) folded before Flop (didn't bet)
Seat 6: Lorpugo (small blind) folded before Flop



PokerStars Hand #239471323617:  Hold'em No Limit ($0.01/$0.02 USD) - 2022/10/26 16:59:06 ET
Table 'Pisces III' 6-max Seat #6 is the button
Seat 1: redwhitepl ($2.40 in chips) 
Seat 2: tzintzun23 ($2.15 in chips) 
Seat 4: mu1station ($0.90 in chips) 
Seat 5: KmBastos ($0.92 in chips) 
Seat 6: Lorpugo ($1.61 in chips) 
redwhitepl: posts small blind $0.01
tzintzun23: posts big blind $0.02
carnadita: sits out 
*** HOLE CARDS ***
Dealt to Lorpugo [Kh 4s]
mu1station: folds 
KmBastos: folds 
Lorpugo: folds 
redwhitepl: raises $0.04 to $0.06
tzintzun23: raises $0.14 to $0.20
redwhitepl: folds 
Uncalled bet ($0.14) returned to tzintzun23
tzintzun23 collected $0.12 from pot
tzintzun23: doesn't show hand 
*** SUMMARY ***
Total pot $0.12 | Rake $0 
Seat 1: redwhitepl (small blind) folded before Flop
Seat 2: tzintzun23 (big blind) collected ($0.12)
Seat 4: mu1station folded before Flop (didn't bet)
Seat 5: KmBastos folded before Flop (didn't bet)
Seat 6: Lorpugo (button) folded before Flop (didn't bet)



PokerStars Hand #239471327855:  Hold'em No Limit ($0.01/$0.02 USD) - 2022/10/26 16:59:22 ET
Table 'Pisces III' 6-max Seat #1 is the button
Seat 1: redwhitepl ($2.34 in chips) 
Seat 2: tzintzun23 ($2.21 in chips) 
Seat 3: carnadita ($2 in chips) 
Seat 4: mu1station ($0.90 in chips) 
Seat 5: KmBastos ($0.92 in chips) 
Seat 6: Lorpugo ($1.61 in chips) 
tzintzun23: posts small blind $0.01
carnadita: posts big blind $0.02
*** HOLE CARDS ***
Dealt to Lorpugo [4s Jc]
mu1station: folds 
KmBastos: raises $0.03 to $0.05
Lorpugo: folds 
redwhitepl: folds 
tzintzun23: folds 
carnadita: raises $0.13 to $0.18
KmBastos: calls $0.13
*** FLOP *** [Qs 5h 3d]
carnadita: bets $0.18
KmBastos: calls $0.18
*** TURN *** [Qs 5h 3d] [5c]
carnadita: bets $0.70
KmBastos: calls $0.56 and is all-in
Uncalled bet ($0.14) returned to carnadita
*** RIVER *** [Qs 5h 3d 5c] [7d]
*** SHOW DOWN ***
carnadita: shows [Kc Kd] (two pair, Kings and Fives)
KmBastos: shows [4d 4h] (two pair, Fives and Fours)
carnadita collected $1.79 from pot
*** SUMMARY ***
Total pot $1.85 | Rake $0.06 
Board [Qs 5h 3d 5c 7d]
Seat 1: redwhitepl (button) folded before Flop (didn't bet)
Seat 2: tzintzun23 (small blind) folded before Flop
Seat 3: carnadita (big blind) showed [Kc Kd] and won ($1.79) with two pair, Kings and Fives
Seat 4: mu1station folded before Flop (didn't bet)
Seat 5: KmBastos showed [4d 4h] and lost with two pair, Fives and Fours
Seat 6: Lorpugo folded before Flop (didn't bet)



PokerStars Hand #239471344414:  Hold'em No Limit ($0.01/$0.02 USD) - 2022/10/26 17:00:21 ET
Table 'Pisces III' 6-max Seat #2 is the button
Seat 1: redwhitepl ($2.34 in chips) 
Seat 2: tzintzun23 ($2.20 in chips) 
Seat 3: carnadita ($2.87 in chips) 
Seat 4: mu1station ($0.90 in chips) 
Seat 6: Lorpugo ($1.61 in chips) 
carnadita: posts small blind $0.01
mu1station: posts big blind $0.02
*** HOLE CARDS ***
Dealt to Lorpugo [Qh Tc]
Lorpugo: folds 
redwhitepl: folds 
KmBastos leaves the table
tzintzun23: folds 
carnadita: folds 
Uncalled bet ($0.01) returned to mu1station
mu1station collected $0.02 from pot
mu1station: doesn't show hand 
*** SUMMARY ***
Total pot $0.02 | Rake $0 
Seat 1: redwhitepl folded before Flop (didn't bet)
Seat 2: tzintzun23 (button) folded before Flop (didn't bet)
Seat 3: carnadita (small blind) folded before Flop
Seat 4: mu1station (big blind) collected ($0.02)
Seat 6: Lorpugo folded before Flop (didn't bet)



PokerStars Hand #239471348290:  Hold'em No Limit ($0.01/$0.02 USD) - 2022/10/26 17:00:34 ET
Table 'Pisces III' 6-max Seat #3 is the button
Seat 1: redwhitepl ($2.34 in chips) 
Seat 2: tzintzun23 ($2.20 in chips) 
Seat 3: carnadita ($2.86 in chips) 
Seat 4: mu1station ($0.91 in chips) 
Seat 6: Lorpugo ($1.61 in chips) 
mu1station: posts small blind $0.01
Lorpugo: posts big blind $0.02
*** HOLE CARDS ***
Dealt to Lorpugo [3c 4d]
redwhitepl: folds 
tzintzun23: folds 
carnadita: folds 
mu1station: calls $0.01
Lorpugo: checks 
*** FLOP *** [4h 2d Ac]
mu1station: checks 
Lorpugo: checks 
*** TURN *** [4h 2d Ac] [6h]
mu1station: checks 
Lorpugo: bets $0.02
mu1station: folds 
Uncalled bet ($0.02) returned to Lorpugo
Lorpugo collected $0.04 from pot
Lorpugo: doesn't show hand 
*** SUMMARY ***
Total pot $0.04 | Rake $0 
Board [4h 2d Ac 6h]
Seat 1: redwhitepl folded before Flop (didn't bet)
Seat 2: tzintzun23 folded before Flop (didn't bet)
Seat 3: carnadita (button) folded before Flop (didn't bet)
Seat 4: mu1station (small blind) folded on the Turn
Seat 6: Lorpugo (big blind) collected ($0.04)



PokerStars Hand #239471360825:  Hold'em No Limit ($0.01/$0.02 USD) - 2022/10/26 17:01:14 ET
Table 'Pisces III' 6-max Seat #4 is the button
Seat 1: redwhitepl ($2.34 in chips) 
Seat 2: tzintzun23 ($2.20 in chips) 
Seat 3: carnadita ($2.86 in chips) 
Seat 4: mu1station ($0.89 in chips) 
Seat 6: Lorpugo ($1.63 in chips) 
Lorpugo: posts small blind $0.01
redwhitepl: posts big blind $0.02
*** HOLE CARDS ***
Dealt to Lorpugo [6h 8h]
tzintzun23: folds 
carnadita: folds 
mu1station: folds 
Lorpugo: raises $0.04 to $0.06
redwhitepl: raises $0.08 to $0.14
Lorpugo: calls $0.08
*** FLOP *** [2d 6c 6s]
Lorpugo: bets $0.14
redwhitepl: folds 
Uncalled bet ($0.14) returned to Lorpugo
Lorpugo collected $0.27 from pot
Lorpugo: doesn't show hand 
*** SUMMARY ***
Total pot $0.28 | Rake $0.01 
Board [2d 6c 6s]
Seat 1: redwhitepl (big blind) folded on the Flop
Seat 2: tzintzun23 folded before Flop (didn't bet)
Seat 3: carnadita folded before Flop (didn't bet)
Seat 4: mu1station (button) folded before Flop (didn't bet)
Seat 6: Lorpugo (small blind) collected ($0.27)



PokerStars Hand #239471375828:  Hold'em No Limit ($0.01/$0.02 USD) - 2022/10/26 17:01:57 ET
Table 'Pisces III' 6-max Seat #6 is the button
Seat 1: redwhitepl ($2.20 in chips) 
Seat 2: tzintzun23 ($2.20 in chips) 
Seat 3: carnadita ($2.86 in chips) 
Seat 4: mu1station ($0.89 in chips) 
Seat 6: Lorpugo ($1.76 in chips) 
redwhitepl: posts small blind $0.01
tzintzun23: posts big blind $0.02
*** HOLE CARDS ***
Dealt to Lorpugo [Qc 2d]
tonyboks joins the table at seat #5 
carnadita: folds 
mu1station: folds 
Lorpugo: folds 
redwhitepl: folds 
Uncalled bet ($0.01) returned to tzintzun23
tzintzun23 collected $0.02 from pot
tzintzun23: doesn't show hand 
*** SUMMARY ***
Total pot $0.02 | Rake $0 
Seat 1: redwhitepl (small blind) folded before Flop
Seat 2: tzintzun23 (big blind) collected ($0.02)
Seat 3: carnadita folded before Flop (didn't bet)
Seat 4: mu1station folded before Flop (didn't bet)
Seat 6: Lorpugo (button) folded before Flop (didn't bet)



PokerStars Hand #239471387070:  Hold'em No Limit ($0.01/$0.02 USD) - 2022/10/26 17:02:27 ET
Table 'Pisces III' 6-max Seat #1 is the button
Seat 1: redwhitepl ($2.19 in chips) 
Seat 2: tzintzun23 ($2.21 in chips) 
Seat 3: carnadita ($2.86 in chips) 
Seat 4: mu1station ($0.89 in chips) 
Seat 5: tonyboks ($1.60 in chips) 
Seat 6: Lorpugo ($1.76 in chips) 
tzintzun23: posts small blind $0.01
carnadita: posts big blind $0.02
tonyboks: posts big blind $0.02
*** HOLE CARDS ***
Dealt to Lorpugo [Th 9d]
mu1station: calls $0.02
tonyboks: checks 
Lorpugo: calls $0.02
redwhitepl: calls $0.02
tzintzun23: folds 
carnadita: checks 
*** FLOP *** [5d 2h 2s]
carnadita: checks 
mu1station: checks 
tonyboks: checks 
Lorpugo: checks 
redwhitepl: checks 
*** TURN *** [5d 2h 2s] [Kh]
carnadita: checks 
mu1station: checks 
tonyboks: checks 
Lorpugo: bets $0.06
redwhitepl: folds 
carnadita: folds 
mu1station: folds 
tonyboks: folds 
Uncalled bet ($0.06) returned to Lorpugo
Lorpugo collected $0.11 from pot
Lorpugo: doesn't show hand 
*** SUMMARY ***
Total pot $0.11 | Rake $0 
Board [5d 2h 2s Kh]
Seat 1: redwhitepl (button) folded on the Turn
Seat 2: tzintzun23 (small blind) folded before Flop
Seat 3: carnadita (big blind) folded on the Turn
Seat 4: mu1station folded on the Turn
Seat 5: tonyboks folded on the Turn (didn't bet)
Seat 6: Lorpugo collected ($0.11)



PokerStars Hand #239471416959:  Hold'em No Limit ($0.01/$0.02 USD) - 2022/10/26 17:03:49 ET
Table 'Pisces III' 6-max Seat #2 is the button
Seat 1: redwhitepl ($2.17 in chips) 
Seat 2: tzintzun23 ($2.20 in chips) 
Seat 3: carnadita ($2.84 in chips) 
Seat 4: mu1station ($0.87 in chips) 
Seat 5: tonyboks ($1.58 in chips) 
Seat 6: Lorpugo ($1.85 in chips) 
carnadita: posts small blind $0.01
mu1station: posts big blind $0.02
*** HOLE CARDS ***
Dealt to Lorpugo [7h Qc]
tonyboks: folds 
Lorpugo: folds 
redwhitepl: folds 
tzintzun23: folds 
carnadita: folds 
Uncalled bet ($0.01) returned to mu1station
mu1station collected $0.02 from pot
mu1station: doesn't show hand 
*** SUMMARY ***
Total pot $0.02 | Rake $0 
Seat 1: redwhitepl folded before Flop (didn't bet)
Seat 2: tzintzun23 (button) folded before Flop (didn't bet)
Seat 3: carnadita (small blind) folded before Flop
Seat 4: mu1station (big blind) collected ($0.02)
Seat 5: tonyboks folded before Flop (didn't bet)
Seat 6: Lorpugo folded before Flop (didn't bet)



PokerStars Hand #239471423812:  Hold'em No Limit ($0.01/$0.02 USD) - 2022/10/26 17:04:08 ET
Table 'Pisces III' 6-max Seat #3 is the button
Seat 1: redwhitepl ($2.17 in chips) 
Seat 2: tzintzun23 ($2.20 in chips) 
Seat 3: carnadita ($2.83 in chips) 
Seat 4: mu1station ($0.88 in chips) 
Seat 5: tonyboks ($1.58 in chips) 
Seat 6: Lorpugo ($1.85 in chips) 
mu1station: posts small blind $0.01
tonyboks: posts big blind $0.02
*** HOLE CARDS ***
Dealt to Lorpugo [5c Kd]
Lorpugo: folds 
redwhitepl: raises $0.04 to $0.06
tzintzun23: folds 
carnadita: folds 
mu1station: raises $0.04 to $0.10
tonyboks: folds 
redwhitepl: calls $0.04
*** FLOP *** [6d Ts 5d]
mu1station: checks 
redwhitepl: checks 
*** TURN *** [6d Ts 5d] [Td]
mu1station: bets $0.02
redwhitepl: calls $0.02
*** RIVER *** [6d Ts 5d Td] [Jh]
mu1station: bets $0.10
redwhitepl: calls $0.10
*** SHOW DOWN ***
mu1station: shows [Ad Ah] (two pair, Aces and Tens)
redwhitepl: mucks hand 
mu1station collected $0.44 from pot
*** SUMMARY ***
Total pot $0.46 | Rake $0.02 
Board [6d Ts 5d Td Jh]
Seat 1: redwhitepl mucked [Jd Ac]
Seat 2: tzintzun23 folded before Flop (didn't bet)
Seat 3: carnadita (button) folded before Flop (didn't bet)
Seat 4: mu1station (small blind) showed [Ad Ah] and won ($0.44) with two pair, Aces and Tens
Seat 5: tonyboks (big blind) folded before Flop
Seat 6: Lorpugo folded before Flop (didn't bet)



PokerStars Hand #239471447467:  Hold'em No Limit ($0.01/$0.02 USD) - 2022/10/26 17:05:12 ET
Table 'Pisces III' 6-max Seat #4 is the button
Seat 1: redwhitepl ($1.95 in chips) 
Seat 2: tzintzun23 ($2.20 in chips) 
Seat 3: carnadita ($2.83 in chips) 
Seat 4: mu1station ($1.10 in chips) 
Seat 5: tonyboks ($1.56 in chips) 
Seat 6: Lorpugo ($1.85 in chips) 
tonyboks: posts small blind $0.01
Lorpugo: posts big blind $0.02
*** HOLE CARDS ***
Dealt to Lorpugo [7h 4c]
redwhitepl: folds 
tzintzun23: folds 
carnadita: folds 
mu1station: folds 
tonyboks: raises $0.04 to $0.06
Lorpugo: folds 
Uncalled bet ($0.04) returned to tonyboks
tonyboks collected $0.04 from pot
*** SUMMARY ***
Total pot $0.04 | Rake $0 
Seat 1: redwhitepl folded before Flop (didn't bet)
Seat 2: tzintzun23 folded before Flop (didn't bet)
Seat 3: carnadita folded before Flop (didn't bet)
Seat 4: mu1station (button) folded before Flop (didn't bet)
Seat 5: tonyboks (small blind) collected ($0.04)
Seat 6: Lorpugo (big blind) folded before Flop



PokerStars Hand #239471455583:  Hold'em No Limit ($0.01/$0.02 USD) - 2022/10/26 17:05:33 ET
Table 'Pisces III' 6-max Seat #5 is the button
Seat 1: redwhitepl ($1.95 in chips) 
Seat 2: tzintzun23 ($2.20 in chips) 
Seat 3: carnadita ($2.83 in chips) 
Seat 4: mu1station ($1.10 in chips) 
Seat 5: tonyboks ($1.58 in chips) 
Seat 6: Lorpugo ($1.83 in chips) 
Lorpugo: posts small blind $0.01
redwhitepl: posts big blind $0.02
*** HOLE CARDS ***
Dealt to Lorpugo [Qd 3s]
tzintzun23: folds 
carnadita: folds 
mu1station: folds 
tonyboks: raises $0.05 to $0.07
Lorpugo: folds 
redwhitepl: folds 
Uncalled bet ($0.05) returned to tonyboks
tonyboks collected $0.05 from pot
*** SUMMARY ***
Total pot $0.05 | Rake $0 
Seat 1: redwhitepl (big blind) folded before Flop
Seat 2: tzintzun23 folded before Flop (didn't bet)
Seat 3: carnadita folded before Flop (didn't bet)
Seat 4: mu1station folded before Flop (didn't bet)
Seat 5: tonyboks (button) collected ($0.05)
Seat 6: Lorpugo (small blind) folded before Flop



PokerStars Hand #239471467348:  Hold'em No Limit ($0.01/$0.02 USD) - 2022/10/26 17:06:05 ET
Table 'Pisces III' 6-max Seat #6 is the button
Seat 1: redwhitepl ($1.93 in chips) 
Seat 2: tzintzun23 ($2.20 in chips) 
Seat 3: carnadita ($2.83 in chips) 
Seat 4: mu1station ($1.10 in chips) 
Seat 5: tonyboks ($1.61 in chips) 
Seat 6: Lorpugo ($1.82 in chips) 
redwhitepl: posts small blind $0.01
tzintzun23: posts big blind $0.02
*** HOLE CARDS ***
Dealt to Lorpugo [Td Qc]
carnadita: folds 
mu1station: calls $0.02
tonyboks: folds 
Lorpugo: calls $0.02
redwhitepl: raises $0.06 to $0.08
tzintzun23: folds 
mu1station: calls $0.06
Lorpugo: folds 
*** FLOP *** [Kc 6c 7d]
redwhitepl: bets $0.10
mu1station: raises $0.92 to $1.02 and is all-in
redwhitepl: folds 
Uncalled bet ($0.92) returned to mu1station
mu1station collected $0.39 from pot
mu1station: doesn't show hand 
*** SUMMARY ***
Total pot $0.40 | Rake $0.01 
Board [Kc 6c 7d]
Seat 1: redwhitepl (small blind) folded on the Flop
Seat 2: tzintzun23 (big blind) folded before Flop
Seat 3: carnadita folded before Flop (didn't bet)
Seat 4: mu1station collected ($0.39)
Seat 5: tonyboks folded before Flop (didn't bet)
Seat 6: Lorpugo (button) folded before Flop



PokerStars Hand #239471488363:  Hold'em No Limit ($0.01/$0.02 USD) - 2022/10/26 17:07:01 ET
Table 'Pisces III' 6-max Seat #1 is the button
Seat 1: redwhitepl ($1.75 in chips) 
Seat 2: tzintzun23 ($2.18 in chips) 
Seat 3: carnadita ($2.83 in chips) 
Seat 4: mu1station ($1.31 in chips) 
Seat 5: tonyboks ($1.61 in chips) 
Seat 6: Lorpugo ($1.80 in chips) 
tzintzun23: posts small blind $0.01
carnadita: posts big blind $0.02
*** HOLE CARDS ***
Dealt to Lorpugo [2c 7h]
mu1station: calls $0.02
tonyboks: folds 
Lorpugo: folds 
redwhitepl: calls $0.02
tzintzun23: folds 
carnadita: checks 
*** FLOP *** [4s Qd 7s]
carnadita: checks 
mu1station: bets $0.02
redwhitepl: folds 
carnadita: calls $0.02
*** TURN *** [4s Qd 7s] [2s]
carnadita: checks 
mu1station: bets $0.04
carnadita: folds 
Uncalled bet ($0.04) returned to mu1station
mu1station collected $0.11 from pot
mu1station: doesn't show hand 
*** SUMMARY ***
Total pot $0.11 | Rake $0 
Board [4s Qd 7s 2s]
Seat 1: redwhitepl (button) folded on the Flop
Seat 2: tzintzun23 (small blind) folded before Flop
Seat 3: carnadita (big blind) folded on the Turn
Seat 4: mu1station collected ($0.11)
Seat 5: tonyboks folded before Flop (didn't bet)
Seat 6: Lorpugo folded before Flop (didn't bet)



PokerStars Hand #239471513566:  Hold'em No Limit ($0.01/$0.02 USD) - 2022/10/26 17:08:10 ET
Table 'Pisces III' 6-max Seat #2 is the button
Seat 1: redwhitepl ($1.73 in chips) 
Seat 2: tzintzun23 ($2.17 in chips) 
Seat 3: carnadita ($2.79 in chips) 
Seat 4: mu1station ($1.38 in chips) 
Seat 5: tonyboks ($1.61 in chips) 
Seat 6: Lorpugo ($1.80 in chips) 
carnadita: posts small blind $0.01
mu1station: posts big blind $0.02
*** HOLE CARDS ***
Dealt to Lorpugo [Tc 3h]
tonyboks: raises $0.05 to $0.07
Lorpugo: folds 
redwhitepl: folds 
tzintzun23: folds 
carnadita: folds 
mu1station: calls $0.05
*** FLOP *** [6c 5c Kd]
mu1station: checks 
tonyboks: bets $0.14
mu1station: folds 
Uncalled bet ($0.14) returned to tonyboks
tonyboks collected $0.14 from pot
*** SUMMARY ***
Total pot $0.15 | Rake $0.01 
Board [6c 5c Kd]
Seat 1: redwhitepl folded before Flop (didn't bet)
Seat 2: tzintzun23 (button) folded before Flop (didn't bet)
Seat 3: carnadita (small blind) folded before Flop
Seat 4: mu1station (big blind) folded on the Flop
Seat 5: tonyboks collected ($0.14)
Seat 6: Lorpugo folded before Flop (didn't bet)



PokerStars Hand #239471527005:  Hold'em No Limit ($0.01/$0.02 USD) - 2022/10/26 17:08:46 ET
Table 'Pisces III' 6-max Seat #3 is the button
Seat 1: redwhitepl ($1.73 in chips) 
Seat 2: tzintzun23 ($2.17 in chips) 
Seat 3: carnadita ($2.78 in chips) 
Seat 4: mu1station ($1.31 in chips) 
Seat 5: tonyboks ($1.68 in chips) 
Seat 6: Lorpugo ($1.80 in chips) 
mu1station: posts small blind $0.01
tonyboks: posts big blind $0.02
*** HOLE CARDS ***
Dealt to Lorpugo [Kc Th]
Lorpugo: folds 
redwhitepl: raises $0.04 to $0.06
tzintzun23: folds 
carnadita: folds 
mu1station: folds 
tonyboks: folds 
Uncalled bet ($0.04) returned to redwhitepl
redwhitepl collected $0.05 from pot
redwhitepl: doesn't show hand 
*** SUMMARY ***
Total pot $0.05 | Rake $0 
Seat 1: redwhitepl collected ($0.05)
Seat 2: tzintzun23 folded before Flop (didn't bet)
Seat 3: carnadita (button) folded before Flop (didn't bet)
Seat 4: mu1station (small blind) folded before Flop
Seat 5: tonyboks (big blind) folded before Flop
Seat 6: Lorpugo folded before Flop (didn't bet)



PokerStars Hand #239471537855:  Hold'em No Limit ($0.01/$0.02 USD) - 2022/10/26 17:09:15 ET
Table 'Pisces III' 6-max Seat #4 is the button
Seat 1: redwhitepl ($1.76 in chips) 
Seat 2: tzintzun23 ($2.17 in chips) 
Seat 3: carnadita ($2.78 in chips) 
Seat 4: mu1station ($1.30 in chips) 
Seat 5: tonyboks ($1.66 in chips) 
Seat 6: Lorpugo ($1.80 in chips) 
tonyboks: posts small blind $0.01
Lorpugo: posts big blind $0.02
*** HOLE CARDS ***
Dealt to Lorpugo [Js 5s]
redwhitepl: raises $0.04 to $0.06
tzintzun23: raises $0.12 to $0.18
carnadita: folds 
mu1station: folds 
tonyboks: folds 
Lorpugo: folds 
redwhitepl: folds 
Uncalled bet ($0.12) returned to tzintzun23
tzintzun23 collected $0.15 from pot
tzintzun23: doesn't show hand 
*** SUMMARY ***
Total pot $0.15 | Rake $0 
Seat 1: redwhitepl folded before Flop
Seat 2: tzintzun23 collected ($0.15)
Seat 3: carnadita folded before Flop (didn't bet)
Seat 4: mu1station (button) folded before Flop (didn't bet)
Seat 5: tonyboks (small blind) folded before Flop
Seat 6: Lorpugo (big blind) folded before Flop



PokerStars Hand #239471549095:  Hold'em No Limit ($0.01/$0.02 USD) - 2022/10/26 17:09:46 ET
Table 'Pisces III' 6-max Seat #5 is the button
Seat 1: redwhitepl ($1.70 in chips) 
Seat 2: tzintzun23 ($2.26 in chips) 
Seat 3: carnadita ($2.78 in chips) 
Seat 4: mu1station ($1.30 in chips) 
Seat 5: tonyboks ($1.65 in chips) 
Seat 6: Lorpugo ($1.78 in chips) 
Lorpugo: posts small blind $0.01
redwhitepl: posts big blind $0.02
*** HOLE CARDS ***
Dealt to Lorpugo [6c 3h]
tzintzun23: folds 
carnadita: raises $0.04 to $0.06
mu1station: folds 
tonyboks: raises $0.04 to $0.10
Lorpugo: folds 
redwhitepl: folds 
carnadita: calls $0.04
*** FLOP *** [7d 9d 8d]
carnadita: checks 
tonyboks: bets $0.22
carnadita: calls $0.22
*** TURN *** [7d 9d 8d] [9c]
carnadita: checks 
tonyboks: bets $0.32
carnadita: calls $0.32
*** RIVER *** [7d 9d 8d 9c] [4d]
carnadita: bets $2.14 and is all-in
tonyboks: calls $1.01 and is all-in
Uncalled bet ($1.13) returned to carnadita
*** SHOW DOWN ***
carnadita: shows [9s 9h] (four of a kind, Nines)
tonyboks: shows [Qd Tc] (a flush, Queen high)
carnadita collected $3.21 from pot
*** SUMMARY ***
Total pot $3.33 | Rake $0.12 
Board [7d 9d 8d 9c 4d]
Seat 1: redwhitepl (big blind) folded before Flop
Seat 2: tzintzun23 folded before Flop (didn't bet)
Seat 3: carnadita showed [9s 9h] and won ($3.21) with four of a kind, Nines
Seat 4: mu1station folded before Flop (didn't bet)
Seat 5: tonyboks (button) showed [Qd Tc] and lost with a flush, Queen high
Seat 6: Lorpugo (small blind) folded before Flop



PokerStars Hand #239471573724:  Hold'em No Limit ($0.01/$0.02 USD) - 2022/10/26 17:10:53 ET
Table 'Pisces III' 6-max Seat #6 is the button
Seat 1: redwhitepl ($1.98 in chips) 
Seat 2: tzintzun23 ($2.26 in chips) 
Seat 3: carnadita ($4.34 in chips) 
Seat 4: mu1station ($1.30 in chips) 
Seat 6: Lorpugo ($1.77 in chips) 
redwhitepl: posts small blind $0.01
tzintzun23: posts big blind $0.02
*** HOLE CARDS ***
Dealt to Lorpugo [8h 6c]
carnadita: folds 
mu1station: folds 
Lorpugo: folds 
redwhitepl: folds 
Uncalled bet ($0.01) returned to tzintzun23
tzintzun23 collected $0.02 from pot
tzintzun23: doesn't show hand 
*** SUMMARY ***
Total pot $0.02 | Rake $0 
Seat 1: redwhitepl (small blind) folded before Flop
Seat 2: tzintzun23 (big blind) collected ($0.02)
Seat 3: carnadita folded before Flop (didn't bet)
Seat 4: mu1station folded before Flop (didn't bet)
Seat 6: Lorpugo (button) folded before Flop (didn't bet)



PokerStars Hand #239471583034:  Hold'em No Limit ($0.01/$0.02 USD) - 2022/10/26 17:11:18 ET
Table 'Pisces III' 6-max Seat #1 is the button
Seat 1: redwhitepl ($1.97 in chips) 
Seat 2: tzintzun23 ($2.27 in chips) 
Seat 3: carnadita ($4.34 in chips) 
Seat 4: mu1station ($1.30 in chips) 
Seat 5: tonyboks ($2 in chips) 
Seat 6: Lorpugo ($1.77 in chips) 
tzintzun23: posts small blind $0.01
carnadita: posts big blind $0.02
*** HOLE CARDS ***
Dealt to Lorpugo [Qc 9d]
mu1station: folds 
tonyboks: folds 
Lorpugo: folds 
redwhitepl: folds 
tzintzun23: folds 
Uncalled bet ($0.01) returned to carnadita
carnadita collected $0.02 from pot
carnadita: doesn't show hand 
*** SUMMARY ***
Total pot $0.02 | Rake $0 
Seat 1: redwhitepl (button) folded before Flop (didn't bet)
Seat 2: tzintzun23 (small blind) folded before Flop
Seat 3: carnadita (big blind) collected ($0.02)
Seat 4: mu1station folded before Flop (didn't bet)
Seat 5: tonyboks folded before Flop (didn't bet)
Seat 6: Lorpugo folded before Flop (didn't bet)



PokerStars Hand #239471588068:  Hold'em No Limit ($0.01/$0.02 USD) - 2022/10/26 17:11:31 ET
Table 'Pisces III' 6-max Seat #2 is the button
Seat 1: redwhitepl ($1.97 in chips) 
Seat 2: tzintzun23 ($2.26 in chips) 
Seat 3: carnadita ($4.35 in chips) 
Seat 4: mu1station ($1.30 in chips) 
Seat 5: tonyboks ($2 in chips) 
Seat 6: Lorpugo ($1.77 in chips) 
carnadita: posts small blind $0.01
mu1station: posts big blind $0.02
*** HOLE CARDS ***
Dealt to Lorpugo [6h 7s]
tonyboks: folds 
Lorpugo: folds 
redwhitepl: folds 
tzintzun23: raises $0.03 to $0.05
carnadita: raises $0.13 to $0.18
mu1station: raises $1.12 to $1.30 and is all-in
tzintzun23: folds 
carnadita: folds 
Uncalled bet ($1.12) returned to mu1station
mu1station collected $0.41 from pot
mu1station: doesn't show hand 
*** SUMMARY ***
Total pot $0.41 | Rake $0 
Seat 1: redwhitepl folded before Flop (didn't bet)
Seat 2: tzintzun23 (button) folded before Flop
Seat 3: carnadita (small blind) folded before Flop
Seat 4: mu1station (big blind) collected ($0.41)
Seat 5: tonyboks folded before Flop (didn't bet)
Seat 6: Lorpugo folded before Flop (didn't bet)



PokerStars Hand #239471612485:  Hold'em No Limit ($0.01/$0.02 USD) - 2022/10/26 17:12:37 ET
Table 'Pisces III' 6-max Seat #3 is the button
Seat 1: redwhitepl ($1.97 in chips) 
Seat 2: tzintzun23 ($2.21 in chips) 
Seat 3: carnadita ($4.17 in chips) 
Seat 4: mu1station ($1.53 in chips) 
Seat 5: tonyboks ($2 in chips) 
Seat 6: Lorpugo ($1.77 in chips) 
mu1station: posts small blind $0.01
tonyboks: posts big blind $0.02
*** HOLE CARDS ***
Dealt to Lorpugo [8c Ts]
Lorpugo: folds 
redwhitepl: raises $0.04 to $0.06
tzintzun23: calls $0.06
carnadita: folds 
mu1station: folds 
tonyboks: calls $0.04
*** FLOP *** [5s 4c 4h]
tonyboks: bets $0.09
redwhitepl: raises $0.15 to $0.24
tzintzun23: folds 
tonyboks: folds 
Uncalled bet ($0.15) returned to redwhitepl
redwhitepl collected $0.36 from pot
redwhitepl: doesn't show hand 
*** SUMMARY ***
Total pot $0.37 | Rake $0.01 
Board [5s 4c 4h]
Seat 1: redwhitepl collected ($0.36)
Seat 2: tzintzun23 folded on the Flop
Seat 3: carnadita (button) folded before Flop (didn't bet)
Seat 4: mu1station (small blind) folded before Flop
Seat 5: tonyboks (big blind) folded on the Flop
Seat 6: Lorpugo folded before Flop (didn't bet)



PokerStars Hand #239471631790:  Hold'em No Limit ($0.01/$0.02 USD) - 2022/10/26 17:13:27 ET
Table 'Pisces III' 6-max Seat #4 is the button
Seat 1: redwhitepl ($2.18 in chips) 
Seat 2: tzintzun23 ($2.15 in chips) 
Seat 3: carnadita ($4.17 in chips) 
Seat 4: mu1station ($1.52 in chips) 
Seat 5: tonyboks ($1.85 in chips) 
Seat 6: Lorpugo ($1.77 in chips) 
tonyboks: posts small blind $0.01
Lorpugo: posts big blind $0.02
*** HOLE CARDS ***
Dealt to Lorpugo [3h 8h]
redwhitepl: calls $0.02
tzintzun23: folds 
carnadita: folds 
mu1station: folds 
tonyboks: calls $0.01
Lorpugo: checks 
*** FLOP *** [Th Ah Ks]
tonyboks: checks 
Lorpugo: checks 
redwhitepl: bets $0.04
tonyboks: folds 
Lorpugo: calls $0.04
*** TURN *** [Th Ah Ks] [Ac]
Lorpugo: checks 
redwhitepl: bets $0.08
Lorpugo: calls $0.08
*** RIVER *** [Th Ah Ks Ac] [9c]
Lorpugo: checks 
redwhitepl: checks 
*** SHOW DOWN ***
Lorpugo: shows [3h 8h] (a pair of Aces)
redwhitepl: shows [8s As] (three of a kind, Aces)
redwhitepl collected $0.29 from pot
*** SUMMARY ***
Total pot $0.30 | Rake $0.01 
Board [Th Ah Ks Ac 9c]
Seat 1: redwhitepl showed [8s As] and won ($0.29) with three of a kind, Aces
Seat 2: tzintzun23 folded before Flop (didn't bet)
Seat 3: carnadita folded before Flop (didn't bet)
Seat 4: mu1station (button) folded before Flop (didn't bet)
Seat 5: tonyboks (small blind) folded on the Flop
Seat 6: Lorpugo (big blind) showed [3h 8h] and lost with a pair of Aces



PokerStars Hand #239471663092:  Hold'em No Limit ($0.01/$0.02 USD) - 2022/10/26 17:14:51 ET
Table 'Pisces III' 6-max Seat #5 is the button
Seat 1: redwhitepl ($2.33 in chips) 
Seat 2: tzintzun23 ($2.15 in chips) 
Seat 3: carnadita ($4.17 in chips) 
Seat 4: mu1station ($1.52 in chips) 
Seat 5: tonyboks ($1.83 in chips) 
Seat 6: Lorpugo ($1.63 in chips) 
Lorpugo: posts small blind $0.01
redwhitepl: posts big blind $0.02
*** HOLE CARDS ***
Dealt to Lorpugo [Ks 3h]
tzintzun23: folds 
carnadita: folds 
mu1station: folds 
tonyboks: calls $0.02
Lorpugo: folds 
redwhitepl: checks 
*** FLOP *** [Ad 6h 6d]
redwhitepl: checks 
tonyboks: bets $0.05
redwhitepl: folds 
Uncalled bet ($0.05) returned to tonyboks
tonyboks collected $0.05 from pot
*** SUMMARY ***
Total pot $0.05 | Rake $0 
Board [Ad 6h 6d]
Seat 1: redwhitepl (big blind) folded on the Flop
Seat 2: tzintzun23 folded before Flop (didn't bet)
Seat 3: carnadita folded before Flop (didn't bet)
Seat 4: mu1station folded before Flop (didn't bet)
Seat 5: tonyboks (button) collected ($0.05)
Seat 6: Lorpugo (small blind) folded before Flop



PokerStars Hand #239471678505:  Hold'em No Limit ($0.01/$0.02 USD) - 2022/10/26 17:15:32 ET
Table 'Pisces III' 6-max Seat #6 is the button
Seat 1: redwhitepl ($2.31 in chips) 
Seat 2: tzintzun23 ($2.15 in chips) 
Seat 3: carnadita ($4.17 in chips) 
Seat 4: mu1station ($1.52 in chips) 
Seat 5: tonyboks ($1.86 in chips) 
Seat 6: Lorpugo ($1.62 in chips) 
redwhitepl: posts small blind $0.01
tzintzun23: posts big blind $0.02
*** HOLE CARDS ***
Dealt to Lorpugo [7c 8h]
carnadita: folds 
mu1station: folds 
tonyboks: folds 
Lorpugo: raises $0.04 to $0.06
redwhitepl: folds 
tzintzun23: folds 
Uncalled bet ($0.04) returned to Lorpugo
Lorpugo collected $0.05 from pot
Lorpugo: doesn't show hand 
*** SUMMARY ***
Total pot $0.05 | Rake $0 
Seat 1: redwhitepl (small blind) folded before Flop
Seat 2: tzintzun23 (big blind) folded before Flop
Seat 3: carnadita folded before Flop (didn't bet)
Seat 4: mu1station folded before Flop (didn't bet)
Seat 5: tonyboks folded before Flop (didn't bet)
Seat 6: Lorpugo (button) collected ($0.05)



PokerStars Hand #239471687474:  Hold'em No Limit ($0.01/$0.02 USD) - 2022/10/26 17:15:55 ET
Table 'Pisces III' 6-max Seat #1 is the button
Seat 1: redwhitepl ($2.30 in chips) 
Seat 2: tzintzun23 ($2.13 in chips) 
Seat 3: carnadita ($4.17 in chips) 
Seat 4: mu1station ($1.52 in chips) 
Seat 5: tonyboks ($1.86 in chips) 
Seat 6: Lorpugo ($1.65 in chips) 
tzintzun23: posts small blind $0.01
carnadita: posts big blind $0.02
*** HOLE CARDS ***
Dealt to Lorpugo [4d Kh]
mu1station: folds 
tonyboks: folds 
Lorpugo: folds 
redwhitepl: folds 
tzintzun23: raises $0.04 to $0.06
carnadita: calls $0.04
*** FLOP *** [5s Tc Qd]
tzintzun23: bets $0.04
carnadita: calls $0.04
*** TURN *** [5s Tc Qd] [Ah]
tzintzun23: checks 
carnadita: checks 
*** RIVER *** [5s Tc Qd Ah] [3d]
tzintzun23: checks 
carnadita: bets $0.06
tzintzun23: folds 
Uncalled bet ($0.06) returned to carnadita
carnadita collected $0.19 from pot
carnadita: doesn't show hand 
*** SUMMARY ***
Total pot $0.20 | Rake $0.01 
Board [5s Tc Qd Ah 3d]
Seat 1: redwhitepl (button) folded before Flop (didn't bet)
Seat 2: tzintzun23 (small blind) folded on the River
Seat 3: carnadita (big blind) collected ($0.19)
Seat 4: mu1station folded before Flop (didn't bet)
Seat 5: tonyboks folded before Flop (didn't bet)
Seat 6: Lorpugo folded before Flop (didn't bet)



PokerStars Hand #239471723650:  Hold'em No Limit ($0.01/$0.02 USD) - 2022/10/26 17:17:32 ET
Table 'Pisces III' 6-max Seat #2 is the button
Seat 1: redwhitepl ($2.30 in chips) 
Seat 2: tzintzun23 ($2.03 in chips) 
Seat 3: carnadita ($4.26 in chips) 
Seat 4: mu1station ($1.52 in chips) 
Seat 5: tonyboks ($1.86 in chips) 
Seat 6: Lorpugo ($1.65 in chips) 
carnadita: posts small blind $0.01
mu1station: posts big blind $0.02
*** HOLE CARDS ***
Dealt to Lorpugo [Qd Kc]
tonyboks: folds 
Lorpugo: raises $0.04 to $0.06
redwhitepl: folds 
tzintzun23: folds 
carnadita: folds 
mu1station: folds 
Uncalled bet ($0.04) returned to Lorpugo
Lorpugo collected $0.05 from pot
Lorpugo: doesn't show hand 
*** SUMMARY ***
Total pot $0.05 | Rake $0 
Seat 1: redwhitepl folded before Flop (didn't bet)
Seat 2: tzintzun23 (button) folded before Flop (didn't bet)
Seat 3: carnadita (small blind) folded before Flop
Seat 4: mu1station (big blind) folded before Flop
Seat 5: tonyboks folded before Flop (didn't bet)
Seat 6: Lorpugo collected ($0.05)



PokerStars Hand #239471730342:  Hold'em No Limit ($0.01/$0.02 USD) - 2022/10/26 17:17:50 ET
Table 'Pisces III' 6-max Seat #3 is the button
Seat 1: redwhitepl ($2.30 in chips) 
Seat 2: tzintzun23 ($2.03 in chips) 
Seat 3: carnadita ($4.25 in chips) 
Seat 4: mu1station ($1.50 in chips) 
Seat 5: tonyboks ($1.86 in chips) 
Seat 6: Lorpugo ($1.68 in chips) 
mu1station: posts small blind $0.01
tonyboks: posts big blind $0.02
*** HOLE CARDS ***
Dealt to Lorpugo [Ts 2d]
Lorpugo: folds 
redwhitepl: raises $0.04 to $0.06
Lorpugo leaves the table
tzintzun23: folds 
carnadita: folds 
mu1station: folds 
tonyboks: folds 
Uncalled bet ($0.04) returned to redwhitepl
redwhitepl collected $0.05 from pot
redwhitepl: doesn't show hand 
*** SUMMARY ***
Total pot $0.05 | Rake $0 
Seat 1: redwhitepl collected ($0.05)
Seat 2: tzintzun23 folded before Flop (didn't bet)
Seat 3: carnadita (button) folded before Flop (didn't bet)
Seat 4: mu1station (small blind) folded before Flop
Seat 5: tonyboks (big blind) folded before Flop
Seat 6: Lorpugo folded before Flop (didn't bet)



PokerStars Hand #239471789240:  Hold'em No Limit ($0.01/$0.02 USD) - 2022/10/26 17:20:27 ET
Table 'Pisces III' 6-max Seat #4 is the button
Seat 2: tzintzun23 ($2 in chips) 
Seat 4: mu1station ($1.51 in chips) 
Seat 5: tonyboks ($1.74 in chips) 
Seat 6: Lorpugo ($1.68 in chips) 
tonyboks: posts small blind $0.01
Lorpugo: posts big blind $0.02
carnadita: sits out 
*** HOLE CARDS ***
Dealt to Lorpugo [8c Qc]
tzintzun23: folds 
mu1station: folds 
tonyboks: calls $0.01
Lorpugo: raises $0.10 to $0.12
tonyboks: calls $0.10
*** FLOP *** [Ah 8d Js]
tonyboks: checks 
Lorpugo: bets $0.08
tonyboks: calls $0.08
*** TURN *** [Ah 8d Js] [4h]
tonyboks: checks 
Lorpugo: checks 
*** RIVER *** [Ah 8d Js 4h] [Jc]
tonyboks: bets $0.19
Lorpugo: calls $0.19
*** SHOW DOWN ***
tonyboks: shows [8h Tc] (two pair, Jacks and Eights)
Lorpugo: shows [8c Qc] (two pair, Jacks and Eights)
tonyboks collected $0.38 from pot
Lorpugo collected $0.37 from pot
*** SUMMARY ***
Total pot $0.78 | Rake $0.03 
Board [Ah 8d Js 4h Jc]
Seat 2: tzintzun23 folded before Flop (didn't bet)
Seat 4: mu1station (button) folded before Flop (didn't bet)
Seat 5: tonyboks (small blind) showed [8h Tc] and won ($0.38) with two pair, Jacks and Eights
Seat 6: Lorpugo (big blind) showed [8c Qc] and won ($0.37) with two pair, Jacks and Eights



PokerStars Hand #239471804567:  Hold'em No Limit ($0.01/$0.02 USD) - 2022/10/26 17:21:07 ET
Table 'Pisces III' 6-max Seat #5 is the button
Seat 2: tzintzun23 ($2 in chips) 
Seat 4: mu1station ($1.51 in chips) 
Seat 5: tonyboks ($1.73 in chips) 
Seat 6: Lorpugo ($1.66 in chips) 
Lorpugo: posts small blind $0.01
tzintzun23: posts big blind $0.02
carnadita: sits out 
*** HOLE CARDS ***
Dealt to Lorpugo [Kd Qc]
mu1station: folds 
tonyboks: folds 
Lorpugo: raises $0.04 to $0.06
tzintzun23: folds 
Uncalled bet ($0.04) returned to Lorpugo
Lorpugo collected $0.04 from pot
Lorpugo: doesn't show hand 
*** SUMMARY ***
Total pot $0.04 | Rake $0 
Seat 2: tzintzun23 (big blind) folded before Flop
Seat 4: mu1station folded before Flop (didn't bet)
Seat 5: tonyboks (button) folded before Flop (didn't bet)
Seat 6: Lorpugo (small blind) collected ($0.04)



PokerStars Hand #239471808808:  Hold'em No Limit ($0.01/$0.02 USD) - 2022/10/26 17:21:18 ET
Table 'Pisces III' 6-max Seat #6 is the button
Seat 2: tzintzun23 ($2 in chips) 
Seat 3: carnadita ($4.25 in chips) 
Seat 4: mu1station ($1.51 in chips) 
Seat 5: tonyboks ($1.73 in chips) 
Seat 6: Lorpugo ($1.68 in chips) 
tzintzun23: posts small blind $0.01
carnadita: posts big blind $0.02
*** HOLE CARDS ***
Dealt to Lorpugo [6h Kh]
mu1station: folds 
tonyboks: folds 
Lorpugo: raises $0.04 to $0.06
tzintzun23: folds 
carnadita: calls $0.04
*** FLOP *** [Ts 9h Qh]
carnadita: checks 
Lorpugo: bets $0.09
carnadita: calls $0.09
*** TURN *** [Ts 9h Qh] [5s]
carnadita: checks 
Lorpugo: bets $0.38
carnadita: folds 
Uncalled bet ($0.38) returned to Lorpugo
Lorpugo collected $0.30 from pot
Lorpugo: doesn't show hand 
*** SUMMARY ***
Total pot $0.31 | Rake $0.01 
Board [Ts 9h Qh 5s]
Seat 2: tzintzun23 (small blind) folded before Flop
Seat 3: carnadita (big blind) folded on the Turn
Seat 4: mu1station folded before Flop (didn't bet)
Seat 5: tonyboks folded before Flop (didn't bet)
Seat 6: Lorpugo (button) collected ($0.30)



PokerStars Hand #239471823273:  Hold'em No Limit ($0.01/$0.02 USD) - 2022/10/26 17:21:57 ET
Table 'Pisces III' 6-max Seat #2 is the button
Seat 2: tzintzun23 ($2 in chips) 
Seat 3: carnadita ($4.10 in chips) 
Seat 4: mu1station ($1.51 in chips) 
Seat 5: tonyboks ($1.73 in chips) 
Seat 6: Lorpugo ($1.83 in chips) 
carnadita: posts small blind $0.01
mu1station: posts big blind $0.02
*** HOLE CARDS ***
Dealt to Lorpugo [Ah 6d]
tonyboks: raises $0.02 to $0.04
Lorpugo: folds 
tzintzun23: folds 
carnadita: folds 
mu1station: folds 
Uncalled bet ($0.02) returned to tonyboks
tonyboks collected $0.05 from pot
*** SUMMARY ***
Total pot $0.05 | Rake $0 
Seat 2: tzintzun23 (button) folded before Flop (didn't bet)
Seat 3: carnadita (small blind) folded before Flop
Seat 4: mu1station (big blind) folded before Flop
Seat 5: tonyboks collected ($0.05)
Seat 6: Lorpugo folded before Flop (didn't bet)



PokerStars Hand #239471830218:  Hold'em No Limit ($0.01/$0.02 USD) - 2022/10/26 17:22:15 ET
Table 'Pisces III' 6-max Seat #3 is the button
Seat 2: tzintzun23 ($2 in chips) 
Seat 3: carnadita ($4.09 in chips) 
Seat 4: mu1station ($1.49 in chips) 
Seat 5: tonyboks ($1.76 in chips) 
Seat 6: Lorpugo ($1.83 in chips) 
mu1station: posts small blind $0.01
tonyboks: posts big blind $0.02
*** HOLE CARDS ***
Dealt to Lorpugo [2s Th]
Lorpugo: folds 
tzintzun23: folds 
carnadita: folds 
mu1station: calls $0.01
tonyboks: checks 
*** FLOP *** [Tc 4h Ah]
mu1station: checks 
tonyboks: checks 
*** TURN *** [Tc 4h Ah] [4s]
mu1station: checks 
tonyboks: bets $0.04
mu1station: folds 
Uncalled bet ($0.04) returned to tonyboks
tonyboks collected $0.04 from pot
*** SUMMARY ***
Total pot $0.04 | Rake $0 
Board [Tc 4h Ah 4s]
Seat 2: tzintzun23 folded before Flop (didn't bet)
Seat 3: carnadita (button) folded before Flop (didn't bet)
Seat 4: mu1station (small blind) folded on the Turn
Seat 5: tonyboks (big blind) collected ($0.04)
Seat 6: Lorpugo folded before Flop (didn't bet)



PokerStars Hand #239471841539:  Hold'em No Limit ($0.01/$0.02 USD) - 2022/10/26 17:22:45 ET
Table 'Pisces III' 6-max Seat #4 is the button
Seat 2: tzintzun23 ($2 in chips) 
Seat 3: carnadita ($4.09 in chips) 
Seat 4: mu1station ($1.47 in chips) 
Seat 5: tonyboks ($1.78 in chips) 
Seat 6: Lorpugo ($1.83 in chips) 
tonyboks: posts small blind $0.01
Lorpugo: posts big blind $0.02
*** HOLE CARDS ***
Dealt to Lorpugo [8s 4s]
tzintzun23: folds 
carnadita has timed out
carnadita: folds 
mu1station: folds 
tonyboks: folds 
Uncalled bet ($0.01) returned to Lorpugo
Lorpugo collected $0.02 from pot
Lorpugo: doesn't show hand 
*** SUMMARY ***
Total pot $0.02 | Rake $0 
Seat 2: tzintzun23 folded before Flop (didn't bet)
Seat 3: carnadita folded before Flop (didn't bet)
Seat 4: mu1station (button) folded before Flop (didn't bet)
Seat 5: tonyboks (small blind) folded before Flop
Seat 6: Lorpugo (big blind) collected ($0.02)



PokerStars Hand #239471850991:  Hold'em No Limit ($0.01/$0.02 USD) - 2022/10/26 17:23:10 ET
Table 'Pisces III' 6-max Seat #5 is the button
Seat 2: tzintzun23 ($2 in chips) 
Seat 3: carnadita ($4.09 in chips) 
Seat 4: mu1station ($1.47 in chips) 
Seat 5: tonyboks ($1.77 in chips) 
Seat 6: Lorpugo ($1.84 in chips) 
Lorpugo: posts small blind $0.01
tzintzun23: posts big blind $0.02
*** HOLE CARDS ***
Dealt to Lorpugo [9s 2h]
carnadita has timed out
carnadita: folds 
mu1station: folds 
tonyboks: calls $0.02
Lorpugo: folds 
tzintzun23: checks 
*** FLOP *** [7s As 3d]
tzintzun23: checks 
tonyboks: bets $0.05
tzintzun23: calls $0.05
*** TURN *** [7s As 3d] [Jd]
tzintzun23: checks 
tonyboks: bets $0.14
tzintzun23: folds 
Uncalled bet ($0.14) returned to tonyboks
tonyboks collected $0.14 from pot
*** SUMMARY ***
Total pot $0.15 | Rake $0.01 
Board [7s As 3d Jd]
Seat 2: tzintzun23 (big blind) folded on the Turn
Seat 3: carnadita folded before Flop (didn't bet)
Seat 4: mu1station folded before Flop (didn't bet)
Seat 5: tonyboks (button) collected ($0.14)
Seat 6: Lorpugo (small blind) folded before Flop



PokerStars Hand #239471864192:  Hold'em No Limit ($0.01/$0.02 USD) - 2022/10/26 17:23:46 ET
Table 'Pisces III' 6-max Seat #6 is the button
Seat 2: tzintzun23 ($2 in chips) 
Seat 3: carnadita ($4.09 in chips) 
Seat 4: mu1station ($1.47 in chips) 
Seat 5: tonyboks ($1.84 in chips) 
Seat 6: Lorpugo ($1.83 in chips) 
tzintzun23: posts small blind $0.01
carnadita: posts big blind $0.02
*** HOLE CARDS ***
Dealt to Lorpugo [Jh 4s]
mu1station: calls $0.02
tonyboks: folds 
Lorpugo: folds 
tzintzun23: folds 
carnadita has timed out
carnadita: checks 
*** FLOP *** [3s 9c Ad]
tonyboks leaves the table
sidi19800 joins the table at seat #5 
carnadita has timed out
carnadita: checks 
mu1station: checks 
*** TURN *** [3s 9c Ad] [2c]
carnadita: checks 
mu1station: bets $0.02
carnadita: folds 
Uncalled bet ($0.02) returned to mu1station
mu1station collected $0.05 from pot
mu1station: doesn't show hand 
*** SUMMARY ***
Total pot $0.05 | Rake $0 
Board [3s 9c Ad 2c]
Seat 2: tzintzun23 (small blind) folded before Flop
Seat 3: carnadita (big blind) folded on the Turn
Seat 4: mu1station collected ($0.05)
Seat 5: tonyboks folded before Flop (didn't bet)
Seat 6: Lorpugo (button) folded before Flop (didn't bet)



PokerStars Hand #239471891617:  Hold'em No Limit ($0.01/$0.02 USD) - 2022/10/26 17:25:00 ET
Table 'Pisces III' 6-max Seat #2 is the button
Seat 2: tzintzun23 ($2 in chips) 
Seat 3: carnadita ($4.07 in chips) 
Seat 4: mu1station ($1.50 in chips) 
Seat 5: sidi19800 ($2 in chips) 
Seat 6: Lorpugo ($1.83 in chips) 
carnadita: posts small blind $0.01
mu1station: posts big blind $0.02
sidi19800: posts big blind $0.02
redwhitepl: sits out 
*** HOLE CARDS ***
Dealt to Lorpugo [Ks 9h]
sidi19800: checks 
Lorpugo: raises $0.12 to $0.14
tzintzun23: folds 
carnadita: folds 
mu1station: folds 
sidi19800: calls $0.12
*** FLOP *** [8d 9d Qh]
sidi19800: checks 
Lorpugo: bets $0.88
sidi19800: folds 
Uncalled bet ($0.88) returned to Lorpugo
Lorpugo collected $0.30 from pot
Lorpugo: doesn't show hand 
*** SUMMARY ***
Total pot $0.31 | Rake $0.01 
Board [8d 9d Qh]
Seat 2: tzintzun23 (button) folded before Flop (didn't bet)
Seat 3: carnadita (small blind) folded before Flop
Seat 4: mu1station (big blind) folded before Flop
Seat 5: sidi19800 folded on the Flop
Seat 6: Lorpugo collected ($0.30)



PokerStars Hand #239471907402:  Hold'em No Limit ($0.01/$0.02 USD) - 2022/10/26 17:25:42 ET
Table 'Pisces III' 6-max Seat #3 is the button
Seat 2: tzintzun23 ($2 in chips) 
Seat 3: carnadita ($4.06 in chips) 
Seat 4: mu1station ($1.48 in chips) 
Seat 5: sidi19800 ($1.86 in chips) 
Seat 6: Lorpugo ($1.99 in chips) 
mu1station: posts small blind $0.01
sidi19800: posts big blind $0.02
redwhitepl: sits out 
*** HOLE CARDS ***
Dealt to Lorpugo [3s Js]
Lorpugo: folds 
tzintzun23: raises $0.04 to $0.06
carnadita: folds 
mu1station: folds 
sidi19800: calls $0.04
*** FLOP *** [Jh 9c 4d]
sidi19800: checks 
tzintzun23: bets $0.10
sidi19800: calls $0.10
*** TURN *** [Jh 9c 4d] [Ah]
sidi19800: bets $0.02
tzintzun23: calls $0.02
*** RIVER *** [Jh 9c 4d Ah] [9h]
sidi19800: bets $0.10
tzintzun23: calls $0.10
*** SHOW DOWN ***
sidi19800: shows [8c 8h] (two pair, Nines and Eights)
tzintzun23: shows [Qh Jc] (two pair, Jacks and Nines)
tzintzun23 collected $0.55 from pot
*** SUMMARY ***
Total pot $0.57 | Rake $0.02 
Board [Jh 9c 4d Ah 9h]
Seat 2: tzintzun23 showed [Qh Jc] and won ($0.55) with two pair, Jacks and Nines
Seat 3: carnadita (button) folded before Flop (didn't bet)
Seat 4: mu1station (small blind) folded before Flop
Seat 5: sidi19800 (big blind) showed [8c 8h] and lost with two pair, Nines and Eights
Seat 6: Lorpugo folded before Flop (didn't bet)



