PokerStars Hand #239588429994:  Hold'em No Limit ($0.01/$0.02 USD) - 2022/11/01 14:36:20 ET
Table 'Ausonia IV' 6-max Seat #5 is the button
Seat 1: LeeRoy3663 ($1.82 in chips) 
Seat 2: Lorpugo ($1.60 in chips) 
Seat 3: gavicasanova ($2.27 in chips) 
Seat 4: HECTOR1500 ($5.76 in chips) 
Seat 5: DmV1482 ($2 in chips) 
LeeRoy3663: posts small blind $0.01
Lorpugo: posts big blind $0.02
*** HOLE CARDS ***
Dealt to Lorpugo [Jc 8s]
gavicasanova: folds 
HECTOR1500: folds 
DmV1482: folds 
LeeRoy3663: folds 
Uncalled bet ($0.01) returned to Lorpugo
Lorpugo collected $0.02 from pot
Lorpugo: doesn't show hand 
*** SUMMARY ***
Total pot $0.02 | Rake $0 
Seat 1: LeeRoy3663 (small blind) folded before Flop
Seat 2: Lorpugo (big blind) collected ($0.02)
Seat 3: gavicasanova folded before Flop (didn't bet)
Seat 4: HECTOR1500 folded before Flop (didn't bet)
Seat 5: DmV1482 (button) folded before Flop (didn't bet)



PokerStars Hand #239588434012:  Hold'em No Limit ($0.01/$0.02 USD) - 2022/11/01 14:36:31 ET
Table 'Ausonia IV' 6-max Seat #1 is the button
Seat 1: LeeRoy3663 ($1.81 in chips) 
Seat 2: Lorpugo ($1.61 in chips) 
Seat 3: gavicasanova ($2.27 in chips) 
Seat 4: HECTOR1500 ($5.76 in chips) 
Seat 5: DmV1482 ($2 in chips) 
Lorpugo: posts small blind $0.01
gavicasanova: posts big blind $0.02
*** HOLE CARDS ***
Dealt to Lorpugo [2s 9d]
HECTOR1500: raises $0.04 to $0.06
DmV1482: folds 
LeeRoy3663: calls $0.06
Lorpugo: folds 
gavicasanova: folds 
*** FLOP *** [Ts Jd Qh]
HECTOR1500: bets $0.04
LeeRoy3663: calls $0.04
*** TURN *** [Ts Jd Qh] [5h]
HECTOR1500: checks 
LeeRoy3663: checks 
*** RIVER *** [Ts Jd Qh 5h] [Js]
HECTOR1500: checks 
LeeRoy3663: bets $0.11
HECTOR1500: folds 
Uncalled bet ($0.11) returned to LeeRoy3663
LeeRoy3663 collected $0.22 from pot
*** SUMMARY ***
Total pot $0.23 | Rake $0.01 
Board [Ts Jd Qh 5h Js]
Seat 1: LeeRoy3663 (button) collected ($0.22)
Seat 2: Lorpugo (small blind) folded before Flop
Seat 3: gavicasanova (big blind) folded before Flop
Seat 4: HECTOR1500 folded on the River
Seat 5: DmV1482 folded before Flop (didn't bet)



PokerStars Hand #239588449040:  Hold'em No Limit ($0.01/$0.02 USD) - 2022/11/01 14:37:11 ET
Table 'Ausonia IV' 6-max Seat #2 is the button
Seat 1: LeeRoy3663 ($1.93 in chips) 
Seat 2: Lorpugo ($1.60 in chips) 
Seat 4: HECTOR1500 ($5.66 in chips) 
Seat 5: DmV1482 ($2 in chips) 
gavicasanova has timed out
gavicasanova: is sitting out 
HECTOR1500: posts small blind $0.01
DmV1482: posts big blind $0.02
*** HOLE CARDS ***
Dealt to Lorpugo [5h 3s]
LeeRoy3663: folds 
Lorpugo: folds 
HECTOR1500: folds 
Uncalled bet ($0.01) returned to DmV1482
DmV1482 collected $0.02 from pot
DmV1482: doesn't show hand 
*** SUMMARY ***
Total pot $0.02 | Rake $0 
Seat 1: LeeRoy3663 folded before Flop (didn't bet)
Seat 2: Lorpugo (button) folded before Flop (didn't bet)
Seat 4: HECTOR1500 (small blind) folded before Flop
Seat 5: DmV1482 (big blind) collected ($0.02)



PokerStars Hand #239588456222:  Hold'em No Limit ($0.01/$0.02 USD) - 2022/11/01 14:37:30 ET
Table 'Ausonia IV' 6-max Seat #4 is the button
Seat 1: LeeRoy3663 ($1.93 in chips) 
Seat 2: Lorpugo ($1.60 in chips) 
Seat 4: HECTOR1500 ($5.65 in chips) 
Seat 5: DmV1482 ($2.01 in chips) 
DmV1482: posts small blind $0.01
LeeRoy3663: posts big blind $0.02
*** HOLE CARDS ***
Dealt to Lorpugo [2s 2h]
Lorpugo: raises $0.04 to $0.06
HECTOR1500: folds 
DmV1482: folds 
gavicasanova is disconnected 
LeeRoy3663: folds 
Uncalled bet ($0.04) returned to Lorpugo
Lorpugo collected $0.05 from pot
Lorpugo: doesn't show hand 
*** SUMMARY ***
Total pot $0.05 | Rake $0 
Seat 1: LeeRoy3663 (big blind) folded before Flop
Seat 2: Lorpugo collected ($0.05)
Seat 4: HECTOR1500 (button) folded before Flop (didn't bet)
Seat 5: DmV1482 (small blind) folded before Flop



PokerStars Hand #239588461045:  Hold'em No Limit ($0.01/$0.02 USD) - 2022/11/01 14:37:43 ET
Table 'Ausonia IV' 6-max Seat #5 is the button
Seat 1: LeeRoy3663 ($1.91 in chips) 
Seat 2: Lorpugo ($1.63 in chips) 
Seat 4: HECTOR1500 ($5.65 in chips) 
Seat 5: DmV1482 ($2 in chips) 
LeeRoy3663: posts small blind $0.01
Lorpugo: posts big blind $0.02
*** HOLE CARDS ***
Dealt to Lorpugo [Tc Kh]
HECTOR1500: raises $0.04 to $0.06
DmV1482: folds 
LeeRoy3663: folds 
Lorpugo: calls $0.04
*** FLOP *** [7d 6s 3c]
Lorpugo: checks 
HECTOR1500: bets $0.04
Lorpugo: calls $0.04
*** TURN *** [7d 6s 3c] [4c]
Lorpugo: checks 
HECTOR1500: bets $0.15
Lorpugo: folds 
Uncalled bet ($0.15) returned to HECTOR1500
HECTOR1500 collected $0.20 from pot
HECTOR1500: doesn't show hand 
*** SUMMARY ***
Total pot $0.21 | Rake $0.01 
Board [7d 6s 3c 4c]
Seat 1: LeeRoy3663 (small blind) folded before Flop
Seat 2: Lorpugo (big blind) folded on the Turn
Seat 4: HECTOR1500 collected ($0.20)
Seat 5: DmV1482 (button) folded before Flop (didn't bet)



PokerStars Hand #239588478032:  Hold'em No Limit ($0.01/$0.02 USD) - 2022/11/01 14:38:29 ET
Table 'Ausonia IV' 6-max Seat #1 is the button
Seat 1: LeeRoy3663 ($1.90 in chips) 
Seat 2: Lorpugo ($1.53 in chips) 
Seat 3: gavicasanova ($2.25 in chips) 
Seat 4: HECTOR1500 ($5.75 in chips) 
Seat 5: DmV1482 ($2 in chips) 
Lorpugo: posts small blind $0.01
gavicasanova: posts big blind $0.02
*** HOLE CARDS ***
Dealt to Lorpugo [Tc 8h]
HECTOR1500: raises $0.04 to $0.06
DmV1482: folds 
LeeRoy3663: folds 
Lorpugo: folds 
gavicasanova: calls $0.04
*** FLOP *** [Qs Kc 3d]
gavicasanova: checks 
HECTOR1500: checks 
*** TURN *** [Qs Kc 3d] [Ac]
gavicasanova: checks 
HECTOR1500: bets $0.10
gavicasanova: folds 
Uncalled bet ($0.10) returned to HECTOR1500
HECTOR1500 collected $0.13 from pot
HECTOR1500: doesn't show hand 
*** SUMMARY ***
Total pot $0.13 | Rake $0 
Board [Qs Kc 3d Ac]
Seat 1: LeeRoy3663 (button) folded before Flop (didn't bet)
Seat 2: Lorpugo (small blind) folded before Flop
Seat 3: gavicasanova (big blind) folded on the Turn
Seat 4: HECTOR1500 collected ($0.13)
Seat 5: DmV1482 folded before Flop (didn't bet)



PokerStars Hand #239588490931:  Hold'em No Limit ($0.01/$0.02 USD) - 2022/11/01 14:39:03 ET
Table 'Ausonia IV' 6-max Seat #2 is the button
Seat 1: LeeRoy3663 ($1.90 in chips) 
Seat 2: Lorpugo ($1.52 in chips) 
Seat 3: gavicasanova ($2.19 in chips) 
Seat 4: HECTOR1500 ($5.82 in chips) 
Seat 5: DmV1482 ($2 in chips) 
gavicasanova: posts small blind $0.01
HECTOR1500: posts big blind $0.02
*** HOLE CARDS ***
Dealt to Lorpugo [3d 3c]
DmV1482: folds 
LeeRoy3663: folds 
Lorpugo: raises $0.04 to $0.06
gavicasanova: folds 
HECTOR1500: folds 
Uncalled bet ($0.04) returned to Lorpugo
Lorpugo collected $0.05 from pot
Lorpugo: doesn't show hand 
*** SUMMARY ***
Total pot $0.05 | Rake $0 
Seat 1: LeeRoy3663 folded before Flop (didn't bet)
Seat 2: Lorpugo (button) collected ($0.05)
Seat 3: gavicasanova (small blind) folded before Flop
Seat 4: HECTOR1500 (big blind) folded before Flop
Seat 5: DmV1482 folded before Flop (didn't bet)



PokerStars Hand #239588496184:  Hold'em No Limit ($0.01/$0.02 USD) - 2022/11/01 14:39:16 ET
Table 'Ausonia IV' 6-max Seat #3 is the button
Seat 1: LeeRoy3663 ($1.90 in chips) 
Seat 2: Lorpugo ($1.55 in chips) 
Seat 3: gavicasanova ($2.18 in chips) 
Seat 4: HECTOR1500 ($5.80 in chips) 
Seat 5: DmV1482 ($2 in chips) 
HECTOR1500: posts small blind $0.01
DmV1482: posts big blind $0.02
*** HOLE CARDS ***
Dealt to Lorpugo [9s 7s]
LeeRoy3663: folds 
Lorpugo: raises $0.04 to $0.06
gavicasanova: folds 
HECTOR1500: folds 
DmV1482: folds 
Uncalled bet ($0.04) returned to Lorpugo
Lorpugo collected $0.05 from pot
Lorpugo: doesn't show hand 
*** SUMMARY ***
Total pot $0.05 | Rake $0 
Seat 1: LeeRoy3663 folded before Flop (didn't bet)
Seat 2: Lorpugo collected ($0.05)
Seat 3: gavicasanova (button) folded before Flop (didn't bet)
Seat 4: HECTOR1500 (small blind) folded before Flop
Seat 5: DmV1482 (big blind) folded before Flop



PokerStars Hand #239588506080:  Hold'em No Limit ($0.01/$0.02 USD) - 2022/11/01 14:39:42 ET
Table 'Ausonia IV' 6-max Seat #4 is the button
Seat 1: LeeRoy3663 ($1.90 in chips) 
Seat 2: Lorpugo ($1.58 in chips) 
Seat 3: gavicasanova ($2.18 in chips) 
Seat 4: HECTOR1500 ($5.79 in chips) 
Seat 5: DmV1482 ($2 in chips) 
DmV1482: posts small blind $0.01
LeeRoy3663: posts big blind $0.02
*** HOLE CARDS ***
Dealt to Lorpugo [8d Js]
Lorpugo: folds 
gavicasanova: folds 
HECTOR1500: raises $0.03 to $0.05
DmV1482: folds 
LeeRoy3663: folds 
Uncalled bet ($0.03) returned to HECTOR1500
HECTOR1500 collected $0.05 from pot
HECTOR1500: doesn't show hand 
*** SUMMARY ***
Total pot $0.05 | Rake $0 
Seat 1: LeeRoy3663 (big blind) folded before Flop
Seat 2: Lorpugo folded before Flop (didn't bet)
Seat 3: gavicasanova folded before Flop (didn't bet)
Seat 4: HECTOR1500 (button) collected ($0.05)
Seat 5: DmV1482 (small blind) folded before Flop



PokerStars Hand #239588512605:  Hold'em No Limit ($0.01/$0.02 USD) - 2022/11/01 14:40:00 ET
Table 'Ausonia IV' 6-max Seat #5 is the button
Seat 1: LeeRoy3663 ($1.88 in chips) 
Seat 2: Lorpugo ($1.58 in chips) 
Seat 3: gavicasanova ($2.18 in chips) 
Seat 4: HECTOR1500 ($5.82 in chips) 
Seat 5: DmV1482 ($2 in chips) 
LeeRoy3663: posts small blind $0.01
Lorpugo: posts big blind $0.02
*** HOLE CARDS ***
Dealt to Lorpugo [Qh 4s]
gavicasanova: folds 
HECTOR1500: folds 
DmV1482: folds 
LeeRoy3663: folds 
Uncalled bet ($0.01) returned to Lorpugo
Lorpugo collected $0.02 from pot
Lorpugo: doesn't show hand 
*** SUMMARY ***
Total pot $0.02 | Rake $0 
Seat 1: LeeRoy3663 (small blind) folded before Flop
Seat 2: Lorpugo (big blind) collected ($0.02)
Seat 3: gavicasanova folded before Flop (didn't bet)
Seat 4: HECTOR1500 folded before Flop (didn't bet)
Seat 5: DmV1482 (button) folded before Flop (didn't bet)



PokerStars Hand #239588517038:  Hold'em No Limit ($0.01/$0.02 USD) - 2022/11/01 14:40:11 ET
Table 'Ausonia IV' 6-max Seat #1 is the button
Seat 1: LeeRoy3663 ($1.87 in chips) 
Seat 2: Lorpugo ($1.59 in chips) 
Seat 3: gavicasanova ($2.18 in chips) 
Seat 4: HECTOR1500 ($5.82 in chips) 
Seat 5: DmV1482 ($2 in chips) 
Lorpugo: posts small blind $0.01
gavicasanova: posts big blind $0.02
*** HOLE CARDS ***
Dealt to Lorpugo [Qc 9d]
HECTOR1500: folds 
DmV1482: folds 
LeeRoy3663: raises $0.02 to $0.04
Lorpugo: calls $0.03
gavicasanova: folds 
*** FLOP *** [Jh 5d 8h]
Lorpugo: checks 
LeeRoy3663: bets $0.05
Lorpugo: calls $0.05
*** TURN *** [Jh 5d 8h] [7d]
Lorpugo: checks 
LeeRoy3663: checks 
*** RIVER *** [Jh 5d 8h 7d] [2s]
Lorpugo: bets $0.16
LeeRoy3663: folds 
Uncalled bet ($0.16) returned to Lorpugo
Lorpugo collected $0.19 from pot
Lorpugo: doesn't show hand 
*** SUMMARY ***
Total pot $0.20 | Rake $0.01 
Board [Jh 5d 8h 7d 2s]
Seat 1: LeeRoy3663 (button) folded on the River
Seat 2: Lorpugo (small blind) collected ($0.19)
Seat 3: gavicasanova (big blind) folded before Flop
Seat 4: HECTOR1500 folded before Flop (didn't bet)
Seat 5: DmV1482 folded before Flop (didn't bet)



PokerStars Hand #239588544807:  Hold'em No Limit ($0.01/$0.02 USD) - 2022/11/01 14:41:25 ET
Table 'Ausonia IV' 6-max Seat #2 is the button
Seat 1: LeeRoy3663 ($1.78 in chips) 
Seat 2: Lorpugo ($1.69 in chips) 
Seat 3: gavicasanova ($2.16 in chips) 
Seat 4: HECTOR1500 ($5.82 in chips) 
Seat 5: DmV1482 ($2 in chips) 
gavicasanova: posts small blind $0.01
HECTOR1500: posts big blind $0.02
*** HOLE CARDS ***
Dealt to Lorpugo [Jd Ac]
DmV1482: folds 
LeeRoy3663: folds 
Lorpugo: raises $0.04 to $0.06
gavicasanova: folds 
HECTOR1500: folds 
Uncalled bet ($0.04) returned to Lorpugo
Lorpugo collected $0.05 from pot
Lorpugo: doesn't show hand 
*** SUMMARY ***
Total pot $0.05 | Rake $0 
Seat 1: LeeRoy3663 folded before Flop (didn't bet)
Seat 2: Lorpugo (button) collected ($0.05)
Seat 3: gavicasanova (small blind) folded before Flop
Seat 4: HECTOR1500 (big blind) folded before Flop
Seat 5: DmV1482 folded before Flop (didn't bet)



PokerStars Hand #239588549501:  Hold'em No Limit ($0.01/$0.02 USD) - 2022/11/01 14:41:38 ET
Table 'Ausonia IV' 6-max Seat #3 is the button
Seat 1: LeeRoy3663 ($1.78 in chips) 
Seat 2: Lorpugo ($1.72 in chips) 
Seat 3: gavicasanova ($2.15 in chips) 
Seat 4: HECTOR1500 ($5.80 in chips) 
Seat 5: DmV1482 ($2 in chips) 
HECTOR1500: posts small blind $0.01
DmV1482: posts big blind $0.02
*** HOLE CARDS ***
Dealt to Lorpugo [3h 5c]
LeeRoy3663: folds 
Lorpugo: folds 
gavicasanova: folds 
HECTOR1500: folds 
Uncalled bet ($0.01) returned to DmV1482
DmV1482 collected $0.02 from pot
DmV1482: doesn't show hand 
*** SUMMARY ***
Total pot $0.02 | Rake $0 
Seat 1: LeeRoy3663 folded before Flop (didn't bet)
Seat 2: Lorpugo folded before Flop (didn't bet)
Seat 3: gavicasanova (button) folded before Flop (didn't bet)
Seat 4: HECTOR1500 (small blind) folded before Flop
Seat 5: DmV1482 (big blind) collected ($0.02)



PokerStars Hand #239588554245:  Hold'em No Limit ($0.01/$0.02 USD) - 2022/11/01 14:41:50 ET
Table 'Ausonia IV' 6-max Seat #4 is the button
Seat 1: LeeRoy3663 ($1.78 in chips) 
Seat 2: Lorpugo ($1.72 in chips) 
Seat 3: gavicasanova ($2.15 in chips) 
Seat 4: HECTOR1500 ($5.79 in chips) 
Seat 5: DmV1482 ($2.01 in chips) 
DmV1482: posts small blind $0.01
LeeRoy3663: posts big blind $0.02
*** HOLE CARDS ***
Dealt to Lorpugo [Qc 5c]
Lorpugo: folds 
gavicasanova: folds 
HECTOR1500: folds 
DmV1482: folds 
Uncalled bet ($0.01) returned to LeeRoy3663
LeeRoy3663 collected $0.02 from pot
noobstyle777 leaves the table
*** SUMMARY ***
Total pot $0.02 | Rake $0 
Seat 1: LeeRoy3663 (big blind) collected ($0.02)
Seat 2: Lorpugo folded before Flop (didn't bet)
Seat 3: gavicasanova folded before Flop (didn't bet)
Seat 4: HECTOR1500 (button) folded before Flop (didn't bet)
Seat 5: DmV1482 (small blind) folded before Flop



PokerStars Hand #239588559148:  Hold'em No Limit ($0.01/$0.02 USD) - 2022/11/01 14:42:03 ET
Table 'Ausonia IV' 6-max Seat #5 is the button
Seat 1: LeeRoy3663 ($1.79 in chips) 
Seat 2: Lorpugo ($1.72 in chips) 
Seat 3: gavicasanova ($2.15 in chips) 
Seat 4: HECTOR1500 ($5.79 in chips) 
Seat 5: DmV1482 ($2 in chips) 
LeeRoy3663: posts small blind $0.01
Lorpugo: posts big blind $0.02
*** HOLE CARDS ***
Dealt to Lorpugo [Ks 7s]
gavicasanova: folds 
G4bro83CZ joins the table at seat #6 
HECTOR1500: folds 
DmV1482: raises $0.04 to $0.06
LeeRoy3663: raises $0.04 to $0.10
Lorpugo: calls $0.08
DmV1482: calls $0.04
*** FLOP *** [6d 6h 4d]
LeeRoy3663: bets $0.17
Lorpugo: folds 
DmV1482: calls $0.17
*** TURN *** [6d 6h 4d] [2s]
LeeRoy3663: bets $0.31
DmV1482: folds 
Uncalled bet ($0.31) returned to LeeRoy3663
LeeRoy3663 collected $0.62 from pot
*** SUMMARY ***
Total pot $0.64 | Rake $0.02 
Board [6d 6h 4d 2s]
Seat 1: LeeRoy3663 (small blind) collected ($0.62)
Seat 2: Lorpugo (big blind) folded on the Flop
Seat 3: gavicasanova folded before Flop (didn't bet)
Seat 4: HECTOR1500 folded before Flop (didn't bet)
Seat 5: DmV1482 (button) folded on the Turn



PokerStars Hand #239588579912:  Hold'em No Limit ($0.01/$0.02 USD) - 2022/11/01 14:42:58 ET
Table 'Ausonia IV' 6-max Seat #1 is the button
Seat 1: LeeRoy3663 ($2.14 in chips) 
Seat 2: Lorpugo ($1.62 in chips) 
Seat 3: gavicasanova ($2.15 in chips) 
Seat 4: HECTOR1500 ($5.79 in chips) 
Seat 5: DmV1482 ($2 in chips) 
Lorpugo: posts small blind $0.01
gavicasanova: posts big blind $0.02
G4bro83CZ: sits out 
*** HOLE CARDS ***
Dealt to Lorpugo [Td Kh]
HECTOR1500: folds 
DmV1482: raises $0.04 to $0.06
LeeRoy3663: folds 
Lorpugo: calls $0.05
gavicasanova: calls $0.04
*** FLOP *** [8d Qd 4h]
Lorpugo: checks 
gavicasanova: checks 
DmV1482: bets $0.11
Lorpugo: calls $0.11
gavicasanova: folds 
*** TURN *** [8d Qd 4h] [Ts]
Lorpugo: bets $0.13
DmV1482: calls $0.13
*** RIVER *** [8d Qd 4h Ts] [2s]
Lorpugo: checks 
DmV1482: checks 
*** SHOW DOWN ***
Lorpugo: shows [Td Kh] (a pair of Tens)
DmV1482: mucks hand 
Lorpugo collected $0.64 from pot
*** SUMMARY ***
Total pot $0.66 | Rake $0.02 
Board [8d Qd 4h Ts 2s]
Seat 1: LeeRoy3663 (button) folded before Flop (didn't bet)
Seat 2: Lorpugo (small blind) showed [Td Kh] and won ($0.64) with a pair of Tens
Seat 3: gavicasanova (big blind) folded on the Flop
Seat 4: HECTOR1500 folded before Flop (didn't bet)
Seat 5: DmV1482 mucked [4d Ad]



PokerStars Hand #239588597927:  Hold'em No Limit ($0.01/$0.02 USD) - 2022/11/01 14:43:46 ET
Table 'Ausonia IV' 6-max Seat #2 is the button
Seat 1: LeeRoy3663 ($2.14 in chips) 
Seat 2: Lorpugo ($1.96 in chips) 
Seat 3: gavicasanova ($2.09 in chips) 
Seat 4: HECTOR1500 ($5.79 in chips) 
Seat 5: DmV1482 ($2 in chips) 
gavicasanova: posts small blind $0.01
HECTOR1500: posts big blind $0.02
G4bro83CZ: sits out 
*** HOLE CARDS ***
Dealt to Lorpugo [7h Jd]
DmV1482: folds 
LeeRoy3663: folds 
Lorpugo: raises $0.04 to $0.06
gavicasanova: raises $0.18 to $0.24
HECTOR1500: folds 
Lorpugo: folds 
Uncalled bet ($0.18) returned to gavicasanova
gavicasanova collected $0.14 from pot
gavicasanova: doesn't show hand 
*** SUMMARY ***
Total pot $0.14 | Rake $0 
Seat 1: LeeRoy3663 folded before Flop (didn't bet)
Seat 2: Lorpugo (button) folded before Flop
Seat 3: gavicasanova (small blind) collected ($0.14)
Seat 4: HECTOR1500 (big blind) folded before Flop
Seat 5: DmV1482 folded before Flop (didn't bet)



PokerStars Hand #239588605661:  Hold'em No Limit ($0.01/$0.02 USD) - 2022/11/01 14:44:07 ET
Table 'Ausonia IV' 6-max Seat #4 is the button
Seat 1: LeeRoy3663 ($2.14 in chips) 
Seat 2: Lorpugo ($1.90 in chips) 
Seat 4: HECTOR1500 ($5.77 in chips) 
Seat 5: DmV1482 ($2 in chips) 
Seat 6: G4bro83CZ ($1.60 in chips) 
DmV1482: posts small blind $0.01
G4bro83CZ: posts big blind $0.02
*** HOLE CARDS ***
Dealt to Lorpugo [Td 7d]
LeeRoy3663: folds 
Lorpugo: raises $0.04 to $0.06
HECTOR1500: folds 
DmV1482: calls $0.05
G4bro83CZ: folds 
*** FLOP *** [Jc 9d 2d]
DmV1482: checks 
Lorpugo: bets $0.05
DmV1482: calls $0.05
*** TURN *** [Jc 9d 2d] [5c]
DmV1482: checks 
Lorpugo: bets $0.16
DmV1482: folds 
Uncalled bet ($0.16) returned to Lorpugo
Lorpugo collected $0.23 from pot
Lorpugo: doesn't show hand 
*** SUMMARY ***
Total pot $0.24 | Rake $0.01 
Board [Jc 9d 2d 5c]
Seat 1: LeeRoy3663 folded before Flop (didn't bet)
Seat 2: Lorpugo collected ($0.23)
Seat 4: HECTOR1500 (button) folded before Flop (didn't bet)
Seat 5: DmV1482 (small blind) folded on the Turn
Seat 6: G4bro83CZ (big blind) folded before Flop



PokerStars Hand #239588624146:  Hold'em No Limit ($0.01/$0.02 USD) - 2022/11/01 14:44:56 ET
Table 'Ausonia IV' 6-max Seat #5 is the button
Seat 1: LeeRoy3663 ($2.14 in chips) 
Seat 2: Lorpugo ($2.02 in chips) 
Seat 4: HECTOR1500 ($5.77 in chips) 
Seat 5: DmV1482 ($2 in chips) 
Seat 6: G4bro83CZ ($1.58 in chips) 
G4bro83CZ: posts small blind $0.01
LeeRoy3663: posts big blind $0.02
*** HOLE CARDS ***
Dealt to Lorpugo [Qc 3s]
Lorpugo: folds 
HECTOR1500: folds 
DmV1482: raises $0.04 to $0.06
G4bro83CZ: folds 
LeeRoy3663: folds 
Uncalled bet ($0.04) returned to DmV1482
DmV1482 collected $0.05 from pot
DmV1482: doesn't show hand 
*** SUMMARY ***
Total pot $0.05 | Rake $0 
Seat 1: LeeRoy3663 (big blind) folded before Flop
Seat 2: Lorpugo folded before Flop (didn't bet)
Seat 4: HECTOR1500 folded before Flop (didn't bet)
Seat 5: DmV1482 (button) collected ($0.05)
Seat 6: G4bro83CZ (small blind) folded before Flop



PokerStars Hand #239588632726:  Hold'em No Limit ($0.01/$0.02 USD) - 2022/11/01 14:45:18 ET
Table 'Ausonia IV' 6-max Seat #6 is the button
Seat 1: LeeRoy3663 ($2.12 in chips) 
Seat 2: Lorpugo ($2.02 in chips) 
Seat 4: HECTOR1500 ($5.77 in chips) 
Seat 5: DmV1482 ($2.03 in chips) 
Seat 6: G4bro83CZ ($1.57 in chips) 
LeeRoy3663: posts small blind $0.01
Lorpugo: posts big blind $0.02
*** HOLE CARDS ***
Dealt to Lorpugo [3s 5h]
HECTOR1500: folds 
DmV1482: raises $0.04 to $0.06
G4bro83CZ: calls $0.06
LeeRoy3663: folds 
Lorpugo: folds 
*** FLOP *** [Kd 5c 5s]
DmV1482: bets $0.07
G4bro83CZ: folds 
Uncalled bet ($0.07) returned to DmV1482
DmV1482 collected $0.14 from pot
DmV1482: doesn't show hand 
*** SUMMARY ***
Total pot $0.15 | Rake $0.01 
Board [Kd 5c 5s]
Seat 1: LeeRoy3663 (small blind) folded before Flop
Seat 2: Lorpugo (big blind) folded before Flop
Seat 4: HECTOR1500 folded before Flop (didn't bet)
Seat 5: DmV1482 collected ($0.14)
Seat 6: G4bro83CZ (button) folded on the Flop



PokerStars Hand #239588641100:  Hold'em No Limit ($0.01/$0.02 USD) - 2022/11/01 14:45:41 ET
Table 'Ausonia IV' 6-max Seat #1 is the button
Seat 1: LeeRoy3663 ($2.11 in chips) 
Seat 2: Lorpugo ($2 in chips) 
Seat 4: HECTOR1500 ($5.77 in chips) 
Seat 5: DmV1482 ($2.11 in chips) 
Seat 6: G4bro83CZ ($1.51 in chips) 
Lorpugo: posts small blind $0.01
HECTOR1500: posts big blind $0.02
*** HOLE CARDS ***
Dealt to Lorpugo [9d 7h]
DmV1482: folds 
G4bro83CZ: folds 
LeeRoy3663: folds 
Lorpugo: raises $0.04 to $0.06
HECTOR1500: folds 
Uncalled bet ($0.04) returned to Lorpugo
Lorpugo collected $0.04 from pot
Lorpugo: doesn't show hand 
*** SUMMARY ***
Total pot $0.04 | Rake $0 
Seat 1: LeeRoy3663 (button) folded before Flop (didn't bet)
Seat 2: Lorpugo (small blind) collected ($0.04)
Seat 4: HECTOR1500 (big blind) folded before Flop
Seat 5: DmV1482 folded before Flop (didn't bet)
Seat 6: G4bro83CZ folded before Flop (didn't bet)



PokerStars Hand #239588648191:  Hold'em No Limit ($0.01/$0.02 USD) - 2022/11/01 14:46:00 ET
Table 'Ausonia IV' 6-max Seat #2 is the button
Seat 1: LeeRoy3663 ($2.11 in chips) 
Seat 2: Lorpugo ($2.02 in chips) 
Seat 4: HECTOR1500 ($5.75 in chips) 
Seat 5: DmV1482 ($2.11 in chips) 
Seat 6: G4bro83CZ ($1.51 in chips) 
HECTOR1500: posts small blind $0.01
DmV1482: posts big blind $0.02
*** HOLE CARDS ***
Dealt to Lorpugo [Ad 8h]
G4bro83CZ: folds 
LeeRoy3663: folds 
Lorpugo: raises $0.04 to $0.06
HECTOR1500: folds 
DmV1482: folds 
Uncalled bet ($0.04) returned to Lorpugo
Lorpugo collected $0.05 from pot
Lorpugo: doesn't show hand 
*** SUMMARY ***
Total pot $0.05 | Rake $0 
Seat 1: LeeRoy3663 folded before Flop (didn't bet)
Seat 2: Lorpugo (button) collected ($0.05)
Seat 4: HECTOR1500 (small blind) folded before Flop
Seat 5: DmV1482 (big blind) folded before Flop
Seat 6: G4bro83CZ folded before Flop (didn't bet)



PokerStars Hand #239588655674:  Hold'em No Limit ($0.01/$0.02 USD) - 2022/11/01 14:46:20 ET
Table 'Ausonia IV' 6-max Seat #4 is the button
Seat 1: LeeRoy3663 ($2.11 in chips) 
Seat 2: Lorpugo ($2.05 in chips) 
Seat 4: HECTOR1500 ($5.74 in chips) 
Seat 5: DmV1482 ($2.09 in chips) 
Seat 6: G4bro83CZ ($1.51 in chips) 
DmV1482: posts small blind $0.01
G4bro83CZ: posts big blind $0.02
*** HOLE CARDS ***
Dealt to Lorpugo [5s 9s]
LeeRoy3663: folds 
Lorpugo: raises $0.04 to $0.06
HECTOR1500: folds 
DmV1482: calls $0.05
G4bro83CZ: folds 
*** FLOP *** [Td 9c 4d]
DmV1482: checks 
Lorpugo: bets $0.09
DmV1482: calls $0.09
*** TURN *** [Td 9c 4d] [8c]
DmV1482: checks 
Lorpugo: bets $0.20
DmV1482: folds 
Uncalled bet ($0.20) returned to Lorpugo
Lorpugo collected $0.31 from pot
Lorpugo: doesn't show hand 
*** SUMMARY ***
Total pot $0.32 | Rake $0.01 
Board [Td 9c 4d 8c]
Seat 1: LeeRoy3663 folded before Flop (didn't bet)
Seat 2: Lorpugo collected ($0.31)
Seat 4: HECTOR1500 (button) folded before Flop (didn't bet)
Seat 5: DmV1482 (small blind) folded on the Turn
Seat 6: G4bro83CZ (big blind) folded before Flop



PokerStars Hand #239588670419:  Hold'em No Limit ($0.01/$0.02 USD) - 2022/11/01 14:46:59 ET
Table 'Ausonia IV' 6-max Seat #5 is the button
Seat 1: LeeRoy3663 ($2.11 in chips) 
Seat 2: Lorpugo ($2.21 in chips) 
Seat 4: HECTOR1500 ($5.74 in chips) 
Seat 5: DmV1482 ($2 in chips) 
Seat 6: G4bro83CZ ($1.49 in chips) 
G4bro83CZ: posts small blind $0.01
LeeRoy3663: posts big blind $0.02
*** HOLE CARDS ***
Dealt to Lorpugo [3s 7s]
Lorpugo: folds 
HECTOR1500: raises $0.04 to $0.06
DmV1482: folds 
G4bro83CZ: folds 
LeeRoy3663: folds 
Uncalled bet ($0.04) returned to HECTOR1500
HECTOR1500 collected $0.05 from pot
HECTOR1500: doesn't show hand 
*** SUMMARY ***
Total pot $0.05 | Rake $0 
Seat 1: LeeRoy3663 (big blind) folded before Flop
Seat 2: Lorpugo folded before Flop (didn't bet)
Seat 4: HECTOR1500 collected ($0.05)
Seat 5: DmV1482 (button) folded before Flop (didn't bet)
Seat 6: G4bro83CZ (small blind) folded before Flop



PokerStars Hand #239588683819:  Hold'em No Limit ($0.01/$0.02 USD) - 2022/11/01 14:47:35 ET
Table 'Ausonia IV' 6-max Seat #6 is the button
Seat 1: LeeRoy3663 ($2.09 in chips) 
Seat 2: Lorpugo ($2.21 in chips) 
Seat 4: HECTOR1500 ($5.77 in chips) 
Seat 5: DmV1482 ($2 in chips) 
Seat 6: G4bro83CZ ($1.48 in chips) 
LeeRoy3663: posts small blind $0.01
Lorpugo: posts big blind $0.02
*** HOLE CARDS ***
Dealt to Lorpugo [Jh Tc]
HECTOR1500: raises $0.04 to $0.06
DmV1482: folds 
G4bro83CZ: folds 
LeeRoy3663: folds 
Lorpugo: folds 
Uncalled bet ($0.04) returned to HECTOR1500
HECTOR1500 collected $0.05 from pot
HECTOR1500: doesn't show hand 
*** SUMMARY ***
Total pot $0.05 | Rake $0 
Seat 1: LeeRoy3663 (small blind) folded before Flop
Seat 2: Lorpugo (big blind) folded before Flop
Seat 4: HECTOR1500 collected ($0.05)
Seat 5: DmV1482 folded before Flop (didn't bet)
Seat 6: G4bro83CZ (button) folded before Flop (didn't bet)



PokerStars Hand #239588689287:  Hold'em No Limit ($0.01/$0.02 USD) - 2022/11/01 14:47:50 ET
Table 'Ausonia IV' 6-max Seat #1 is the button
Seat 1: LeeRoy3663 ($2.08 in chips) 
Seat 2: Lorpugo ($2.19 in chips) 
Seat 5: DmV1482 ($2 in chips) 
Seat 6: G4bro83CZ ($1.48 in chips) 
Lorpugo: posts small blind $0.01
HECTOR1500: is sitting out 
DmV1482: posts big blind $0.02
*** HOLE CARDS ***
Dealt to Lorpugo [4h As]
G4bro83CZ: folds 
LeeRoy3663: folds 
Lorpugo: raises $0.04 to $0.06
DmV1482: calls $0.04
*** FLOP *** [Qd 8h 2d]
Lorpugo: bets $0.04
HECTOR1500 leaves the table
DmV1482: calls $0.04
*** TURN *** [Qd 8h 2d] [9d]
Lorpugo: checks 
DmV1482: bets $0.10
Heversonvaz joins the table at seat #4 
Lorpugo: folds 
Uncalled bet ($0.10) returned to DmV1482
gavicasanova leaves the table
DmV1482 collected $0.19 from pot
DmV1482: doesn't show hand 
*** SUMMARY ***
Total pot $0.20 | Rake $0.01 
Board [Qd 8h 2d 9d]
Seat 1: LeeRoy3663 (button) folded before Flop (didn't bet)
Seat 2: Lorpugo (small blind) folded on the Turn
Seat 5: DmV1482 (big blind) collected ($0.19)
Seat 6: G4bro83CZ folded before Flop (didn't bet)



PokerStars Hand #239588701270:  Hold'em No Limit ($0.01/$0.02 USD) - 2022/11/01 14:48:22 ET
Table 'Ausonia IV' 6-max Seat #2 is the button
Seat 1: LeeRoy3663 ($2.08 in chips) 
Seat 2: Lorpugo ($2.09 in chips) 
Seat 5: DmV1482 ($2.09 in chips) 
Seat 6: G4bro83CZ ($1.48 in chips) 
DmV1482: posts small blind $0.01
G4bro83CZ: posts big blind $0.02
*** HOLE CARDS ***
Dealt to Lorpugo [Kd 4d]
LeeRoy3663: folds 
malgomaj1 joins the table at seat #3 
Lorpugo: raises $0.04 to $0.06
DmV1482: calls $0.05
G4bro83CZ: folds 
*** FLOP *** [5h 3d 6c]
DmV1482: checks 
Lorpugo: checks 
*** TURN *** [5h 3d 6c] [Ts]
DmV1482: bets $0.09
Lorpugo: raises $0.21 to $0.30
DmV1482: calls $0.21
*** RIVER *** [5h 3d 6c Ts] [6d]
DmV1482: checks 
Lorpugo: checks 
*** SHOW DOWN ***
DmV1482: shows [3s 3c] (a full house, Threes full of Sixes)
Lorpugo: mucks hand 
DmV1482 collected $0.71 from pot
*** SUMMARY ***
Total pot $0.74 | Rake $0.03 
Board [5h 3d 6c Ts 6d]
Seat 1: LeeRoy3663 folded before Flop (didn't bet)
Seat 2: Lorpugo (button) mucked [Kd 4d]
Seat 5: DmV1482 (small blind) showed [3s 3c] and won ($0.71) with a full house, Threes full of Sixes
Seat 6: G4bro83CZ (big blind) folded before Flop



PokerStars Hand #239588721694:  Hold'em No Limit ($0.01/$0.02 USD) - 2022/11/01 14:49:16 ET
Table 'Ausonia IV' 6-max Seat #5 is the button
Seat 1: LeeRoy3663 ($2.08 in chips) 
Seat 2: Lorpugo ($1.73 in chips) 
Seat 3: malgomaj1 ($1.46 in chips) 
Seat 4: Heversonvaz ($0.80 in chips) 
Seat 5: DmV1482 ($2.44 in chips) 
Seat 6: G4bro83CZ ($1.46 in chips) 
G4bro83CZ: posts small blind $0.01
LeeRoy3663: posts big blind $0.02
malgomaj1: posts big blind $0.02
Heversonvaz: posts big blind $0.02
*** HOLE CARDS ***
Dealt to Lorpugo [3d Jh]
Lorpugo: folds 
malgomaj1: checks 
Heversonvaz: checks 
DmV1482: folds 
G4bro83CZ: folds 
LeeRoy3663: checks 
*** FLOP *** [Ad Kh Qd]
LeeRoy3663: checks 
malgomaj1: checks 
Heversonvaz: checks 
*** TURN *** [Ad Kh Qd] [9h]
LeeRoy3663: checks 
malgomaj1: checks 
Heversonvaz: checks 
*** RIVER *** [Ad Kh Qd 9h] [4h]
LeeRoy3663: bets $0.04
malgomaj1: folds 
Heversonvaz: folds 
Uncalled bet ($0.04) returned to LeeRoy3663
LeeRoy3663 collected $0.07 from pot
*** SUMMARY ***
Total pot $0.07 | Rake $0 
Board [Ad Kh Qd 9h 4h]
Seat 1: LeeRoy3663 (big blind) collected ($0.07)
Seat 2: Lorpugo folded before Flop (didn't bet)
Seat 3: malgomaj1 folded on the River (didn't bet)
Seat 4: Heversonvaz folded on the River (didn't bet)
Seat 5: DmV1482 (button) folded before Flop (didn't bet)
Seat 6: G4bro83CZ (small blind) folded before Flop



PokerStars Hand #239588735192:  Hold'em No Limit ($0.01/$0.02 USD) - 2022/11/01 14:49:51 ET
Table 'Ausonia IV' 6-max Seat #6 is the button
Seat 1: LeeRoy3663 ($2.13 in chips) 
Seat 2: Lorpugo ($1.73 in chips) 
Seat 3: malgomaj1 ($1.44 in chips) 
Seat 4: Heversonvaz ($0.78 in chips) 
Seat 5: DmV1482 ($2.44 in chips) 
Seat 6: G4bro83CZ ($1.45 in chips) 
LeeRoy3663: posts small blind $0.01
Lorpugo: posts big blind $0.02
*** HOLE CARDS ***
Dealt to Lorpugo [Kh 3d]
malgomaj1: calls $0.02
Heversonvaz: folds 
DmV1482: raises $0.04 to $0.06
G4bro83CZ: folds 
LeeRoy3663: folds 
Lorpugo: folds 
malgomaj1: calls $0.04
*** FLOP *** [3s Ac 4h]
malgomaj1: checks 
DmV1482: bets $0.07
malgomaj1: calls $0.07
*** TURN *** [3s Ac 4h] [9s]
malgomaj1: checks 
DmV1482: checks 
*** RIVER *** [3s Ac 4h 9s] [Td]
malgomaj1: bets $0.06
DmV1482: calls $0.06
*** SHOW DOWN ***
malgomaj1: shows [Ad Tc] (two pair, Aces and Tens)
DmV1482: mucks hand 
malgomaj1 collected $0.40 from pot
*** SUMMARY ***
Total pot $0.41 | Rake $0.01 
Board [3s Ac 4h 9s Td]
Seat 1: LeeRoy3663 (small blind) folded before Flop
Seat 2: Lorpugo (big blind) folded before Flop
Seat 3: malgomaj1 showed [Ad Tc] and won ($0.40) with two pair, Aces and Tens
Seat 4: Heversonvaz folded before Flop (didn't bet)
Seat 5: DmV1482 mucked [8c 8d]
Seat 6: G4bro83CZ (button) folded before Flop (didn't bet)



PokerStars Hand #239588750986:  Hold'em No Limit ($0.01/$0.02 USD) - 2022/11/01 14:50:33 ET
Table 'Ausonia IV' 6-max Seat #1 is the button
Seat 1: LeeRoy3663 ($2.12 in chips) 
Seat 2: Lorpugo ($1.71 in chips) 
Seat 3: malgomaj1 ($1.65 in chips) 
Seat 4: Heversonvaz ($0.78 in chips) 
Seat 5: DmV1482 ($2.25 in chips) 
Seat 6: G4bro83CZ ($1.45 in chips) 
Lorpugo: posts small blind $0.01
malgomaj1: posts big blind $0.02
*** HOLE CARDS ***
Dealt to Lorpugo [7h 5d]
Heversonvaz: folds 
DmV1482: folds 
G4bro83CZ: raises $0.02 to $0.04
LeeRoy3663: folds 
Lorpugo: folds 
malgomaj1: calls $0.02
*** FLOP *** [8d Th Jc]
malgomaj1: checks 
G4bro83CZ: bets $0.04
malgomaj1: calls $0.04
*** TURN *** [8d Th Jc] [5s]
malgomaj1: checks 
G4bro83CZ: checks 
*** RIVER *** [8d Th Jc 5s] [5c]
malgomaj1: checks 
G4bro83CZ: checks 
*** SHOW DOWN ***
malgomaj1: shows [Kd Ac] (a pair of Fives)
G4bro83CZ: mucks hand 
malgomaj1 collected $0.16 from pot
*** SUMMARY ***
Total pot $0.17 | Rake $0.01 
Board [8d Th Jc 5s 5c]
Seat 1: LeeRoy3663 (button) folded before Flop (didn't bet)
Seat 2: Lorpugo (small blind) folded before Flop
Seat 3: malgomaj1 (big blind) showed [Kd Ac] and won ($0.16) with a pair of Fives
Seat 4: Heversonvaz folded before Flop (didn't bet)
Seat 5: DmV1482 folded before Flop (didn't bet)
Seat 6: G4bro83CZ mucked [Qs Ah]



PokerStars Hand #239588767460:  Hold'em No Limit ($0.01/$0.02 USD) - 2022/11/01 14:51:17 ET
Table 'Ausonia IV' 6-max Seat #2 is the button
Seat 1: LeeRoy3663 ($2.12 in chips) 
Seat 2: Lorpugo ($1.70 in chips) 
Seat 3: malgomaj1 ($1.73 in chips) 
Seat 4: Heversonvaz ($0.78 in chips) 
Seat 5: DmV1482 ($2.25 in chips) 
Seat 6: G4bro83CZ ($1.37 in chips) 
malgomaj1: posts small blind $0.01
Heversonvaz: posts big blind $0.02
*** HOLE CARDS ***
Dealt to Lorpugo [Kd 3s]
DmV1482: folds 
G4bro83CZ: folds 
LeeRoy3663: folds 
Lorpugo: raises $0.04 to $0.06
malgomaj1: folds 
Heversonvaz: calls $0.04
*** FLOP *** [2d 8d 3d]
Heversonvaz: checks 
Lorpugo: bets $0.09
Heversonvaz: folds 
Uncalled bet ($0.09) returned to Lorpugo
Lorpugo collected $0.13 from pot
Lorpugo: doesn't show hand 
*** SUMMARY ***
Total pot $0.13 | Rake $0 
Board [2d 8d 3d]
Seat 1: LeeRoy3663 folded before Flop (didn't bet)
Seat 2: Lorpugo (button) collected ($0.13)
Seat 3: malgomaj1 (small blind) folded before Flop
Seat 4: Heversonvaz (big blind) folded on the Flop
Seat 5: DmV1482 folded before Flop (didn't bet)
Seat 6: G4bro83CZ folded before Flop (didn't bet)



PokerStars Hand #239588779800:  Hold'em No Limit ($0.01/$0.02 USD) - 2022/11/01 14:51:50 ET
Table 'Ausonia IV' 6-max Seat #3 is the button
Seat 1: LeeRoy3663 ($2.12 in chips) 
Seat 2: Lorpugo ($1.77 in chips) 
Seat 3: malgomaj1 ($1.72 in chips) 
Seat 4: Heversonvaz ($0.72 in chips) 
Seat 5: DmV1482 ($2.25 in chips) 
Seat 6: G4bro83CZ ($1.37 in chips) 
Heversonvaz: posts small blind $0.01
DmV1482: posts big blind $0.02
*** HOLE CARDS ***
Dealt to Lorpugo [2d 8d]
G4bro83CZ: folds 
LeeRoy3663: raises $0.04 to $0.06
Lorpugo: folds 
malgomaj1: folds 
Heversonvaz: calls $0.05
DmV1482: folds 
*** FLOP *** [6h 4h Ks]
Heversonvaz: checks 
LeeRoy3663: bets $0.07
Heversonvaz: calls $0.07
*** TURN *** [6h 4h Ks] [4s]
Heversonvaz: checks 
LeeRoy3663: checks 
*** RIVER *** [6h 4h Ks 4s] [5s]
Heversonvaz: checks 
LeeRoy3663: checks 
*** SHOW DOWN ***
Heversonvaz: shows [2h Jh] (a pair of Fours)
LeeRoy3663: shows [Td Qh] (a pair of Fours - King+Queen kicker)
LeeRoy3663 collected $0.27 from pot
*** SUMMARY ***
Total pot $0.28 | Rake $0.01 
Board [6h 4h Ks 4s 5s]
Seat 1: LeeRoy3663 showed [Td Qh] and won ($0.27) with a pair of Fours
Seat 2: Lorpugo folded before Flop (didn't bet)
Seat 3: malgomaj1 (button) folded before Flop (didn't bet)
Seat 4: Heversonvaz (small blind) showed [2h Jh] and lost with a pair of Fours
Seat 5: DmV1482 (big blind) folded before Flop
Seat 6: G4bro83CZ folded before Flop (didn't bet)



PokerStars Hand #239588795952:  Hold'em No Limit ($0.01/$0.02 USD) - 2022/11/01 14:52:33 ET
Table 'Ausonia IV' 6-max Seat #4 is the button
Seat 1: LeeRoy3663 ($2.26 in chips) 
Seat 2: Lorpugo ($1.77 in chips) 
Seat 3: malgomaj1 ($1.72 in chips) 
Seat 4: Heversonvaz ($0.59 in chips) 
Seat 5: DmV1482 ($2.23 in chips) 
Seat 6: G4bro83CZ ($1.37 in chips) 
DmV1482: posts small blind $0.01
G4bro83CZ: posts big blind $0.02
*** HOLE CARDS ***
Dealt to Lorpugo [Th Qs]
LeeRoy3663: folds 
Lorpugo: raises $0.04 to $0.06
malgomaj1: folds 
Heversonvaz: folds 
DmV1482: folds 
G4bro83CZ: folds 
Uncalled bet ($0.04) returned to Lorpugo
Lorpugo collected $0.05 from pot
Lorpugo: doesn't show hand 
*** SUMMARY ***
Total pot $0.05 | Rake $0 
Seat 1: LeeRoy3663 folded before Flop (didn't bet)
Seat 2: Lorpugo collected ($0.05)
Seat 3: malgomaj1 folded before Flop (didn't bet)
Seat 4: Heversonvaz (button) folded before Flop (didn't bet)
Seat 5: DmV1482 (small blind) folded before Flop
Seat 6: G4bro83CZ (big blind) folded before Flop



PokerStars Hand #239588802122:  Hold'em No Limit ($0.01/$0.02 USD) - 2022/11/01 14:52:50 ET
Table 'Ausonia IV' 6-max Seat #5 is the button
Seat 1: LeeRoy3663 ($2.26 in chips) 
Seat 2: Lorpugo ($1.80 in chips) 
Seat 3: malgomaj1 ($1.72 in chips) 
Seat 4: Heversonvaz ($0.59 in chips) 
Seat 5: DmV1482 ($2.22 in chips) 
Seat 6: G4bro83CZ ($1.35 in chips) 
G4bro83CZ: posts small blind $0.01
LeeRoy3663: posts big blind $0.02
*** HOLE CARDS ***
Dealt to Lorpugo [4h 9c]
Lorpugo: folds 
malgomaj1: folds 
Heversonvaz: calls $0.02
DmV1482: folds 
G4bro83CZ: folds 
LeeRoy3663: raises $0.02 to $0.04
Heversonvaz: calls $0.02
*** FLOP *** [6s 5h Ts]
LeeRoy3663: checks 
Heversonvaz: bets $0.06
LeeRoy3663: folds 
Uncalled bet ($0.06) returned to Heversonvaz
Heversonvaz collected $0.09 from pot
*** SUMMARY ***
Total pot $0.09 | Rake $0 
Board [6s 5h Ts]
Seat 1: LeeRoy3663 (big blind) folded on the Flop
Seat 2: Lorpugo folded before Flop (didn't bet)
Seat 3: malgomaj1 folded before Flop (didn't bet)
Seat 4: Heversonvaz collected ($0.09)
Seat 5: DmV1482 (button) folded before Flop (didn't bet)
Seat 6: G4bro83CZ (small blind) folded before Flop



PokerStars Hand #239588813790:  Hold'em No Limit ($0.01/$0.02 USD) - 2022/11/01 14:53:21 ET
Table 'Ausonia IV' 6-max Seat #6 is the button
Seat 1: LeeRoy3663 ($2.22 in chips) 
Seat 2: Lorpugo ($1.80 in chips) 
Seat 3: malgomaj1 ($1.72 in chips) 
Seat 4: Heversonvaz ($0.64 in chips) 
Seat 5: DmV1482 ($2.22 in chips) 
Seat 6: G4bro83CZ ($1.34 in chips) 
LeeRoy3663: posts small blind $0.01
Lorpugo: posts big blind $0.02
*** HOLE CARDS ***
Dealt to Lorpugo [Ah 8c]
malgomaj1: folds 
Heversonvaz: calls $0.02
DmV1482: raises $0.06 to $0.08
G4bro83CZ: calls $0.08
LeeRoy3663: folds 
Lorpugo: folds 
Heversonvaz: calls $0.06
*** FLOP *** [7h 8d 6s]
Heversonvaz: checks 
DmV1482: bets $0.17
G4bro83CZ: raises $0.17 to $0.34
Heversonvaz: folds 
DmV1482: folds 
Uncalled bet ($0.17) returned to G4bro83CZ
G4bro83CZ collected $0.59 from pot
*** SUMMARY ***
Total pot $0.61 | Rake $0.02 
Board [7h 8d 6s]
Seat 1: LeeRoy3663 (small blind) folded before Flop
Seat 2: Lorpugo (big blind) folded before Flop
Seat 3: malgomaj1 folded before Flop (didn't bet)
Seat 4: Heversonvaz folded on the Flop
Seat 5: DmV1482 folded on the Flop
Seat 6: G4bro83CZ (button) collected ($0.59)



PokerStars Hand #239588828893:  Hold'em No Limit ($0.01/$0.02 USD) - 2022/11/01 14:54:02 ET
Table 'Ausonia IV' 6-max Seat #1 is the button
Seat 1: LeeRoy3663 ($2.21 in chips) 
Seat 2: Lorpugo ($1.78 in chips) 
Seat 3: malgomaj1 ($1.72 in chips) 
Seat 4: Heversonvaz ($0.56 in chips) 
Seat 5: DmV1482 ($2 in chips) 
Seat 6: G4bro83CZ ($1.68 in chips) 
Lorpugo: posts small blind $0.01
malgomaj1: posts big blind $0.02
*** HOLE CARDS ***
Dealt to Lorpugo [Ac Qd]
Heversonvaz: folds 
DmV1482: folds 
G4bro83CZ: folds 
LeeRoy3663: folds 
Lorpugo: raises $0.04 to $0.06
malgomaj1: folds 
Uncalled bet ($0.04) returned to Lorpugo
Lorpugo collected $0.04 from pot
Lorpugo: doesn't show hand 
*** SUMMARY ***
Total pot $0.04 | Rake $0 
Seat 1: LeeRoy3663 (button) folded before Flop (didn't bet)
Seat 2: Lorpugo (small blind) collected ($0.04)
Seat 3: malgomaj1 (big blind) folded before Flop
Seat 4: Heversonvaz folded before Flop (didn't bet)
Seat 5: DmV1482 folded before Flop (didn't bet)
Seat 6: G4bro83CZ folded before Flop (didn't bet)



PokerStars Hand #239588835620:  Hold'em No Limit ($0.01/$0.02 USD) - 2022/11/01 14:54:20 ET
Table 'Ausonia IV' 6-max Seat #2 is the button
Seat 1: LeeRoy3663 ($2.21 in chips) 
Seat 2: Lorpugo ($1.80 in chips) 
Seat 3: malgomaj1 ($1.70 in chips) 
Seat 4: Heversonvaz ($0.56 in chips) 
Seat 5: DmV1482 ($2 in chips) 
Seat 6: G4bro83CZ ($1.68 in chips) 
malgomaj1: posts small blind $0.01
Heversonvaz: posts big blind $0.02
*** HOLE CARDS ***
Dealt to Lorpugo [3h 2d]
DmV1482: folds 
G4bro83CZ: folds 
LeeRoy3663: folds 
Lorpugo: folds 
malgomaj1: calls $0.01
Heversonvaz: checks 
*** FLOP *** [7s 8c Jc]
malgomaj1: checks 
Heversonvaz: bets $0.04
malgomaj1: folds 
Uncalled bet ($0.04) returned to Heversonvaz
Heversonvaz collected $0.04 from pot
*** SUMMARY ***
Total pot $0.04 | Rake $0 
Board [7s 8c Jc]
Seat 1: LeeRoy3663 folded before Flop (didn't bet)
Seat 2: Lorpugo (button) folded before Flop (didn't bet)
Seat 3: malgomaj1 (small blind) folded on the Flop
Seat 4: Heversonvaz (big blind) collected ($0.04)
Seat 5: DmV1482 folded before Flop (didn't bet)
Seat 6: G4bro83CZ folded before Flop (didn't bet)



PokerStars Hand #239588842943:  Hold'em No Limit ($0.01/$0.02 USD) - 2022/11/01 14:54:40 ET
Table 'Ausonia IV' 6-max Seat #3 is the button
Seat 1: LeeRoy3663 ($2.21 in chips) 
Seat 2: Lorpugo ($1.80 in chips) 
Seat 3: malgomaj1 ($1.68 in chips) 
Seat 4: Heversonvaz ($0.58 in chips) 
Seat 5: DmV1482 ($2 in chips) 
Seat 6: G4bro83CZ ($1.68 in chips) 
Heversonvaz: posts small blind $0.01
DmV1482: posts big blind $0.02
*** HOLE CARDS ***
Dealt to Lorpugo [Jc 4d]
G4bro83CZ: folds 
LeeRoy3663: folds 
Lorpugo: folds 
malgomaj1: calls $0.02
Heversonvaz: calls $0.01
DmV1482: checks 
*** FLOP *** [4s 7d Jh]
Heversonvaz: checks 
DmV1482: checks 
malgomaj1: checks 
*** TURN *** [4s 7d Jh] [3c]
Heversonvaz: bets $0.04
DmV1482: calls $0.04
malgomaj1: folds 
*** RIVER *** [4s 7d Jh 3c] [Ah]
Heversonvaz: bets $0.04
DmV1482: calls $0.04
*** SHOW DOWN ***
Heversonvaz: shows [7s 8s] (a pair of Sevens)
DmV1482: mucks hand 
Heversonvaz collected $0.21 from pot
*** SUMMARY ***
Total pot $0.22 | Rake $0.01 
Board [4s 7d Jh 3c Ah]
Seat 1: LeeRoy3663 folded before Flop (didn't bet)
Seat 2: Lorpugo folded before Flop (didn't bet)
Seat 3: malgomaj1 (button) folded on the Turn
Seat 4: Heversonvaz (small blind) showed [7s 8s] and won ($0.21) with a pair of Sevens
Seat 5: DmV1482 (big blind) mucked [6h 7c]
Seat 6: G4bro83CZ folded before Flop (didn't bet)



PokerStars Hand #239588856732:  Hold'em No Limit ($0.01/$0.02 USD) - 2022/11/01 14:55:21 ET
Table 'Ausonia IV' 6-max Seat #4 is the button
Seat 1: LeeRoy3663 ($2.21 in chips) 
Seat 2: Lorpugo ($1.80 in chips) 
Seat 3: malgomaj1 ($1.66 in chips) 
Seat 4: Heversonvaz ($0.69 in chips) 
Seat 5: DmV1482 ($2 in chips) 
Seat 6: G4bro83CZ ($1.68 in chips) 
DmV1482: posts small blind $0.01
G4bro83CZ: posts big blind $0.02
*** HOLE CARDS ***
Dealt to Lorpugo [Jd Qs]
LeeRoy3663: folds 
Lorpugo: raises $0.04 to $0.06
malgomaj1: calls $0.06
Heversonvaz: calls $0.06
DmV1482: folds 
G4bro83CZ: calls $0.04
*** FLOP *** [5s 7s 9d]
G4bro83CZ: bets $0.08
Lorpugo: folds 
malgomaj1: calls $0.08
Heversonvaz: raises $0.12 to $0.20
G4bro83CZ: raises $0.40 to $0.60
malgomaj1: folds 
Heversonvaz: calls $0.40
*** TURN *** [5s 7s 9d] [3c]
G4bro83CZ: bets $0.04
Heversonvaz: calls $0.03 and is all-in
Uncalled bet ($0.01) returned to G4bro83CZ
*** RIVER *** [5s 7s 9d 3c] [Ad]
*** SHOW DOWN ***
G4bro83CZ: shows [7c 7h] (three of a kind, Sevens)
Heversonvaz: shows [9s 4s] (a pair of Nines)
G4bro83CZ collected $1.53 from pot
*** SUMMARY ***
Total pot $1.59 | Rake $0.06 
Board [5s 7s 9d 3c Ad]
Seat 1: LeeRoy3663 folded before Flop (didn't bet)
Seat 2: Lorpugo folded on the Flop
Seat 3: malgomaj1 folded on the Flop
Seat 4: Heversonvaz (button) showed [9s 4s] and lost with a pair of Nines
Seat 5: DmV1482 (small blind) folded before Flop
Seat 6: G4bro83CZ (big blind) showed [7c 7h] and won ($1.53) with three of a kind, Sevens



PokerStars Hand #239588875383:  Hold'em No Limit ($0.01/$0.02 USD) - 2022/11/01 14:56:28 ET
Table 'Ausonia IV' 6-max Seat #5 is the button
Seat 1: LeeRoy3663 ($2.21 in chips) 
Seat 2: Lorpugo ($1.74 in chips) 
Seat 3: malgomaj1 ($1.52 in chips) 
Seat 5: DmV1482 ($2 in chips) 
Seat 6: G4bro83CZ ($2.52 in chips) 
G4bro83CZ: posts small blind $0.01
LeeRoy3663: posts big blind $0.02
*** HOLE CARDS ***
Dealt to Lorpugo [Ac 2s]
Lorpugo: raises $0.04 to $0.06
Heversonvaz is disconnected 
malgomaj1: calls $0.06
DmV1482: folds 
G4bro83CZ: folds 
LeeRoy3663: folds 
*** FLOP *** [Ah 5c Kh]
Lorpugo: bets $0.07
malgomaj1: calls $0.07
*** TURN *** [Ah 5c Kh] [3s]
Lorpugo: bets $0.14
malgomaj1: calls $0.14
*** RIVER *** [Ah 5c Kh 3s] [6h]
Lorpugo: checks 
malgomaj1: checks 
*** SHOW DOWN ***
Lorpugo: shows [Ac 2s] (a pair of Aces)
malgomaj1: shows [Tc Ad] (a pair of Aces - King+Ten kicker)
malgomaj1 collected $0.55 from pot
*** SUMMARY ***
Total pot $0.57 | Rake $0.02 
Board [Ah 5c Kh 3s 6h]
Seat 1: LeeRoy3663 (big blind) folded before Flop
Seat 2: Lorpugo showed [Ac 2s] and lost with a pair of Aces
Seat 3: malgomaj1 showed [Tc Ad] and won ($0.55) with a pair of Aces
Seat 5: DmV1482 (button) folded before Flop (didn't bet)
Seat 6: G4bro83CZ (small blind) folded before Flop



PokerStars Hand #239588887623:  Hold'em No Limit ($0.01/$0.02 USD) - 2022/11/01 14:57:12 ET
Table 'Ausonia IV' 6-max Seat #6 is the button
Seat 1: LeeRoy3663 ($2.19 in chips) 
Seat 2: Lorpugo ($1.47 in chips) 
Seat 3: malgomaj1 ($1.80 in chips) 
Seat 5: DmV1482 ($2 in chips) 
Seat 6: G4bro83CZ ($2.51 in chips) 
LeeRoy3663: posts small blind $0.01
Lorpugo: posts big blind $0.02
*** HOLE CARDS ***
Dealt to Lorpugo [7s Qd]
malgomaj1: folds 
DmV1482: folds 
G4bro83CZ: folds 
LeeRoy3663: folds 
Uncalled bet ($0.01) returned to Lorpugo
Lorpugo collected $0.02 from pot
Lorpugo: doesn't show hand 
*** SUMMARY ***
Total pot $0.02 | Rake $0 
Seat 1: LeeRoy3663 (small blind) folded before Flop
Seat 2: Lorpugo (big blind) collected ($0.02)
Seat 3: malgomaj1 folded before Flop (didn't bet)
Seat 5: DmV1482 folded before Flop (didn't bet)
Seat 6: G4bro83CZ (button) folded before Flop (didn't bet)



PokerStars Hand #239588890892:  Hold'em No Limit ($0.01/$0.02 USD) - 2022/11/01 14:57:23 ET
Table 'Ausonia IV' 6-max Seat #1 is the button
Seat 1: LeeRoy3663 ($2.18 in chips) 
Seat 2: Lorpugo ($1.48 in chips) 
Seat 3: malgomaj1 ($1.80 in chips) 
Seat 5: DmV1482 ($2 in chips) 
Seat 6: G4bro83CZ ($2.51 in chips) 
Lorpugo: posts small blind $0.01
malgomaj1: posts big blind $0.02
*** HOLE CARDS ***
Dealt to Lorpugo [Ah 4s]
DmV1482: folds 
G4bro83CZ: calls $0.02
LeeRoy3663: folds 
Lorpugo: raises $0.08 to $0.10
malgomaj1: folds 
G4bro83CZ: calls $0.08
*** FLOP *** [8c 9d 6d]
Lorpugo: checks 
G4bro83CZ: checks 
*** TURN *** [8c 9d 6d] [Ad]
Lorpugo: bets $0.16
G4bro83CZ: calls $0.16
*** RIVER *** [8c 9d 6d Ad] [Ac]
Lorpugo: checks 
G4bro83CZ: bets $2.25 and is all-in
Lorpugo: calls $1.22 and is all-in
Uncalled bet ($1.03) returned to G4bro83CZ
*** SHOW DOWN ***
G4bro83CZ: shows [Kd Jc] (a pair of Aces)
Lorpugo: shows [Ah 4s] (three of a kind, Aces)
Lorpugo collected $2.88 from pot
*** SUMMARY ***
Total pot $2.98 | Rake $0.10 
Board [8c 9d 6d Ad Ac]
Seat 1: LeeRoy3663 (button) folded before Flop (didn't bet)
Seat 2: Lorpugo (small blind) showed [Ah 4s] and won ($2.88) with three of a kind, Aces
Seat 3: malgomaj1 (big blind) folded before Flop
Seat 5: DmV1482 folded before Flop (didn't bet)
Seat 6: G4bro83CZ showed [Kd Jc] and lost with a pair of Aces



PokerStars Hand #239588914027:  Hold'em No Limit ($0.01/$0.02 USD) - 2022/11/01 14:58:46 ET
Table 'Ausonia IV' 6-max Seat #2 is the button
Seat 1: LeeRoy3663 ($2.18 in chips) 
Seat 2: Lorpugo ($2.88 in chips) 
Seat 3: malgomaj1 ($1.78 in chips) 
Seat 5: DmV1482 ($2 in chips) 
Seat 6: G4bro83CZ ($1.03 in chips) 
malgomaj1: posts small blind $0.01
DmV1482: posts big blind $0.02
*** HOLE CARDS ***
Dealt to Lorpugo [Ac 2h]
G4bro83CZ: folds 
LeeRoy3663: folds 
Lorpugo: raises $0.04 to $0.06
malgomaj1: calls $0.05
DmV1482: folds 
*** FLOP *** [4s 3d Ad]
malgomaj1: checks 
Lorpugo: bets $0.09
G4bro83CZ leaves the table
malgomaj1: calls $0.09
*** TURN *** [4s 3d Ad] [5h]
malgomaj1: checks 
Altdorf joins the table at seat #6 
Lorpugo: checks 
*** RIVER *** [4s 3d Ad 5h] [7c]
malgomaj1: checks 
Lorpugo: bets $0.20
malgomaj1: folds 
Uncalled bet ($0.20) returned to Lorpugo
Lorpugo collected $0.31 from pot
Lorpugo: doesn't show hand 
*** SUMMARY ***
Total pot $0.32 | Rake $0.01 
Board [4s 3d Ad 5h 7c]
Seat 1: LeeRoy3663 folded before Flop (didn't bet)
Seat 2: Lorpugo (button) collected ($0.31)
Seat 3: malgomaj1 (small blind) folded on the River
Seat 5: DmV1482 (big blind) folded before Flop
Seat 6: G4bro83CZ folded before Flop (didn't bet)



PokerStars Hand #239588928192:  Hold'em No Limit ($0.01/$0.02 USD) - 2022/11/01 14:59:36 ET
Table 'Ausonia IV' 6-max Seat #3 is the button
Seat 1: LeeRoy3663 ($2.18 in chips) 
Seat 2: Lorpugo ($3.04 in chips) 
Seat 3: malgomaj1 ($1.63 in chips) 
Seat 5: DmV1482 ($2 in chips) 
Seat 6: Altdorf ($2 in chips) 
DmV1482: posts small blind $0.01
Altdorf: posts big blind $0.02
*** HOLE CARDS ***
Dealt to Lorpugo [8h 7d]
LeeRoy3663: folds 
Lorpugo: folds 
malgomaj1: folds 
DmV1482: raises $0.04 to $0.06
Altdorf: calls $0.04
*** FLOP *** [3s Qh Tc]
DmV1482: checks 
Altdorf: checks 
*** TURN *** [3s Qh Tc] [5s]
DmV1482: checks 
Altdorf: checks 
*** RIVER *** [3s Qh Tc 5s] [Jd]
DmV1482: checks 
Altdorf: checks 
*** SHOW DOWN ***
DmV1482: shows [Ac 5h] (a pair of Fives)
Altdorf: mucks hand 
DmV1482 collected $0.12 from pot
*** SUMMARY ***
Total pot $0.12 | Rake $0 
Board [3s Qh Tc 5s Jd]
Seat 1: LeeRoy3663 folded before Flop (didn't bet)
Seat 2: Lorpugo folded before Flop (didn't bet)
Seat 3: malgomaj1 (button) folded before Flop (didn't bet)
Seat 5: DmV1482 (small blind) showed [Ac 5h] and won ($0.12) with a pair of Fives
Seat 6: Altdorf (big blind) mucked [8s 7h]



PokerStars Hand #239588938529:  Hold'em No Limit ($0.01/$0.02 USD) - 2022/11/01 15:00:12 ET
Table 'Ausonia IV' 6-max Seat #5 is the button
Seat 1: LeeRoy3663 ($2.18 in chips) 
Seat 2: Lorpugo ($3.04 in chips) 
Seat 3: malgomaj1 ($1.63 in chips) 
Seat 5: DmV1482 ($2.06 in chips) 
Seat 6: Altdorf ($1.94 in chips) 
Altdorf: posts small blind $0.01
LeeRoy3663: posts big blind $0.02
*** HOLE CARDS ***
Dealt to Lorpugo [Jc 3h]
Lorpugo: folds 
malgomaj1: folds 
DmV1482: raises $0.04 to $0.06
Altdorf: calls $0.05
LeeRoy3663: folds 
*** FLOP *** [5s Ks 8d]
Altdorf: checks 
DmV1482: checks 
*** TURN *** [5s Ks 8d] [3s]
Altdorf: checks 
DmV1482: bets $0.07
Altdorf: calls $0.07
*** RIVER *** [5s Ks 8d 3s] [Jd]
Altdorf: checks 
DmV1482: checks 
*** SHOW DOWN ***
Altdorf: shows [Kc Ts] (a pair of Kings)
DmV1482: mucks hand 
Altdorf collected $0.27 from pot
*** SUMMARY ***
Total pot $0.28 | Rake $0.01 
Board [5s Ks 8d 3s Jd]
Seat 1: LeeRoy3663 (big blind) folded before Flop
Seat 2: Lorpugo folded before Flop (didn't bet)
Seat 3: malgomaj1 folded before Flop (didn't bet)
Seat 5: DmV1482 (button) mucked [5h 7h]
Seat 6: Altdorf (small blind) showed [Kc Ts] and won ($0.27) with a pair of Kings



PokerStars Hand #239588948667:  Hold'em No Limit ($0.01/$0.02 USD) - 2022/11/01 15:00:47 ET
Table 'Ausonia IV' 6-max Seat #6 is the button
Seat 1: LeeRoy3663 ($2.16 in chips) 
Seat 2: Lorpugo ($3.04 in chips) 
Seat 3: malgomaj1 ($1.63 in chips) 
Seat 5: DmV1482 ($2 in chips) 
Seat 6: Altdorf ($2.08 in chips) 
LeeRoy3663: posts small blind $0.01
Lorpugo: posts big blind $0.02
*** HOLE CARDS ***
Dealt to Lorpugo [8c 4s]
malgomaj1: calls $0.02
DmV1482: raises $0.06 to $0.08
Altdorf: calls $0.08
LeeRoy3663: folds 
Lorpugo: folds 
malgomaj1: folds 
*** FLOP *** [Qd Qc 5d]
LeeRoy3663 leaves the table
DmV1482: bets $0.10
Altdorf: folds 
Uncalled bet ($0.10) returned to DmV1482
DmV1482 collected $0.20 from pot
DmV1482: doesn't show hand 
*** SUMMARY ***
Total pot $0.21 | Rake $0.01 
Board [Qd Qc 5d]
Seat 1: LeeRoy3663 (small blind) folded before Flop
Seat 2: Lorpugo (big blind) folded before Flop
Seat 3: malgomaj1 folded before Flop
Seat 5: DmV1482 collected ($0.20)
Seat 6: Altdorf (button) folded on the Flop



PokerStars Hand #239588955962:  Hold'em No Limit ($0.01/$0.02 USD) - 2022/11/01 15:01:10 ET
Table 'Ausonia IV' 6-max Seat #2 is the button
Seat 2: Lorpugo ($3.02 in chips) 
Seat 3: malgomaj1 ($1.61 in chips) 
Seat 5: DmV1482 ($2.12 in chips) 
Seat 6: Altdorf ($2 in chips) 
malgomaj1: posts small blind $0.01
DmV1482: posts big blind $0.02
*** HOLE CARDS ***
Dealt to Lorpugo [6s 6h]
Altdorf: raises $0.04 to $0.06
Lorpugo: calls $0.06
malgomaj1: calls $0.05
DmV1482: folds 
*** FLOP *** [Jd 9h 7d]
groslot33 joins the table at seat #1 
malgomaj1: checks 
Altdorf: bets $0.10
Lorpugo: folds 
malgomaj1: calls $0.10
*** TURN *** [Jd 9h 7d] [2d]
malgomaj1: bets $0.20
Altdorf: calls $0.20
*** RIVER *** [Jd 9h 7d 2d] [Ad]
malgomaj1: bets $0.39
Altdorf: folds 
Uncalled bet ($0.39) returned to malgomaj1
malgomaj1 collected $0.77 from pot
*** SUMMARY ***
Total pot $0.80 | Rake $0.03 
Board [Jd 9h 7d 2d Ad]
Seat 2: Lorpugo (button) folded on the Flop
Seat 3: malgomaj1 (small blind) collected ($0.77)
Seat 5: DmV1482 (big blind) folded before Flop
Seat 6: Altdorf folded on the River



PokerStars Hand #239588970704:  Hold'em No Limit ($0.01/$0.02 USD) - 2022/11/01 15:01:54 ET
Table 'Ausonia IV' 6-max Seat #3 is the button
Seat 1: groslot33 ($1.20 in chips) 
Seat 2: Lorpugo ($2.96 in chips) 
Seat 3: malgomaj1 ($2.02 in chips) 
Seat 5: DmV1482 ($2.10 in chips) 
Seat 6: Altdorf ($1.64 in chips) 
DmV1482: posts small blind $0.01
Altdorf: posts big blind $0.02
groslot33: posts big blind $0.02
*** HOLE CARDS ***
Dealt to Lorpugo [3h 4c]
groslot33: checks 
Lorpugo: folds 
malgomaj1: folds 
DmV1482: folds 
Altdorf: checks 
*** FLOP *** [4d Ac 2h]
Altdorf: checks 
groslot33: bets $0.04
Altdorf: folds 
Uncalled bet ($0.04) returned to groslot33
groslot33 collected $0.05 from pot
*** SUMMARY ***
Total pot $0.05 | Rake $0 
Board [4d Ac 2h]
Seat 1: groslot33 collected ($0.05)
Seat 2: Lorpugo folded before Flop (didn't bet)
Seat 3: malgomaj1 (button) folded before Flop (didn't bet)
Seat 5: DmV1482 (small blind) folded before Flop
Seat 6: Altdorf (big blind) folded on the Flop



PokerStars Hand #239588980256:  Hold'em No Limit ($0.01/$0.02 USD) - 2022/11/01 15:02:20 ET
Table 'Ausonia IV' 6-max Seat #5 is the button
Seat 1: groslot33 ($1.23 in chips) 
Seat 2: Lorpugo ($2.96 in chips) 
Seat 3: malgomaj1 ($2.02 in chips) 
Seat 5: DmV1482 ($2.09 in chips) 
Seat 6: Altdorf ($1.62 in chips) 
Altdorf: posts small blind $0.01
groslot33: posts big blind $0.02
*** HOLE CARDS ***
Dealt to Lorpugo [Jh Ah]
Lorpugo: raises $0.04 to $0.06
malgomaj1: folds 
DmV1482: calls $0.06
Altdorf: folds 
groslot33: folds 
*** FLOP *** [3c Qd 6c]
Lorpugo: checks 
DmV1482: checks 
*** TURN *** [3c Qd 6c] [9d]
Lorpugo: checks 
DmV1482: bets $0.09
Lorpugo: folds 
Uncalled bet ($0.09) returned to DmV1482
DmV1482 collected $0.14 from pot
DmV1482: doesn't show hand 
*** SUMMARY ***
Total pot $0.15 | Rake $0.01 
Board [3c Qd 6c 9d]
Seat 1: groslot33 (big blind) folded before Flop
Seat 2: Lorpugo folded on the Turn
Seat 3: malgomaj1 folded before Flop (didn't bet)
Seat 5: DmV1482 (button) collected ($0.14)
Seat 6: Altdorf (small blind) folded before Flop



