PokerStars Hand #239468324191:  Hold'em No Limit ($0.01/$0.02 USD) - 2022/10/26 14:45:17 ET
Table 'Aenna II' 6-max Seat #1 is the button
Seat 1: DeusDragon ($2 in chips) 
Seat 2: Dragon1248 ($2 in chips) 
Seat 3: Lorpugo ($1.60 in chips) 
Seat 4: Cushsam ($3.30 in chips) 
Seat 5: bwo-hb ($2.69 in chips) 
Seat 6: TrovaloTu ($1.06 in chips) 
Dragon1248: posts small blind $0.01
Lorpugo: posts big blind $0.02
*** HOLE CARDS ***
Dealt to Lorpugo [5c 4s]
Cushsam: calls $0.02
bwo-hb: folds 
TrovaloTu: raises $1.04 to $1.06 and is all-in
DeusDragon: folds 
Dragon1248: folds 
Lorpugo: folds 
Cushsam: folds 
Uncalled bet ($1.04) returned to TrovaloTu
Dragon1248 leaves the table
TrovaloTu collected $0.07 from pot
TrovaloTu: doesn't show hand 
*** SUMMARY ***
Total pot $0.07 | Rake $0 
Seat 1: DeusDragon (button) folded before Flop (didn't bet)
Seat 2: Dragon1248 (small blind) folded before Flop
Seat 3: Lorpugo (big blind) folded before Flop
Seat 4: Cushsam folded before Flop
Seat 5: bwo-hb folded before Flop (didn't bet)
Seat 6: TrovaloTu collected ($0.07)



PokerStars Hand #239468333018:  Hold'em No Limit ($0.01/$0.02 USD) - 2022/10/26 14:45:41 ET
Table 'Aenna II' 6-max Seat #3 is the button
Seat 1: DeusDragon ($2 in chips) 
Seat 3: Lorpugo ($1.60 in chips) 
Seat 4: Cushsam ($3.28 in chips) 
Seat 5: bwo-hb ($2.69 in chips) 
Seat 6: TrovaloTu ($1.11 in chips) 
Cushsam: posts small blind $0.01
bwo-hb: posts big blind $0.02
*** HOLE CARDS ***
Dealt to Lorpugo [9d 2h]
TrovaloTu: folds 
DeusDragon: raises $0.04 to $0.06
Lorpugo: folds 
Cushsam: calls $0.05
bwo-hb: folds 
*** FLOP *** [Jc 6d 8d]
Fatbastard666 joins the table at seat #2 
Cushsam: checks 
DeusDragon: bets $0.11
Cushsam: folds 
Uncalled bet ($0.11) returned to DeusDragon
DeusDragon collected $0.14 from pot
DeusDragon: doesn't show hand 
*** SUMMARY ***
Total pot $0.14 | Rake $0 
Board [Jc 6d 8d]
Seat 1: DeusDragon collected ($0.14)
Seat 3: Lorpugo (button) folded before Flop (didn't bet)
Seat 4: Cushsam (small blind) folded on the Flop
Seat 5: bwo-hb (big blind) folded before Flop
Seat 6: TrovaloTu folded before Flop (didn't bet)



PokerStars Hand #239468344862:  Hold'em No Limit ($0.01/$0.02 USD) - 2022/10/26 14:46:13 ET
Table 'Aenna II' 6-max Seat #4 is the button
Seat 1: DeusDragon ($2.08 in chips) 
Seat 3: Lorpugo ($1.60 in chips) 
Seat 4: Cushsam ($3.22 in chips) 
Seat 5: bwo-hb ($2.67 in chips) 
Seat 6: TrovaloTu ($1.11 in chips) 
bwo-hb: posts small blind $0.01
TrovaloTu: posts big blind $0.02
Fatbastard666: sits out 
*** HOLE CARDS ***
Dealt to Lorpugo [4s Kd]
DeusDragon: folds 
Lorpugo: folds 
Cushsam: folds 
bwo-hb: folds 
Uncalled bet ($0.01) returned to TrovaloTu
TrovaloTu collected $0.02 from pot
TrovaloTu: doesn't show hand 
*** SUMMARY ***
Total pot $0.02 | Rake $0 
Seat 1: DeusDragon folded before Flop (didn't bet)
Seat 3: Lorpugo folded before Flop (didn't bet)
Seat 4: Cushsam (button) folded before Flop (didn't bet)
Seat 5: bwo-hb (small blind) folded before Flop
Seat 6: TrovaloTu (big blind) collected ($0.02)



PokerStars Hand #239468347368:  Hold'em No Limit ($0.01/$0.02 USD) - 2022/10/26 14:46:19 ET
Table 'Aenna II' 6-max Seat #5 is the button
Seat 1: DeusDragon ($2.08 in chips) 
Seat 2: Fatbastard666 ($1.60 in chips) 
Seat 3: Lorpugo ($1.60 in chips) 
Seat 4: Cushsam ($3.22 in chips) 
Seat 5: bwo-hb ($2.66 in chips) 
Seat 6: TrovaloTu ($1.12 in chips) 
TrovaloTu: posts small blind $0.01
DeusDragon: posts big blind $0.02
Fatbastard666: posts big blind $0.02
*** HOLE CARDS ***
Dealt to Lorpugo [Kc Kh]
Fatbastard666: checks 
Lorpugo: raises $0.07 to $0.09
Cushsam: folds 
Cushsam leaves the table
bwo-hb: folds 
TrovaloTu: folds 
DeusDragon: folds 
Fatbastard666: folds 
Uncalled bet ($0.07) returned to Lorpugo
Lorpugo collected $0.07 from pot
Lorpugo: doesn't show hand 
*** SUMMARY ***
Total pot $0.07 | Rake $0 
Seat 1: DeusDragon (big blind) folded before Flop
Seat 2: Fatbastard666 folded before Flop (didn't bet)
Seat 3: Lorpugo collected ($0.07)
Seat 4: Cushsam folded before Flop (didn't bet)
Seat 5: bwo-hb (button) folded before Flop (didn't bet)
Seat 6: TrovaloTu (small blind) folded before Flop



PokerStars Hand #239468354266:  Hold'em No Limit ($0.01/$0.02 USD) - 2022/10/26 14:46:38 ET
Table 'Aenna II' 6-max Seat #6 is the button
Seat 1: DeusDragon ($2.06 in chips) 
Seat 2: Fatbastard666 ($1.58 in chips) 
Seat 3: Lorpugo ($1.65 in chips) 
Seat 5: bwo-hb ($2.66 in chips) 
Seat 6: TrovaloTu ($1.11 in chips) 
DeusDragon: posts small blind $0.01
Fatbastard666: posts big blind $0.02
*** HOLE CARDS ***
Dealt to Lorpugo [6h Jh]
Lorpugo: raises $0.02 to $0.04
K1rushka_l joins the table at seat #4 
bwo-hb: folds 
TrovaloTu: folds 
DeusDragon: folds 
Fatbastard666: folds 
Uncalled bet ($0.02) returned to Lorpugo
Fatbastard666 leaves the table
Lorpugo collected $0.05 from pot
Lorpugo: doesn't show hand 
*** SUMMARY ***
Total pot $0.05 | Rake $0 
Seat 1: DeusDragon (small blind) folded before Flop
Seat 2: Fatbastard666 (big blind) folded before Flop
Seat 3: Lorpugo collected ($0.05)
Seat 5: bwo-hb folded before Flop (didn't bet)
Seat 6: TrovaloTu (button) folded before Flop (didn't bet)



PokerStars Hand #239468359889:  Hold'em No Limit ($0.01/$0.02 USD) - 2022/10/26 14:46:53 ET
Table 'Aenna II' 6-max Seat #1 is the button
Seat 1: DeusDragon ($2.05 in chips) 
Seat 3: Lorpugo ($1.68 in chips) 
Seat 4: K1rushka_l ($2 in chips) 
Seat 5: bwo-hb ($2.66 in chips) 
Seat 6: TrovaloTu ($1.11 in chips) 
Lorpugo: posts small blind $0.01
K1rushka_l: posts big blind $0.02
*** HOLE CARDS ***
Dealt to Lorpugo [9d Tc]
bwo-hb: raises $0.02 to $0.04
TrovaloTu: folds 
DeusDragon: folds 
casabao joins the table at seat #2 
Lorpugo: calls $0.03
K1rushka_l: folds 
*** FLOP *** [9c Ts 2h]
Lorpugo: bets $0.03
bwo-hb: folds 
Uncalled bet ($0.03) returned to Lorpugo
Lorpugo collected $0.10 from pot
Lorpugo: doesn't show hand 
*** SUMMARY ***
Total pot $0.10 | Rake $0 
Board [9c Ts 2h]
Seat 1: DeusDragon (button) folded before Flop (didn't bet)
Seat 3: Lorpugo (small blind) collected ($0.10)
Seat 4: K1rushka_l (big blind) folded before Flop
Seat 5: bwo-hb folded on the Flop
Seat 6: TrovaloTu folded before Flop (didn't bet)



PokerStars Hand #239468374874:  Hold'em No Limit ($0.01/$0.02 USD) - 2022/10/26 14:47:33 ET
Table 'Aenna II' 6-max Seat #3 is the button
Seat 1: DeusDragon ($2.05 in chips) 
Seat 3: Lorpugo ($1.74 in chips) 
Seat 4: K1rushka_l ($1.98 in chips) 
Seat 5: bwo-hb ($2.62 in chips) 
Seat 6: TrovaloTu ($1.11 in chips) 
K1rushka_l: posts small blind $0.01
bwo-hb: posts big blind $0.02
casabao: sits out 
*** HOLE CARDS ***
Dealt to Lorpugo [4d 9s]
TrovaloTu: raises $1.09 to $1.11 and is all-in
DeusDragon: folds 
Lorpugo: folds 
K1rushka_l: folds 
bwo-hb: folds 
Uncalled bet ($1.09) returned to TrovaloTu
TrovaloTu collected $0.05 from pot
TrovaloTu: doesn't show hand 
*** SUMMARY ***
Total pot $0.05 | Rake $0 
Seat 1: DeusDragon folded before Flop (didn't bet)
Seat 3: Lorpugo (button) folded before Flop (didn't bet)
Seat 4: K1rushka_l (small blind) folded before Flop
Seat 5: bwo-hb (big blind) folded before Flop
Seat 6: TrovaloTu collected ($0.05)



PokerStars Hand #239468379486:  Hold'em No Limit ($0.01/$0.02 USD) - 2022/10/26 14:47:45 ET
Table 'Aenna II' 6-max Seat #4 is the button
Seat 1: DeusDragon ($2.05 in chips) 
Seat 3: Lorpugo ($1.74 in chips) 
Seat 4: K1rushka_l ($1.97 in chips) 
Seat 5: bwo-hb ($2.60 in chips) 
Seat 6: TrovaloTu ($1.14 in chips) 
bwo-hb: posts small blind $0.01
TrovaloTu: posts big blind $0.02
casabao: sits out 
*** HOLE CARDS ***
Dealt to Lorpugo [3d 4h]
DeusDragon: folds 
Lorpugo: folds 
K1rushka_l: folds 
bwo-hb: folds 
Uncalled bet ($0.01) returned to TrovaloTu
TrovaloTu collected $0.02 from pot
TrovaloTu: doesn't show hand 
*** SUMMARY ***
Total pot $0.02 | Rake $0 
Seat 1: DeusDragon folded before Flop (didn't bet)
Seat 3: Lorpugo folded before Flop (didn't bet)
Seat 4: K1rushka_l (button) folded before Flop (didn't bet)
Seat 5: bwo-hb (small blind) folded before Flop
Seat 6: TrovaloTu (big blind) collected ($0.02)



PokerStars Hand #239468382926:  Hold'em No Limit ($0.01/$0.02 USD) - 2022/10/26 14:47:54 ET
Table 'Aenna II' 6-max Seat #5 is the button
Seat 1: DeusDragon ($2.05 in chips) 
Seat 3: Lorpugo ($1.74 in chips) 
Seat 4: K1rushka_l ($1.97 in chips) 
Seat 5: bwo-hb ($2.59 in chips) 
Seat 6: TrovaloTu ($1.15 in chips) 
TrovaloTu: posts small blind $0.01
DeusDragon: posts big blind $0.02
casabao: sits out 
*** HOLE CARDS ***
Dealt to Lorpugo [7h 6s]
Lorpugo: raises $0.04 to $0.06
K1rushka_l: folds 
bwo-hb: folds 
TrovaloTu: folds 
DeusDragon: folds 
Uncalled bet ($0.04) returned to Lorpugo
Lorpugo collected $0.05 from pot
Lorpugo: doesn't show hand 
*** SUMMARY ***
Total pot $0.05 | Rake $0 
Seat 1: DeusDragon (big blind) folded before Flop
Seat 3: Lorpugo collected ($0.05)
Seat 4: K1rushka_l folded before Flop (didn't bet)
Seat 5: bwo-hb (button) folded before Flop (didn't bet)
Seat 6: TrovaloTu (small blind) folded before Flop



PokerStars Hand #239468387541:  Hold'em No Limit ($0.01/$0.02 USD) - 2022/10/26 14:48:06 ET
Table 'Aenna II' 6-max Seat #6 is the button
Seat 1: DeusDragon ($2.03 in chips) 
Seat 2: casabao ($1.60 in chips) 
Seat 3: Lorpugo ($1.77 in chips) 
Seat 4: K1rushka_l ($1.97 in chips) 
Seat 5: bwo-hb ($2.59 in chips) 
Seat 6: TrovaloTu ($1.14 in chips) 
DeusDragon: posts small blind $0.01
casabao: posts big blind $0.02
*** HOLE CARDS ***
Dealt to Lorpugo [Ah 5s]
Lorpugo: raises $0.04 to $0.06
K1rushka_l: folds 
bwo-hb: folds 
TrovaloTu: folds 
DeusDragon: folds 
casabao: calls $0.04
*** FLOP *** [2h 7h As]
casabao: bets $0.08
Lorpugo: calls $0.08
*** TURN *** [2h 7h As] [2c]
casabao: checks 
Lorpugo: bets $0.18
casabao: folds 
Uncalled bet ($0.18) returned to Lorpugo
Lorpugo collected $0.28 from pot
Lorpugo: doesn't show hand 
*** SUMMARY ***
Total pot $0.29 | Rake $0.01 
Board [2h 7h As 2c]
Seat 1: DeusDragon (small blind) folded before Flop
Seat 2: casabao (big blind) folded on the Turn
Seat 3: Lorpugo collected ($0.28)
Seat 4: K1rushka_l folded before Flop (didn't bet)
Seat 5: bwo-hb folded before Flop (didn't bet)
Seat 6: TrovaloTu (button) folded before Flop (didn't bet)



PokerStars Hand #239468404671:  Hold'em No Limit ($0.01/$0.02 USD) - 2022/10/26 14:48:51 ET
Table 'Aenna II' 6-max Seat #1 is the button
Seat 1: DeusDragon ($2.02 in chips) 
Seat 2: casabao ($1.46 in chips) 
Seat 3: Lorpugo ($1.91 in chips) 
Seat 4: K1rushka_l ($1.97 in chips) 
Seat 5: bwo-hb ($2.59 in chips) 
Seat 6: TrovaloTu ($1.14 in chips) 
casabao: posts small blind $0.01
Lorpugo: posts big blind $0.02
*** HOLE CARDS ***
Dealt to Lorpugo [7c 4s]
K1rushka_l: folds 
bwo-hb: raises $0.02 to $0.04
TrovaloTu: folds 
DeusDragon: folds 
casabao: raises $0.02 to $0.06
Lorpugo: folds 
bwo-hb: calls $0.02
*** FLOP *** [Ad Jd Th]
casabao: bets $0.08
bwo-hb: folds 
Uncalled bet ($0.08) returned to casabao
casabao collected $0.14 from pot
*** SUMMARY ***
Total pot $0.14 | Rake $0 
Board [Ad Jd Th]
Seat 1: DeusDragon (button) folded before Flop (didn't bet)
Seat 2: casabao (small blind) collected ($0.14)
Seat 3: Lorpugo (big blind) folded before Flop
Seat 4: K1rushka_l folded before Flop (didn't bet)
Seat 5: bwo-hb folded on the Flop
Seat 6: TrovaloTu folded before Flop (didn't bet)



PokerStars Hand #239468416167:  Hold'em No Limit ($0.01/$0.02 USD) - 2022/10/26 14:49:22 ET
Table 'Aenna II' 6-max Seat #2 is the button
Seat 1: DeusDragon ($2.02 in chips) 
Seat 2: casabao ($1.54 in chips) 
Seat 3: Lorpugo ($1.89 in chips) 
Seat 4: K1rushka_l ($1.97 in chips) 
Seat 5: bwo-hb ($2.53 in chips) 
Seat 6: TrovaloTu ($1.14 in chips) 
Lorpugo: posts small blind $0.01
K1rushka_l: posts big blind $0.02
*** HOLE CARDS ***
Dealt to Lorpugo [Jd 7h]
bwo-hb: folds 
TrovaloTu: folds 
DeusDragon: folds 
casabao: folds 
Lorpugo: raises $0.04 to $0.06
K1rushka_l: folds 
Uncalled bet ($0.04) returned to Lorpugo
Lorpugo collected $0.04 from pot
Lorpugo: doesn't show hand 
*** SUMMARY ***
Total pot $0.04 | Rake $0 
Seat 1: DeusDragon folded before Flop (didn't bet)
Seat 2: casabao (button) folded before Flop (didn't bet)
Seat 3: Lorpugo (small blind) collected ($0.04)
Seat 4: K1rushka_l (big blind) folded before Flop
Seat 5: bwo-hb folded before Flop (didn't bet)
Seat 6: TrovaloTu folded before Flop (didn't bet)



PokerStars Hand #239468424455:  Hold'em No Limit ($0.01/$0.02 USD) - 2022/10/26 14:49:44 ET
Table 'Aenna II' 6-max Seat #3 is the button
Seat 1: DeusDragon ($2.02 in chips) 
Seat 2: casabao ($1.54 in chips) 
Seat 3: Lorpugo ($1.91 in chips) 
Seat 4: K1rushka_l ($1.95 in chips) 
Seat 5: bwo-hb ($2.53 in chips) 
Seat 6: TrovaloTu ($1.14 in chips) 
K1rushka_l: posts small blind $0.01
bwo-hb: posts big blind $0.02
*** HOLE CARDS ***
Dealt to Lorpugo [Kd 2c]
TrovaloTu: folds 
DeusDragon: raises $0.04 to $0.06
casabao: folds 
Lorpugo: folds 
K1rushka_l: folds 
bwo-hb: calls $0.04
*** FLOP *** [3c 8c Jh]
bwo-hb: bets $0.06
DeusDragon: raises $0.14 to $0.20
bwo-hb: folds 
Uncalled bet ($0.14) returned to DeusDragon
DeusDragon collected $0.24 from pot
DeusDragon: doesn't show hand 
*** SUMMARY ***
Total pot $0.25 | Rake $0.01 
Board [3c 8c Jh]
Seat 1: DeusDragon collected ($0.24)
Seat 2: casabao folded before Flop (didn't bet)
Seat 3: Lorpugo (button) folded before Flop (didn't bet)
Seat 4: K1rushka_l (small blind) folded before Flop
Seat 5: bwo-hb (big blind) folded on the Flop
Seat 6: TrovaloTu folded before Flop (didn't bet)



PokerStars Hand #239468434188:  Hold'em No Limit ($0.01/$0.02 USD) - 2022/10/26 14:50:09 ET
Table 'Aenna II' 6-max Seat #4 is the button
Seat 1: DeusDragon ($2.14 in chips) 
Seat 2: casabao ($1.54 in chips) 
Seat 3: Lorpugo ($1.91 in chips) 
Seat 4: K1rushka_l ($1.94 in chips) 
Seat 5: bwo-hb ($2.41 in chips) 
Seat 6: TrovaloTu ($1.14 in chips) 
bwo-hb: posts small blind $0.01
TrovaloTu: posts big blind $0.02
*** HOLE CARDS ***
Dealt to Lorpugo [Kh Qs]
DeusDragon: folds 
casabao: raises $0.02 to $0.04
Lorpugo: raises $0.11 to $0.15
K1rushka_l: folds 
bwo-hb: folds 
TrovaloTu: folds 
casabao: calls $0.11
*** FLOP *** [9h 3h Jd]
casabao: checks 
Lorpugo: bets $1.76 and is all-in
casabao: folds 
Uncalled bet ($1.76) returned to Lorpugo
Lorpugo collected $0.32 from pot
Lorpugo: doesn't show hand 
*** SUMMARY ***
Total pot $0.33 | Rake $0.01 
Board [9h 3h Jd]
Seat 1: DeusDragon folded before Flop (didn't bet)
Seat 2: casabao folded on the Flop
Seat 3: Lorpugo collected ($0.32)
Seat 4: K1rushka_l (button) folded before Flop (didn't bet)
Seat 5: bwo-hb (small blind) folded before Flop
Seat 6: TrovaloTu (big blind) folded before Flop



PokerStars Hand #239468445218:  Hold'em No Limit ($0.01/$0.02 USD) - 2022/10/26 14:50:39 ET
Table 'Aenna II' 6-max Seat #5 is the button
Seat 1: DeusDragon ($2.14 in chips) 
Seat 2: casabao ($1.39 in chips) 
Seat 3: Lorpugo ($2.08 in chips) 
Seat 4: K1rushka_l ($1.94 in chips) 
Seat 5: bwo-hb ($2.40 in chips) 
Seat 6: TrovaloTu ($1.12 in chips) 
TrovaloTu: posts small blind $0.01
DeusDragon: posts big blind $0.02
*** HOLE CARDS ***
Dealt to Lorpugo [4c 8d]
casabao: folds 
Lorpugo: folds 
K1rushka_l: folds 
bwo-hb: folds 
TrovaloTu: raises $0.04 to $0.06
DeusDragon: calls $0.04
*** FLOP *** [Qs Qh Kc]
TrovaloTu: bets $0.08
DeusDragon: calls $0.08
*** TURN *** [Qs Qh Kc] [7s]
TrovaloTu: bets $0.16
DeusDragon: calls $0.16
*** RIVER *** [Qs Qh Kc 7s] [Ks]
TrovaloTu: bets $0.14
DeusDragon: raises $0.86 to $1
TrovaloTu: calls $0.68 and is all-in
Uncalled bet ($0.18) returned to DeusDragon
*** SHOW DOWN ***
DeusDragon: shows [Kh Qc] (a full house, Kings full of Queens)
TrovaloTu: shows [7c Kd] (a full house, Kings full of Queens)
TrovaloTu collected $1.08 from pot
DeusDragon collected $1.08 from pot
*** SUMMARY ***
Total pot $2.24 | Rake $0.08 
Board [Qs Qh Kc 7s Ks]
Seat 1: DeusDragon (big blind) showed [Kh Qc] and won ($1.08) with a full house, Kings full of Queens
Seat 2: casabao folded before Flop (didn't bet)
Seat 3: Lorpugo folded before Flop (didn't bet)
Seat 4: K1rushka_l folded before Flop (didn't bet)
Seat 5: bwo-hb (button) folded before Flop (didn't bet)
Seat 6: TrovaloTu (small blind) showed [7c Kd] and won ($1.08) with a full house, Kings full of Queens



PokerStars Hand #239468460660:  Hold'em No Limit ($0.01/$0.02 USD) - 2022/10/26 14:51:20 ET
Table 'Aenna II' 6-max Seat #6 is the button
Seat 1: DeusDragon ($2.10 in chips) 
Seat 2: casabao ($2 in chips) 
Seat 3: Lorpugo ($2.08 in chips) 
Seat 4: K1rushka_l ($1.94 in chips) 
Seat 5: bwo-hb ($2.40 in chips) 
Seat 6: TrovaloTu ($1.08 in chips) 
DeusDragon: posts small blind $0.01
casabao: posts big blind $0.02
*** HOLE CARDS ***
Dealt to Lorpugo [4h 2s]
Lorpugo: folds 
K1rushka_l: folds 
bwo-hb: folds 
TrovaloTu: raises $0.02 to $0.04
DeusDragon: raises $0.10 to $0.14
casabao: folds 
TrovaloTu: calls $0.10
*** FLOP *** [7d Kc 5d]
DeusDragon: checks 
TrovaloTu: bets $0.15
DeusDragon: calls $0.15
*** TURN *** [7d Kc 5d] [Tc]
DeusDragon: checks 
TrovaloTu: bets $0.58
DeusDragon: raises $0.58 to $1.16
TrovaloTu: calls $0.21 and is all-in
Uncalled bet ($0.37) returned to DeusDragon
*** RIVER *** [7d Kc 5d Tc] [Jc]
*** SHOW DOWN ***
DeusDragon: shows [Kh Kd] (three of a kind, Kings)
TrovaloTu: shows [Qd 9d] (a straight, Nine to King)
TrovaloTu collected $2.10 from pot
*** SUMMARY ***
Total pot $2.18 | Rake $0.08 
Board [7d Kc 5d Tc Jc]
Seat 1: DeusDragon (small blind) showed [Kh Kd] and lost with three of a kind, Kings
Seat 2: casabao (big blind) folded before Flop
Seat 3: Lorpugo folded before Flop (didn't bet)
Seat 4: K1rushka_l folded before Flop (didn't bet)
Seat 5: bwo-hb folded before Flop (didn't bet)
Seat 6: TrovaloTu (button) showed [Qd 9d] and won ($2.10) with a straight, Nine to King



PokerStars Hand #239468475955:  Hold'em No Limit ($0.01/$0.02 USD) - 2022/10/26 14:52:00 ET
Table 'Aenna II' 6-max Seat #1 is the button
Seat 1: DeusDragon ($2 in chips) 
Seat 2: casabao ($1.98 in chips) 
Seat 3: Lorpugo ($2.08 in chips) 
Seat 4: K1rushka_l ($1.94 in chips) 
Seat 5: bwo-hb ($2.40 in chips) 
Seat 6: TrovaloTu ($2.10 in chips) 
casabao: posts small blind $0.01
Lorpugo: posts big blind $0.02
*** HOLE CARDS ***
Dealt to Lorpugo [8h 5h]
K1rushka_l: folds 
bwo-hb: folds 
TrovaloTu: folds 
DeusDragon: folds 
casabao: raises $0.02 to $0.04
Lorpugo: raises $0.12 to $0.16
casabao: calls $0.12
*** FLOP *** [6s 9d Kh]
casabao: checks 
Lorpugo: bets $0.20
casabao: folds 
Uncalled bet ($0.20) returned to Lorpugo
Lorpugo collected $0.31 from pot
Lorpugo: doesn't show hand 
*** SUMMARY ***
Total pot $0.32 | Rake $0.01 
Board [6s 9d Kh]
Seat 1: DeusDragon (button) folded before Flop (didn't bet)
Seat 2: casabao (small blind) folded on the Flop
Seat 3: Lorpugo (big blind) collected ($0.31)
Seat 4: K1rushka_l folded before Flop (didn't bet)
Seat 5: bwo-hb folded before Flop (didn't bet)
Seat 6: TrovaloTu folded before Flop (didn't bet)



PokerStars Hand #239468489734:  Hold'em No Limit ($0.01/$0.02 USD) - 2022/10/26 14:52:36 ET
Table 'Aenna II' 6-max Seat #2 is the button
Seat 1: DeusDragon ($2 in chips) 
Seat 2: casabao ($1.82 in chips) 
Seat 3: Lorpugo ($2.23 in chips) 
Seat 4: K1rushka_l ($1.94 in chips) 
Seat 5: bwo-hb ($2.40 in chips) 
Seat 6: TrovaloTu ($2.10 in chips) 
Lorpugo: posts small blind $0.01
K1rushka_l: posts big blind $0.02
*** HOLE CARDS ***
Dealt to Lorpugo [5h 3h]
bwo-hb: folds 
TrovaloTu: folds 
DeusDragon: folds 
casabao: folds 
Lorpugo: raises $0.04 to $0.06
K1rushka_l: folds 
Uncalled bet ($0.04) returned to Lorpugo
Lorpugo collected $0.04 from pot
Lorpugo: doesn't show hand 
*** SUMMARY ***
Total pot $0.04 | Rake $0 
Seat 1: DeusDragon folded before Flop (didn't bet)
Seat 2: casabao (button) folded before Flop (didn't bet)
Seat 3: Lorpugo (small blind) collected ($0.04)
Seat 4: K1rushka_l (big blind) folded before Flop
Seat 5: bwo-hb folded before Flop (didn't bet)
Seat 6: TrovaloTu folded before Flop (didn't bet)



PokerStars Hand #239468494670:  Hold'em No Limit ($0.01/$0.02 USD) - 2022/10/26 14:52:49 ET
Table 'Aenna II' 6-max Seat #3 is the button
Seat 1: DeusDragon ($2 in chips) 
Seat 2: casabao ($1.82 in chips) 
Seat 3: Lorpugo ($2.25 in chips) 
Seat 4: K1rushka_l ($1.92 in chips) 
Seat 5: bwo-hb ($2.40 in chips) 
Seat 6: TrovaloTu ($2.10 in chips) 
K1rushka_l: posts small blind $0.01
bwo-hb: posts big blind $0.02
*** HOLE CARDS ***
Dealt to Lorpugo [6s Jc]
TrovaloTu: folds 
DeusDragon: raises $0.04 to $0.06
casabao: folds 
Lorpugo: folds 
K1rushka_l: folds 
bwo-hb: folds 
Uncalled bet ($0.04) returned to DeusDragon
DeusDragon collected $0.05 from pot
DeusDragon: doesn't show hand 
*** SUMMARY ***
Total pot $0.05 | Rake $0 
Seat 1: DeusDragon collected ($0.05)
Seat 2: casabao folded before Flop (didn't bet)
Seat 3: Lorpugo (button) folded before Flop (didn't bet)
Seat 4: K1rushka_l (small blind) folded before Flop
Seat 5: bwo-hb (big blind) folded before Flop
Seat 6: TrovaloTu folded before Flop (didn't bet)



PokerStars Hand #239468499336:  Hold'em No Limit ($0.01/$0.02 USD) - 2022/10/26 14:53:02 ET
Table 'Aenna II' 6-max Seat #4 is the button
Seat 1: DeusDragon ($2.03 in chips) 
Seat 2: casabao ($1.82 in chips) 
Seat 3: Lorpugo ($2.25 in chips) 
Seat 4: K1rushka_l ($1.91 in chips) 
Seat 5: bwo-hb ($2.38 in chips) 
Seat 6: TrovaloTu ($2.10 in chips) 
bwo-hb: posts small blind $0.01
TrovaloTu: posts big blind $0.02
*** HOLE CARDS ***
Dealt to Lorpugo [7s Qd]
DeusDragon: folds 
casabao: folds 
Lorpugo: folds 
K1rushka_l: raises $0.03 to $0.05
bwo-hb: folds 
TrovaloTu: calls $0.03
*** FLOP *** [6h 2s 3d]
TrovaloTu: bets $0.08
K1rushka_l: calls $0.08
*** TURN *** [6h 2s 3d] [Jh]
TrovaloTu: checks 
K1rushka_l: checks 
*** RIVER *** [6h 2s 3d Jh] [Kh]
TrovaloTu: bets $0.10
K1rushka_l: raises $0.30 to $0.40
TrovaloTu: folds 
Uncalled bet ($0.30) returned to K1rushka_l
K1rushka_l collected $0.45 from pot
K1rushka_l: doesn't show hand 
*** SUMMARY ***
Total pot $0.47 | Rake $0.02 
Board [6h 2s 3d Jh Kh]
Seat 1: DeusDragon folded before Flop (didn't bet)
Seat 2: casabao folded before Flop (didn't bet)
Seat 3: Lorpugo folded before Flop (didn't bet)
Seat 4: K1rushka_l (button) collected ($0.45)
Seat 5: bwo-hb (small blind) folded before Flop
Seat 6: TrovaloTu (big blind) folded on the River



PokerStars Hand #239468525462:  Hold'em No Limit ($0.01/$0.02 USD) - 2022/10/26 14:54:11 ET
Table 'Aenna II' 6-max Seat #5 is the button
Seat 1: DeusDragon ($2.03 in chips) 
Seat 2: casabao ($1.82 in chips) 
Seat 3: Lorpugo ($2.25 in chips) 
Seat 4: K1rushka_l ($2.13 in chips) 
Seat 5: bwo-hb ($2.37 in chips) 
Seat 6: TrovaloTu ($1.87 in chips) 
TrovaloTu: posts small blind $0.01
DeusDragon: posts big blind $0.02
*** HOLE CARDS ***
Dealt to Lorpugo [9d 5c]
casabao: folds 
Lorpugo: folds 
K1rushka_l: folds 
bwo-hb: folds 
TrovaloTu: folds 
Uncalled bet ($0.01) returned to DeusDragon
DeusDragon collected $0.02 from pot
DeusDragon: doesn't show hand 
*** SUMMARY ***
Total pot $0.02 | Rake $0 
Seat 1: DeusDragon (big blind) collected ($0.02)
Seat 2: casabao folded before Flop (didn't bet)
Seat 3: Lorpugo folded before Flop (didn't bet)
Seat 4: K1rushka_l folded before Flop (didn't bet)
Seat 5: bwo-hb (button) folded before Flop (didn't bet)
Seat 6: TrovaloTu (small blind) folded before Flop



PokerStars Hand #239468529404:  Hold'em No Limit ($0.01/$0.02 USD) - 2022/10/26 14:54:22 ET
Table 'Aenna II' 6-max Seat #6 is the button
Seat 1: DeusDragon ($2.04 in chips) 
Seat 2: casabao ($1.82 in chips) 
Seat 3: Lorpugo ($2.25 in chips) 
Seat 4: K1rushka_l ($2.13 in chips) 
Seat 5: bwo-hb ($2.37 in chips) 
Seat 6: TrovaloTu ($1.86 in chips) 
DeusDragon: posts small blind $0.01
casabao: posts big blind $0.02
*** HOLE CARDS ***
Dealt to Lorpugo [3s 3c]
Lorpugo: raises $0.04 to $0.06
K1rushka_l: folds 
bwo-hb: raises $0.04 to $0.10
TrovaloTu: folds 
DeusDragon: folds 
casabao: folds 
Lorpugo: calls $0.04
*** FLOP *** [6h Jd 7h]
Lorpugo: checks 
bwo-hb: bets $0.22
Lorpugo: folds 
Uncalled bet ($0.22) returned to bwo-hb
bwo-hb collected $0.22 from pot
*** SUMMARY ***
Total pot $0.23 | Rake $0.01 
Board [6h Jd 7h]
Seat 1: DeusDragon (small blind) folded before Flop
Seat 2: casabao (big blind) folded before Flop
Seat 3: Lorpugo folded on the Flop
Seat 4: K1rushka_l folded before Flop (didn't bet)
Seat 5: bwo-hb collected ($0.22)
Seat 6: TrovaloTu (button) folded before Flop (didn't bet)



PokerStars Hand #239468539146:  Hold'em No Limit ($0.01/$0.02 USD) - 2022/10/26 14:54:48 ET
Table 'Aenna II' 6-max Seat #1 is the button
Seat 1: DeusDragon ($2.03 in chips) 
Seat 2: casabao ($1.80 in chips) 
Seat 3: Lorpugo ($2.15 in chips) 
Seat 4: K1rushka_l ($2.13 in chips) 
Seat 5: bwo-hb ($2.49 in chips) 
Seat 6: TrovaloTu ($1.86 in chips) 
casabao: posts small blind $0.01
Lorpugo: posts big blind $0.02
*** HOLE CARDS ***
Dealt to Lorpugo [As 7d]
K1rushka_l: folds 
bwo-hb: folds 
TrovaloTu: folds 
DeusDragon: folds 
casabao: calls $0.01
Lorpugo: raises $0.08 to $0.10
casabao: calls $0.08
*** FLOP *** [6h 9s 9c]
casabao: checks 
Lorpugo: bets $0.10
casabao: raises $0.22 to $0.32
Lorpugo: calls $0.22
*** TURN *** [6h 9s 9c] [Tc]
casabao: bets $0.42
Lorpugo: folds 
Uncalled bet ($0.42) returned to casabao
casabao collected $0.80 from pot
*** SUMMARY ***
Total pot $0.84 | Rake $0.04 
Board [6h 9s 9c Tc]
Seat 1: DeusDragon (button) folded before Flop (didn't bet)
Seat 2: casabao (small blind) collected ($0.80)
Seat 3: Lorpugo (big blind) folded on the Turn
Seat 4: K1rushka_l folded before Flop (didn't bet)
Seat 5: bwo-hb folded before Flop (didn't bet)
Seat 6: TrovaloTu folded before Flop (didn't bet)



PokerStars Hand #239468556936:  Hold'em No Limit ($0.01/$0.02 USD) - 2022/10/26 14:55:44 ET
Table 'Aenna II' 6-max Seat #2 is the button
Seat 1: DeusDragon ($2.03 in chips) 
Seat 2: casabao ($2.18 in chips) 
Seat 3: Lorpugo ($1.73 in chips) 
Seat 4: K1rushka_l ($2.13 in chips) 
Seat 5: bwo-hb ($2.49 in chips) 
Seat 6: TrovaloTu ($1.86 in chips) 
Lorpugo: posts small blind $0.01
K1rushka_l: posts big blind $0.02
*** HOLE CARDS ***
Dealt to Lorpugo [Qs Jd]
bwo-hb: folds 
TrovaloTu: raises $0.02 to $0.04
DeusDragon: folds 
casabao: folds 
Lorpugo: raises $0.10 to $0.14
K1rushka_l: calls $0.12
TrovaloTu: folds 
*** FLOP *** [7c 2h 8d]
Lorpugo: checks 
K1rushka_l: checks 
*** TURN *** [7c 2h 8d] [Jh]
Lorpugo: bets $0.20
K1rushka_l: calls $0.20
*** RIVER *** [7c 2h 8d Jh] [Js]
Lorpugo: bets $1.39 and is all-in
K1rushka_l: calls $1.39
*** SHOW DOWN ***
Lorpugo: shows [Qs Jd] (three of a kind, Jacks)
K1rushka_l: shows [9s 9d] (two pair, Jacks and Nines)
Lorpugo collected $3.38 from pot
*** SUMMARY ***
Total pot $3.50 | Rake $0.12 
Board [7c 2h 8d Jh Js]
Seat 1: DeusDragon folded before Flop (didn't bet)
Seat 2: casabao (button) folded before Flop (didn't bet)
Seat 3: Lorpugo (small blind) showed [Qs Jd] and won ($3.38) with three of a kind, Jacks
Seat 4: K1rushka_l (big blind) showed [9s 9d] and lost with two pair, Jacks and Nines
Seat 5: bwo-hb folded before Flop (didn't bet)
Seat 6: TrovaloTu folded before Flop



PokerStars Hand #239468575217:  Hold'em No Limit ($0.01/$0.02 USD) - 2022/10/26 14:56:49 ET
Table 'Aenna II' 6-max Seat #3 is the button
Seat 1: DeusDragon ($2.03 in chips) 
Seat 2: casabao ($2.18 in chips) 
Seat 3: Lorpugo ($3.38 in chips) 
Seat 4: K1rushka_l ($0.40 in chips) 
Seat 5: bwo-hb ($2.49 in chips) 
Seat 6: TrovaloTu ($1.82 in chips) 
K1rushka_l: posts small blind $0.01
bwo-hb: posts big blind $0.02
*** HOLE CARDS ***
Dealt to Lorpugo [Kc Qd]
TrovaloTu: raises $0.02 to $0.04
DeusDragon: folds 
casabao: folds 
Lorpugo: raises $0.11 to $0.15
K1rushka_l: raises $0.25 to $0.40 and is all-in
bwo-hb: folds 
TrovaloTu: raises $1.42 to $1.82 and is all-in
Lorpugo: folds 
Uncalled bet ($1.42) returned to TrovaloTu
*** FLOP *** [9h 5c 3c]
*** TURN *** [9h 5c 3c] [Td]
*** RIVER *** [9h 5c 3c Td] [9d]
*** SHOW DOWN ***
K1rushka_l: shows [Qc Ts] (two pair, Tens and Nines)
TrovaloTu: shows [Js Qs] (a pair of Nines)
K1rushka_l collected $0.94 from pot
*** SUMMARY ***
Total pot $0.97 | Rake $0.03 
Board [9h 5c 3c Td 9d]
Seat 1: DeusDragon folded before Flop (didn't bet)
Seat 2: casabao folded before Flop (didn't bet)
Seat 3: Lorpugo (button) folded before Flop
Seat 4: K1rushka_l (small blind) showed [Qc Ts] and won ($0.94) with two pair, Tens and Nines
Seat 5: bwo-hb (big blind) folded before Flop
Seat 6: TrovaloTu showed [Js Qs] and lost with a pair of Nines



PokerStars Hand #239468582291:  Hold'em No Limit ($0.01/$0.02 USD) - 2022/10/26 14:57:15 ET
Table 'Aenna II' 6-max Seat #4 is the button
Seat 1: DeusDragon ($2.03 in chips) 
Seat 2: casabao ($2.18 in chips) 
Seat 3: Lorpugo ($3.23 in chips) 
Seat 4: K1rushka_l ($0.94 in chips) 
Seat 5: bwo-hb ($2.47 in chips) 
Seat 6: TrovaloTu ($1.42 in chips) 
bwo-hb: posts small blind $0.01
TrovaloTu: posts big blind $0.02
*** HOLE CARDS ***
Dealt to Lorpugo [Ts 5c]
DeusDragon: raises $0.04 to $0.06
casabao: folds 
Lorpugo: folds 
K1rushka_l: calls $0.06
bwo-hb: raises $0.04 to $0.10
TrovaloTu: folds 
DeusDragon: calls $0.04
K1rushka_l: calls $0.04
*** FLOP *** [Js 6d Tc]
bwo-hb: bets $0.15
DeusDragon: calls $0.15
K1rushka_l: raises $0.69 to $0.84 and is all-in
bwo-hb: raises $0.69 to $1.53
DeusDragon: folds 
Uncalled bet ($0.69) returned to bwo-hb
*** TURN *** [Js 6d Tc] [7s]
*** RIVER *** [Js 6d Tc 7s] [9d]
*** SHOW DOWN ***
bwo-hb: shows [Ad Kc] (high card Ace)
K1rushka_l: shows [Qs 9s] (a pair of Nines)
K1rushka_l collected $2.07 from pot
*** SUMMARY ***
Total pot $2.15 | Rake $0.08 
Board [Js 6d Tc 7s 9d]
Seat 1: DeusDragon folded on the Flop
Seat 2: casabao folded before Flop (didn't bet)
Seat 3: Lorpugo folded before Flop (didn't bet)
Seat 4: K1rushka_l (button) showed [Qs 9s] and won ($2.07) with a pair of Nines
Seat 5: bwo-hb (small blind) showed [Ad Kc] and lost with high card Ace
Seat 6: TrovaloTu (big blind) folded before Flop



PokerStars Hand #239468593665:  Hold'em No Limit ($0.01/$0.02 USD) - 2022/10/26 14:57:55 ET
Table 'Aenna II' 6-max Seat #5 is the button
Seat 1: DeusDragon ($2 in chips) 
Seat 2: casabao ($2.18 in chips) 
Seat 3: Lorpugo ($3.23 in chips) 
Seat 4: K1rushka_l ($2.07 in chips) 
Seat 5: bwo-hb ($1.53 in chips) 
Seat 6: TrovaloTu ($1.40 in chips) 
TrovaloTu: posts small blind $0.01
DeusDragon: posts big blind $0.02
*** HOLE CARDS ***
Dealt to Lorpugo [Th Qs]
casabao: folds 
Lorpugo: raises $0.02 to $0.04
K1rushka_l: calls $0.04
bwo-hb: folds 
TrovaloTu: folds 
DeusDragon: folds 
*** FLOP *** [Qc 5s 7s]
Lorpugo: bets $0.04
K1rushka_l: calls $0.04
*** TURN *** [Qc 5s 7s] [8d]
Lorpugo: checks 
K1rushka_l: checks 
*** RIVER *** [Qc 5s 7s 8d] [6c]
Lorpugo: bets $0.09
K1rushka_l: raises $0.18 to $0.27
Lorpugo: folds 
Uncalled bet ($0.18) returned to K1rushka_l
K1rushka_l collected $0.36 from pot
K1rushka_l: doesn't show hand 
*** SUMMARY ***
Total pot $0.37 | Rake $0.01 
Board [Qc 5s 7s 8d 6c]
Seat 1: DeusDragon (big blind) folded before Flop
Seat 2: casabao folded before Flop (didn't bet)
Seat 3: Lorpugo folded on the River
Seat 4: K1rushka_l collected ($0.36)
Seat 5: bwo-hb (button) folded before Flop (didn't bet)
Seat 6: TrovaloTu (small blind) folded before Flop



PokerStars Hand #239468606155:  Hold'em No Limit ($0.01/$0.02 USD) - 2022/10/26 14:58:40 ET
Table 'Aenna II' 6-max Seat #6 is the button
Seat 1: DeusDragon ($2 in chips) 
Seat 2: casabao ($2.18 in chips) 
Seat 3: Lorpugo ($3.06 in chips) 
Seat 4: K1rushka_l ($2.26 in chips) 
Seat 5: bwo-hb ($1.53 in chips) 
Seat 6: TrovaloTu ($1.39 in chips) 
DeusDragon: posts small blind $0.01
casabao: posts big blind $0.02
*** HOLE CARDS ***
Dealt to Lorpugo [9h 8s]
Lorpugo: raises $0.04 to $0.06
K1rushka_l: folds 
bwo-hb: folds 
bwo-hb leaves the table
TrovaloTu: folds 
DeusDragon: folds 
casabao: folds 
Uncalled bet ($0.04) returned to Lorpugo
Lorpugo collected $0.05 from pot
Lorpugo: doesn't show hand 
Sensey1286 joins the table at seat #5 
*** SUMMARY ***
Total pot $0.05 | Rake $0 
Seat 1: DeusDragon (small blind) folded before Flop
Seat 2: casabao (big blind) folded before Flop
Seat 3: Lorpugo collected ($0.05)
Seat 4: K1rushka_l folded before Flop (didn't bet)
Seat 5: bwo-hb folded before Flop (didn't bet)
Seat 6: TrovaloTu (button) folded before Flop (didn't bet)



PokerStars Hand #239468609446:  Hold'em No Limit ($0.01/$0.02 USD) - 2022/10/26 14:58:51 ET
Table 'Aenna II' 6-max Seat #1 is the button
Seat 1: DeusDragon ($2 in chips) 
Seat 2: casabao ($2.16 in chips) 
Seat 3: Lorpugo ($3.09 in chips) 
Seat 4: K1rushka_l ($2.26 in chips) 
Seat 6: TrovaloTu ($1.39 in chips) 
casabao: posts small blind $0.01
Lorpugo: posts big blind $0.02
Sensey1286: sits out 
*** HOLE CARDS ***
Dealt to Lorpugo [6h Kh]
K1rushka_l: folds 
TrovaloTu: folds 
DeusDragon: folds 
casabao: raises $0.02 to $0.04
Lorpugo: raises $0.08 to $0.12
casabao: raises $0.24 to $0.36
Lorpugo: folds 
Uncalled bet ($0.24) returned to casabao
casabao collected $0.24 from pot
*** SUMMARY ***
Total pot $0.24 | Rake $0 
Seat 1: DeusDragon (button) folded before Flop (didn't bet)
Seat 2: casabao (small blind) collected ($0.24)
Seat 3: Lorpugo (big blind) folded before Flop
Seat 4: K1rushka_l folded before Flop (didn't bet)
Seat 6: TrovaloTu folded before Flop (didn't bet)



PokerStars Hand #239468617253:  Hold'em No Limit ($0.01/$0.02 USD) - 2022/10/26 14:59:19 ET
Table 'Aenna II' 6-max Seat #2 is the button
Seat 1: DeusDragon ($2 in chips) 
Seat 2: casabao ($2.28 in chips) 
Seat 3: Lorpugo ($2.97 in chips) 
Seat 4: K1rushka_l ($2.26 in chips) 
Seat 6: TrovaloTu ($1.39 in chips) 
Lorpugo: posts small blind $0.01
K1rushka_l: posts big blind $0.02
Sensey1286: sits out 
*** HOLE CARDS ***
Dealt to Lorpugo [7s Jh]
TrovaloTu: folds 
DeusDragon: folds 
casabao: folds 
Lorpugo: raises $0.04 to $0.06
K1rushka_l: folds 
Uncalled bet ($0.04) returned to Lorpugo
Lorpugo collected $0.04 from pot
Lorpugo: doesn't show hand 
*** SUMMARY ***
Total pot $0.04 | Rake $0 
Seat 1: DeusDragon folded before Flop (didn't bet)
Seat 2: casabao (button) folded before Flop (didn't bet)
Seat 3: Lorpugo (small blind) collected ($0.04)
Seat 4: K1rushka_l (big blind) folded before Flop
Seat 6: TrovaloTu folded before Flop (didn't bet)



PokerStars Hand #239468621859:  Hold'em No Limit ($0.01/$0.02 USD) - 2022/10/26 14:59:35 ET
Table 'Aenna II' 6-max Seat #3 is the button
Seat 1: DeusDragon ($2 in chips) 
Seat 2: casabao ($2.28 in chips) 
Seat 3: Lorpugo ($2.99 in chips) 
Seat 4: K1rushka_l ($2.24 in chips) 
Seat 5: Sensey1286 ($2 in chips) 
Seat 6: TrovaloTu ($1.39 in chips) 
K1rushka_l: posts small blind $0.01
Sensey1286: posts big blind $0.02
*** HOLE CARDS ***
Dealt to Lorpugo [3h 3c]
TrovaloTu: calls $0.02
DeusDragon: folds 
casabao: folds 
Lorpugo: raises $0.04 to $0.06
K1rushka_l: raises $0.16 to $0.22
Sensey1286: folds 
TrovaloTu: folds 
Lorpugo: calls $0.16
*** FLOP *** [Jh 2h Ac]
K1rushka_l: bets $0.22
Lorpugo: calls $0.22
*** TURN *** [Jh 2h Ac] [4d]
K1rushka_l: bets $0.44
Lorpugo: raises $2.11 to $2.55 and is all-in
K1rushka_l: folds 
Uncalled bet ($2.11) returned to Lorpugo
Lorpugo collected $1.74 from pot
Lorpugo: doesn't show hand 
*** SUMMARY ***
Total pot $1.80 | Rake $0.06 
Board [Jh 2h Ac 4d]
Seat 1: DeusDragon folded before Flop (didn't bet)
Seat 2: casabao folded before Flop (didn't bet)
Seat 3: Lorpugo (button) collected ($1.74)
Seat 4: K1rushka_l (small blind) folded on the Turn
Seat 5: Sensey1286 (big blind) folded before Flop
Seat 6: TrovaloTu folded before Flop



PokerStars Hand #239468640604:  Hold'em No Limit ($0.01/$0.02 USD) - 2022/10/26 15:00:40 ET
Table 'Aenna II' 6-max Seat #4 is the button
Seat 1: DeusDragon ($2 in chips) 
Seat 2: casabao ($2.28 in chips) 
Seat 3: Lorpugo ($3.85 in chips) 
Seat 4: K1rushka_l ($1.36 in chips) 
Seat 5: Sensey1286 ($2 in chips) 
Seat 6: TrovaloTu ($1.37 in chips) 
Sensey1286: posts small blind $0.01
TrovaloTu: posts big blind $0.02
*** HOLE CARDS ***
Dealt to Lorpugo [6h Jh]
DeusDragon: folds 
casabao: folds 
Lorpugo: raises $0.02 to $0.04
K1rushka_l: calls $0.04
Sensey1286: folds 
TrovaloTu: raises $0.14 to $0.18
Lorpugo: folds 
K1rushka_l: raises $1.18 to $1.36 and is all-in
TrovaloTu: calls $1.18
*** FLOP *** [7d 3s Th]
*** TURN *** [7d 3s Th] [Kc]
*** RIVER *** [7d 3s Th Kc] [2s]
*** SHOW DOWN ***
TrovaloTu: shows [8d 8h] (a pair of Eights)
K1rushka_l: shows [Jc Kh] (a pair of Kings)
K1rushka_l collected $2.67 from pot
*** SUMMARY ***
Total pot $2.77 | Rake $0.10 
Board [7d 3s Th Kc 2s]
Seat 1: DeusDragon folded before Flop (didn't bet)
Seat 2: casabao folded before Flop (didn't bet)
Seat 3: Lorpugo folded before Flop
Seat 4: K1rushka_l (button) showed [Jc Kh] and won ($2.67) with a pair of Kings
Seat 5: Sensey1286 (small blind) folded before Flop
Seat 6: TrovaloTu (big blind) showed [8d 8h] and lost with a pair of Eights



PokerStars Hand #239468650870:  Hold'em No Limit ($0.01/$0.02 USD) - 2022/10/26 15:01:13 ET
Table 'Aenna II' 6-max Seat #5 is the button
Seat 1: DeusDragon ($2 in chips) 
Seat 2: casabao ($2.28 in chips) 
Seat 3: Lorpugo ($3.81 in chips) 
Seat 4: K1rushka_l ($2.67 in chips) 
Seat 5: Sensey1286 ($2 in chips) 
DeusDragon: posts small blind $0.01
casabao: posts big blind $0.02
*** HOLE CARDS ***
Dealt to Lorpugo [2h 6h]
Lorpugo: folds 
K1rushka_l: raises $0.04 to $0.06
Sensey1286: folds 
DeusDragon: folds 
TrovaloTu leaves the table
casabao: folds 
Uncalled bet ($0.04) returned to K1rushka_l
K1rushka_l collected $0.05 from pot
K1rushka_l: doesn't show hand 
*** SUMMARY ***
Total pot $0.05 | Rake $0 
Seat 1: DeusDragon (small blind) folded before Flop
Seat 2: casabao (big blind) folded before Flop
Seat 3: Lorpugo folded before Flop (didn't bet)
Seat 4: K1rushka_l collected ($0.05)
Seat 5: Sensey1286 (button) folded before Flop (didn't bet)



PokerStars Hand #239468656647:  Hold'em No Limit ($0.01/$0.02 USD) - 2022/10/26 15:01:31 ET
Table 'Aenna II' 6-max Seat #1 is the button
Seat 1: DeusDragon ($2 in chips) 
Seat 2: casabao ($2.26 in chips) 
Seat 3: Lorpugo ($3.81 in chips) 
Seat 4: K1rushka_l ($2.70 in chips) 
Seat 5: Sensey1286 ($2 in chips) 
casabao: posts small blind $0.01
Lorpugo: posts big blind $0.02
*** HOLE CARDS ***
Dealt to Lorpugo [Jc Js]
K1rushka_l: folds 
macflouch joins the table at seat #6 
Sensey1286: folds 
DeusDragon: raises $0.03 to $0.05
casabao: folds 
Lorpugo: raises $0.11 to $0.16
DeusDragon: folds 
Uncalled bet ($0.11) returned to Lorpugo
Lorpugo collected $0.11 from pot
Lorpugo: doesn't show hand 
*** SUMMARY ***
Total pot $0.11 | Rake $0 
Seat 1: DeusDragon (button) folded before Flop
Seat 2: casabao (small blind) folded before Flop
Seat 3: Lorpugo (big blind) collected ($0.11)
Seat 4: K1rushka_l folded before Flop (didn't bet)
Seat 5: Sensey1286 folded before Flop (didn't bet)



PokerStars Hand #239468664995:  Hold'em No Limit ($0.01/$0.02 USD) - 2022/10/26 15:01:55 ET
Table 'Aenna II' 6-max Seat #2 is the button
Seat 1: DeusDragon ($2 in chips) 
Seat 2: casabao ($2.25 in chips) 
Seat 3: Lorpugo ($3.87 in chips) 
Seat 4: K1rushka_l ($2.70 in chips) 
Seat 5: Sensey1286 ($2 in chips) 
Lorpugo: posts small blind $0.01
K1rushka_l: posts big blind $0.02
macflouch: sits out 
*** HOLE CARDS ***
Dealt to Lorpugo [6s 3s]
Sensey1286: folds 
DeusDragon: folds 
casabao: raises $0.02 to $0.04
Lorpugo: folds 
K1rushka_l: folds 
Uncalled bet ($0.02) returned to casabao
casabao collected $0.05 from pot
*** SUMMARY ***
Total pot $0.05 | Rake $0 
Seat 1: DeusDragon folded before Flop (didn't bet)
Seat 2: casabao (button) collected ($0.05)
Seat 3: Lorpugo (small blind) folded before Flop
Seat 4: K1rushka_l (big blind) folded before Flop
Seat 5: Sensey1286 folded before Flop (didn't bet)



PokerStars Hand #239468669467:  Hold'em No Limit ($0.01/$0.02 USD) - 2022/10/26 15:02:08 ET
Table 'Aenna II' 6-max Seat #3 is the button
Seat 1: DeusDragon ($2 in chips) 
Seat 2: casabao ($2.28 in chips) 
Seat 3: Lorpugo ($3.86 in chips) 
Seat 4: K1rushka_l ($2.68 in chips) 
Seat 5: Sensey1286 ($2 in chips) 
K1rushka_l: posts small blind $0.01
Sensey1286: posts big blind $0.02
macflouch: sits out 
*** HOLE CARDS ***
Dealt to Lorpugo [2c 6h]
DeusDragon: folds 
casabao: folds 
Lorpugo: folds 
K1rushka_l: folds 
Uncalled bet ($0.01) returned to Sensey1286
Sensey1286 collected $0.02 from pot
Sensey1286: doesn't show hand 
*** SUMMARY ***
Total pot $0.02 | Rake $0 
Seat 1: DeusDragon folded before Flop (didn't bet)
Seat 2: casabao folded before Flop (didn't bet)
Seat 3: Lorpugo (button) folded before Flop (didn't bet)
Seat 4: K1rushka_l (small blind) folded before Flop
Seat 5: Sensey1286 (big blind) collected ($0.02)



PokerStars Hand #239468673696:  Hold'em No Limit ($0.01/$0.02 USD) - 2022/10/26 15:02:20 ET
Table 'Aenna II' 6-max Seat #4 is the button
Seat 1: DeusDragon ($2 in chips) 
Seat 2: casabao ($2.28 in chips) 
Seat 3: Lorpugo ($3.86 in chips) 
Seat 4: K1rushka_l ($2.67 in chips) 
Seat 5: Sensey1286 ($2.01 in chips) 
Seat 6: macflouch ($2 in chips) 
Sensey1286: posts small blind $0.01
macflouch: posts big blind $0.02
*** HOLE CARDS ***
Dealt to Lorpugo [3s 2h]
DeusDragon: folds 
casabao: folds 
Lorpugo: folds 
K1rushka_l: raises $0.04 to $0.06
Sensey1286: folds 
macflouch: folds 
Uncalled bet ($0.04) returned to K1rushka_l
K1rushka_l collected $0.05 from pot
K1rushka_l: doesn't show hand 
*** SUMMARY ***
Total pot $0.05 | Rake $0 
Seat 1: DeusDragon folded before Flop (didn't bet)
Seat 2: casabao folded before Flop (didn't bet)
Seat 3: Lorpugo folded before Flop (didn't bet)
Seat 4: K1rushka_l (button) collected ($0.05)
Seat 5: Sensey1286 (small blind) folded before Flop
Seat 6: macflouch (big blind) folded before Flop



PokerStars Hand #239468678483:  Hold'em No Limit ($0.01/$0.02 USD) - 2022/10/26 15:02:32 ET
Table 'Aenna II' 6-max Seat #5 is the button
Seat 1: DeusDragon ($2 in chips) 
Seat 2: casabao ($2.28 in chips) 
Seat 3: Lorpugo ($3.86 in chips) 
Seat 4: K1rushka_l ($2.70 in chips) 
Seat 5: Sensey1286 ($2 in chips) 
Seat 6: macflouch ($2 in chips) 
macflouch: posts small blind $0.01
DeusDragon: posts big blind $0.02
*** HOLE CARDS ***
Dealt to Lorpugo [6d Kh]
casabao: folds 
Lorpugo: folds 
K1rushka_l: folds 
Sensey1286: folds 
macflouch: raises $0.04 to $0.06
DeusDragon: folds 
Uncalled bet ($0.04) returned to macflouch
macflouch collected $0.04 from pot
macflouch: doesn't show hand 
*** SUMMARY ***
Total pot $0.04 | Rake $0 
Seat 1: DeusDragon (big blind) folded before Flop
Seat 2: casabao folded before Flop (didn't bet)
Seat 3: Lorpugo folded before Flop (didn't bet)
Seat 4: K1rushka_l folded before Flop (didn't bet)
Seat 5: Sensey1286 (button) folded before Flop (didn't bet)
Seat 6: macflouch (small blind) collected ($0.04)



PokerStars Hand #239468684199:  Hold'em No Limit ($0.01/$0.02 USD) - 2022/10/26 15:02:48 ET
Table 'Aenna II' 6-max Seat #6 is the button
Seat 1: DeusDragon ($2 in chips) 
Seat 2: casabao ($2.28 in chips) 
Seat 3: Lorpugo ($3.86 in chips) 
Seat 4: K1rushka_l ($2.70 in chips) 
Seat 5: Sensey1286 ($2 in chips) 
Seat 6: macflouch ($2.02 in chips) 
DeusDragon: posts small blind $0.01
casabao: posts big blind $0.02
*** HOLE CARDS ***
Dealt to Lorpugo [6s Jc]
Lorpugo: folds 
K1rushka_l: raises $0.04 to $0.06
Sensey1286: folds 
macflouch: folds 
DeusDragon: folds 
casabao: folds 
Uncalled bet ($0.04) returned to K1rushka_l
K1rushka_l collected $0.05 from pot
K1rushka_l: doesn't show hand 
*** SUMMARY ***
Total pot $0.05 | Rake $0 
Seat 1: DeusDragon (small blind) folded before Flop
Seat 2: casabao (big blind) folded before Flop
Seat 3: Lorpugo folded before Flop (didn't bet)
Seat 4: K1rushka_l collected ($0.05)
Seat 5: Sensey1286 folded before Flop (didn't bet)
Seat 6: macflouch (button) folded before Flop (didn't bet)



PokerStars Hand #239468689521:  Hold'em No Limit ($0.01/$0.02 USD) - 2022/10/26 15:03:02 ET
Table 'Aenna II' 6-max Seat #1 is the button
Seat 1: DeusDragon ($2 in chips) 
Seat 3: Lorpugo ($3.86 in chips) 
Seat 4: K1rushka_l ($2.73 in chips) 
Seat 5: Sensey1286 ($2 in chips) 
Seat 6: macflouch ($2.02 in chips) 
Lorpugo: posts small blind $0.01
K1rushka_l: posts big blind $0.02
*** HOLE CARDS ***
Dealt to Lorpugo [Jc 9h]
Sensey1286: folds 
macflouch: folds 
DeusDragon: raises $0.03 to $0.05
Lorpugo: calls $0.04
K1rushka_l: folds 
*** FLOP *** [2c 5s 6s]
Lorpugo: checks 
DeusDragon: checks 
*** TURN *** [2c 5s 6s] [3c]
Lorpugo: bets $0.08
DeusDragon: folds 
Uncalled bet ($0.08) returned to Lorpugo
Lorpugo collected $0.12 from pot
Lorpugo: doesn't show hand 
*** SUMMARY ***
Total pot $0.12 | Rake $0 
Board [2c 5s 6s 3c]
Seat 1: DeusDragon (button) folded on the Turn
Seat 3: Lorpugo (small blind) collected ($0.12)
Seat 4: K1rushka_l (big blind) folded before Flop
Seat 5: Sensey1286 folded before Flop (didn't bet)
Seat 6: macflouch folded before Flop (didn't bet)



PokerStars Hand #239468702654:  Hold'em No Limit ($0.01/$0.02 USD) - 2022/10/26 15:03:38 ET
Table 'Aenna II' 6-max Seat #3 is the button
Seat 1: DeusDragon ($2 in chips) 
Seat 3: Lorpugo ($3.93 in chips) 
Seat 4: K1rushka_l ($2.71 in chips) 
Seat 5: Sensey1286 ($2 in chips) 
Seat 6: macflouch ($2.02 in chips) 
K1rushka_l: posts small blind $0.01
Sensey1286: posts big blind $0.02
*** HOLE CARDS ***
Dealt to Lorpugo [7d As]
macflouch has timed out
macflouch: folds 
DeusDragon: folds 
Lorpugo: raises $0.04 to $0.06
K1rushka_l: folds 
Sensey1286: folds 
Uncalled bet ($0.04) returned to Lorpugo
Lorpugo collected $0.05 from pot
Lorpugo: doesn't show hand 
*** SUMMARY ***
Total pot $0.05 | Rake $0 
Seat 1: DeusDragon folded before Flop (didn't bet)
Seat 3: Lorpugo (button) collected ($0.05)
Seat 4: K1rushka_l (small blind) folded before Flop
Seat 5: Sensey1286 (big blind) folded before Flop
Seat 6: macflouch folded before Flop (didn't bet)



PokerStars Hand #239468710080:  Hold'em No Limit ($0.01/$0.02 USD) - 2022/10/26 15:03:58 ET
Table 'Aenna II' 6-max Seat #4 is the button
Seat 1: DeusDragon ($2 in chips) 
Seat 3: Lorpugo ($3.96 in chips) 
Seat 4: K1rushka_l ($2.70 in chips) 
Seat 5: Sensey1286 ($2 in chips) 
Sensey1286: posts small blind $0.01
DeusDragon: posts big blind $0.02
*** HOLE CARDS ***
Dealt to Lorpugo [3h 2c]
Lorpugo: folds 
K1rushka_l: raises $0.03 to $0.05
Sensey1286: calls $0.04
DeusDragon: folds 
*** FLOP *** [As 5h 3s]
Sensey1286: checks 
K1rushka_l: bets $0.05
Sensey1286: folds 
Uncalled bet ($0.05) returned to K1rushka_l
K1rushka_l collected $0.12 from pot
K1rushka_l: doesn't show hand 
*** SUMMARY ***
Total pot $0.12 | Rake $0 
Board [As 5h 3s]
Seat 1: DeusDragon (big blind) folded before Flop
Seat 3: Lorpugo folded before Flop (didn't bet)
Seat 4: K1rushka_l (button) collected ($0.12)
Seat 5: Sensey1286 (small blind) folded on the Flop



PokerStars Hand #239468727957:  Hold'em No Limit ($0.01/$0.02 USD) - 2022/10/26 15:04:46 ET
Table 'Aenna II' 6-max Seat #5 is the button
Seat 1: DeusDragon ($2 in chips) 
Seat 3: Lorpugo ($3.96 in chips) 
Seat 4: K1rushka_l ($2.77 in chips) 
Seat 5: Sensey1286 ($2 in chips) 
DeusDragon: posts small blind $0.01
Lorpugo: posts big blind $0.02
*** HOLE CARDS ***
Dealt to Lorpugo [4h 3s]
K1rushka_l: folds 
Sensey1286 has timed out
Sensey1286: folds 
DeusDragon: folds 
Uncalled bet ($0.01) returned to Lorpugo
Lorpugo collected $0.02 from pot
Lorpugo: doesn't show hand 
*** SUMMARY ***
Total pot $0.02 | Rake $0 
Seat 1: DeusDragon (small blind) folded before Flop
Seat 3: Lorpugo (big blind) collected ($0.02)
Seat 4: K1rushka_l folded before Flop (didn't bet)
Seat 5: Sensey1286 (button) folded before Flop (didn't bet)



PokerStars Hand #239468736778:  Hold'em No Limit ($0.01/$0.02 USD) - 2022/10/26 15:05:09 ET
Table 'Aenna II' 6-max Seat #1 is the button
Seat 1: DeusDragon ($2 in chips) 
Seat 3: Lorpugo ($3.97 in chips) 
Seat 4: K1rushka_l ($2.77 in chips) 
Lorpugo: posts small blind $0.01
K1rushka_l: posts big blind $0.02
macflouch: sits out 
*** HOLE CARDS ***
Dealt to Lorpugo [5c 7s]
DeusDragon: folds 
Lorpugo: raises $0.04 to $0.06
K1rushka_l: folds 
Uncalled bet ($0.04) returned to Lorpugo
Lorpugo collected $0.04 from pot
Lorpugo: doesn't show hand 
*** SUMMARY ***
Total pot $0.04 | Rake $0 
Seat 1: DeusDragon (button) folded before Flop (didn't bet)
Seat 3: Lorpugo (small blind) collected ($0.04)
Seat 4: K1rushka_l (big blind) folded before Flop



PokerStars Hand #239468740240:  Hold'em No Limit ($0.01/$0.02 USD) - 2022/10/26 15:05:18 ET
Table 'Aenna II' 6-max Seat #3 is the button
Seat 1: DeusDragon ($2 in chips) 
Seat 3: Lorpugo ($3.99 in chips) 
Seat 4: K1rushka_l ($2.75 in chips) 
Seat 6: macflouch ($2.02 in chips) 
K1rushka_l: posts small blind $0.01
macflouch: posts big blind $0.02
casabao: sits out 
*** HOLE CARDS ***
Dealt to Lorpugo [5h As]
DeusDragon: folds 
Lorpugo: raises $0.04 to $0.06
K1rushka_l: folds 
macflouch: folds 
Uncalled bet ($0.04) returned to Lorpugo
Lorpugo collected $0.05 from pot
Lorpugo: doesn't show hand 
*** SUMMARY ***
Total pot $0.05 | Rake $0 
Seat 1: DeusDragon folded before Flop (didn't bet)
Seat 3: Lorpugo (button) collected ($0.05)
Seat 4: K1rushka_l (small blind) folded before Flop
Seat 6: macflouch (big blind) folded before Flop



PokerStars Hand #239468745515:  Hold'em No Limit ($0.01/$0.02 USD) - 2022/10/26 15:05:32 ET
Table 'Aenna II' 6-max Seat #4 is the button
Seat 1: DeusDragon ($2 in chips) 
Seat 3: Lorpugo ($4.02 in chips) 
Seat 4: K1rushka_l ($2.74 in chips) 
Seat 6: macflouch ($2 in chips) 
macflouch: posts small blind $0.01
DeusDragon: posts big blind $0.02
casabao: sits out 
*** HOLE CARDS ***
Dealt to Lorpugo [2h 3h]
Lorpugo: folds 
K1rushka_l: raises $0.04 to $0.06
macflouch: folds 
DeusDragon: folds 
Uncalled bet ($0.04) returned to K1rushka_l
K1rushka_l collected $0.05 from pot
K1rushka_l: doesn't show hand 
*** SUMMARY ***
Total pot $0.05 | Rake $0 
Seat 1: DeusDragon (big blind) folded before Flop
Seat 3: Lorpugo folded before Flop (didn't bet)
Seat 4: K1rushka_l (button) collected ($0.05)
Seat 6: macflouch (small blind) folded before Flop



PokerStars Hand #239468749903:  Hold'em No Limit ($0.01/$0.02 USD) - 2022/10/26 15:05:43 ET
Table 'Aenna II' 6-max Seat #6 is the button
Seat 1: DeusDragon ($2 in chips) 
Seat 2: casabao ($2.26 in chips) 
Seat 3: Lorpugo ($4.02 in chips) 
Seat 4: K1rushka_l ($2.77 in chips) 
Seat 6: macflouch ($2 in chips) 
DeusDragon: posts small blind $0.01
casabao: posts big blind $0.02
Sensey1286: sits out 
*** HOLE CARDS ***
Dealt to Lorpugo [4c Ad]
Lorpugo: raises $0.04 to $0.06
K1rushka_l: calls $0.06
macflouch: folds 
DeusDragon: folds 
casabao: folds 
*** FLOP *** [5s 4h 3c]
Lorpugo: bets $0.18
K1rushka_l: folds 
Uncalled bet ($0.18) returned to Lorpugo
Lorpugo collected $0.14 from pot
Lorpugo: doesn't show hand 
*** SUMMARY ***
Total pot $0.15 | Rake $0.01 
Board [5s 4h 3c]
Seat 1: DeusDragon (small blind) folded before Flop
Seat 2: casabao (big blind) folded before Flop
Seat 3: Lorpugo collected ($0.14)
Seat 4: K1rushka_l folded on the Flop
Seat 6: macflouch (button) folded before Flop (didn't bet)



PokerStars Hand #239468760474:  Hold'em No Limit ($0.01/$0.02 USD) - 2022/10/26 15:06:11 ET
Table 'Aenna II' 6-max Seat #1 is the button
Seat 1: DeusDragon ($2 in chips) 
Seat 2: casabao ($2.24 in chips) 
Seat 3: Lorpugo ($4.10 in chips) 
Seat 4: K1rushka_l ($2.71 in chips) 
Seat 6: macflouch ($2 in chips) 
casabao: posts small blind $0.01
Lorpugo: posts big blind $0.02
Sensey1286: sits out 
*** HOLE CARDS ***
Dealt to Lorpugo [2d Kd]
K1rushka_l: folds 
macflouch: raises $0.04 to $0.06
DeusDragon: raises $0.12 to $0.18
casabao: folds 
Lorpugo: folds 
macflouch: folds 
Uncalled bet ($0.12) returned to DeusDragon
DeusDragon collected $0.15 from pot
DeusDragon: doesn't show hand 
*** SUMMARY ***
Total pot $0.15 | Rake $0 
Seat 1: DeusDragon (button) collected ($0.15)
Seat 2: casabao (small blind) folded before Flop
Seat 3: Lorpugo (big blind) folded before Flop
Seat 4: K1rushka_l folded before Flop (didn't bet)
Seat 6: macflouch folded before Flop



PokerStars Hand #239468769313:  Hold'em No Limit ($0.01/$0.02 USD) - 2022/10/26 15:06:34 ET
Table 'Aenna II' 6-max Seat #2 is the button
Seat 1: DeusDragon ($2.09 in chips) 
Seat 2: casabao ($2.23 in chips) 
Seat 3: Lorpugo ($4.08 in chips) 
Seat 4: K1rushka_l ($2.71 in chips) 
Seat 6: macflouch ($2 in chips) 
Lorpugo: posts small blind $0.01
K1rushka_l: posts big blind $0.02
Sensey1286: sits out 
*** HOLE CARDS ***
Dealt to Lorpugo [Kh 6c]
macflouch: folds 
DeusDragon: raises $0.04 to $0.06
casabao: folds 
Lorpugo: folds 
K1rushka_l: folds 
Uncalled bet ($0.04) returned to DeusDragon
DeusDragon collected $0.05 from pot
DeusDragon: doesn't show hand 
*** SUMMARY ***
Total pot $0.05 | Rake $0 
Seat 1: DeusDragon collected ($0.05)
Seat 2: casabao (button) folded before Flop (didn't bet)
Seat 3: Lorpugo (small blind) folded before Flop
Seat 4: K1rushka_l (big blind) folded before Flop
Seat 6: macflouch folded before Flop (didn't bet)



PokerStars Hand #239468772998:  Hold'em No Limit ($0.01/$0.02 USD) - 2022/10/26 15:06:43 ET
Table 'Aenna II' 6-max Seat #3 is the button
Seat 1: DeusDragon ($2.12 in chips) 
Seat 2: casabao ($2.23 in chips) 
Seat 3: Lorpugo ($4.07 in chips) 
Seat 4: K1rushka_l ($2.69 in chips) 
Seat 5: Sensey1286 ($2 in chips) 
Seat 6: macflouch ($2 in chips) 
K1rushka_l: posts small blind $0.01
Sensey1286: posts big blind $0.02
*** HOLE CARDS ***
Dealt to Lorpugo [Ah 4d]
macflouch: raises $0.04 to $0.06
DeusDragon: folds 
casabao: folds 
Lorpugo: folds 
K1rushka_l: folds 
Sensey1286: folds 
Uncalled bet ($0.04) returned to macflouch
macflouch collected $0.05 from pot
macflouch: doesn't show hand 
*** SUMMARY ***
Total pot $0.05 | Rake $0 
Seat 1: DeusDragon folded before Flop (didn't bet)
Seat 2: casabao folded before Flop (didn't bet)
Seat 3: Lorpugo (button) folded before Flop (didn't bet)
Seat 4: K1rushka_l (small blind) folded before Flop
Seat 5: Sensey1286 (big blind) folded before Flop
Seat 6: macflouch collected ($0.05)



PokerStars Hand #239468776943:  Hold'em No Limit ($0.01/$0.02 USD) - 2022/10/26 15:06:53 ET
Table 'Aenna II' 6-max Seat #4 is the button
Seat 1: DeusDragon ($2.12 in chips) 
Seat 2: casabao ($2.23 in chips) 
Seat 3: Lorpugo ($4.07 in chips) 
Seat 4: K1rushka_l ($2.68 in chips) 
Seat 5: Sensey1286 ($2 in chips) 
Seat 6: macflouch ($2.03 in chips) 
Sensey1286: posts small blind $0.01
macflouch: posts big blind $0.02
*** HOLE CARDS ***
Dealt to Lorpugo [Jc 9s]
DeusDragon: folds 
casabao: raises $0.02 to $0.04
Lorpugo: folds 
K1rushka_l: folds 
Sensey1286: folds 
macflouch: calls $0.02
*** FLOP *** [3c 9d Kc]
macflouch: checks 
casabao: checks 
*** TURN *** [3c 9d Kc] [7c]
macflouch: checks 
casabao: bets $0.06
macflouch: folds 
Uncalled bet ($0.06) returned to casabao
casabao collected $0.09 from pot
*** SUMMARY ***
Total pot $0.09 | Rake $0 
Board [3c 9d Kc 7c]
Seat 1: DeusDragon folded before Flop (didn't bet)
Seat 2: casabao collected ($0.09)
Seat 3: Lorpugo folded before Flop (didn't bet)
Seat 4: K1rushka_l (button) folded before Flop (didn't bet)
Seat 5: Sensey1286 (small blind) folded before Flop
Seat 6: macflouch (big blind) folded on the Turn



PokerStars Hand #239468789098:  Hold'em No Limit ($0.01/$0.02 USD) - 2022/10/26 15:07:25 ET
Table 'Aenna II' 6-max Seat #5 is the button
Seat 1: DeusDragon ($2.12 in chips) 
Seat 2: casabao ($2.28 in chips) 
Seat 3: Lorpugo ($4.07 in chips) 
Seat 4: K1rushka_l ($2.68 in chips) 
Seat 5: Sensey1286 ($2 in chips) 
Seat 6: macflouch ($2 in chips) 
macflouch: posts small blind $0.01
DeusDragon: posts big blind $0.02
*** HOLE CARDS ***
Dealt to Lorpugo [2c 6h]
casabao: folds 
Lorpugo: folds 
K1rushka_l: folds 
Sensey1286: folds 
macflouch: folds 
Uncalled bet ($0.01) returned to DeusDragon
DeusDragon collected $0.02 from pot
DeusDragon: doesn't show hand 
*** SUMMARY ***
Total pot $0.02 | Rake $0 
Seat 1: DeusDragon (big blind) collected ($0.02)
Seat 2: casabao folded before Flop (didn't bet)
Seat 3: Lorpugo folded before Flop (didn't bet)
Seat 4: K1rushka_l folded before Flop (didn't bet)
Seat 5: Sensey1286 (button) folded before Flop (didn't bet)
Seat 6: macflouch (small blind) folded before Flop



PokerStars Hand #239468792500:  Hold'em No Limit ($0.01/$0.02 USD) - 2022/10/26 15:07:33 ET
Table 'Aenna II' 6-max Seat #6 is the button
Seat 1: DeusDragon ($2.13 in chips) 
Seat 2: casabao ($2.28 in chips) 
Seat 3: Lorpugo ($4.07 in chips) 
Seat 4: K1rushka_l ($2.68 in chips) 
Seat 5: Sensey1286 ($2 in chips) 
Seat 6: macflouch ($2 in chips) 
DeusDragon: posts small blind $0.01
casabao: posts big blind $0.02
*** HOLE CARDS ***
Dealt to Lorpugo [9d 4h]
Lorpugo: folds 
K1rushka_l: folds 
Sensey1286: folds 
macflouch: folds 
DeusDragon: raises $0.04 to $0.06
casabao: calls $0.04
*** FLOP *** [Kc Ad 5d]
DeusDragon: bets $0.09
casabao: calls $0.09
*** TURN *** [Kc Ad 5d] [Jh]
DeusDragon: bets $0.19
casabao: folds 
Uncalled bet ($0.19) returned to DeusDragon
DeusDragon collected $0.29 from pot
DeusDragon: doesn't show hand 
*** SUMMARY ***
Total pot $0.30 | Rake $0.01 
Board [Kc Ad 5d Jh]
Seat 1: DeusDragon (small blind) collected ($0.29)
Seat 2: casabao (big blind) folded on the Turn
Seat 3: Lorpugo folded before Flop (didn't bet)
Seat 4: K1rushka_l folded before Flop (didn't bet)
Seat 5: Sensey1286 folded before Flop (didn't bet)
Seat 6: macflouch (button) folded before Flop (didn't bet)



PokerStars Hand #239468805616:  Hold'em No Limit ($0.01/$0.02 USD) - 2022/10/26 15:08:08 ET
Table 'Aenna II' 6-max Seat #1 is the button
Seat 1: DeusDragon ($2.27 in chips) 
Seat 2: casabao ($2.13 in chips) 
Seat 3: Lorpugo ($4.07 in chips) 
Seat 4: K1rushka_l ($2.68 in chips) 
Seat 5: Sensey1286 ($2 in chips) 
Seat 6: macflouch ($2 in chips) 
casabao: posts small blind $0.01
Lorpugo: posts big blind $0.02
*** HOLE CARDS ***
Dealt to Lorpugo [4d Jd]
K1rushka_l: folds 
Sensey1286: folds 
macflouch: folds 
DeusDragon: folds 
casabao: calls $0.01
Lorpugo: raises $0.10 to $0.12
casabao: folds 
Uncalled bet ($0.10) returned to Lorpugo
Lorpugo collected $0.04 from pot
Lorpugo: doesn't show hand 
*** SUMMARY ***
Total pot $0.04 | Rake $0 
Seat 1: DeusDragon (button) folded before Flop (didn't bet)
Seat 2: casabao (small blind) folded before Flop
Seat 3: Lorpugo (big blind) collected ($0.04)
Seat 4: K1rushka_l folded before Flop (didn't bet)
Seat 5: Sensey1286 folded before Flop (didn't bet)
Seat 6: macflouch folded before Flop (didn't bet)



PokerStars Hand #239468813455:  Hold'em No Limit ($0.01/$0.02 USD) - 2022/10/26 15:08:28 ET
Table 'Aenna II' 6-max Seat #2 is the button
Seat 1: DeusDragon ($2.27 in chips) 
Seat 2: casabao ($2.11 in chips) 
Seat 3: Lorpugo ($4.09 in chips) 
Seat 4: K1rushka_l ($2.68 in chips) 
Seat 5: Sensey1286 ($2 in chips) 
Seat 6: macflouch ($2 in chips) 
Lorpugo: posts small blind $0.01
K1rushka_l: posts big blind $0.02
*** HOLE CARDS ***
Dealt to Lorpugo [Qc 2d]
Sensey1286: raises $0.04 to $0.06
macflouch: folds 
DeusDragon: folds 
casabao: calls $0.06
Lorpugo: folds 
K1rushka_l: folds 
*** FLOP *** [4c 2h 8d]
Sensey1286: bets $0.11
casabao: folds 
Uncalled bet ($0.11) returned to Sensey1286
Sensey1286 collected $0.14 from pot
Sensey1286: doesn't show hand 
*** SUMMARY ***
Total pot $0.15 | Rake $0.01 
Board [4c 2h 8d]
Seat 1: DeusDragon folded before Flop (didn't bet)
Seat 2: casabao (button) folded on the Flop
Seat 3: Lorpugo (small blind) folded before Flop
Seat 4: K1rushka_l (big blind) folded before Flop
Seat 5: Sensey1286 collected ($0.14)
Seat 6: macflouch folded before Flop (didn't bet)



PokerStars Hand #239468829375:  Hold'em No Limit ($0.01/$0.02 USD) - 2022/10/26 15:09:09 ET
Table 'Aenna II' 6-max Seat #3 is the button
Seat 1: DeusDragon ($2.27 in chips) 
Seat 2: casabao ($2.05 in chips) 
Seat 3: Lorpugo ($4.08 in chips) 
Seat 4: K1rushka_l ($2.66 in chips) 
Seat 5: Sensey1286 ($2.08 in chips) 
Seat 6: macflouch ($2 in chips) 
K1rushka_l: posts small blind $0.01
Sensey1286: posts big blind $0.02
*** HOLE CARDS ***
Dealt to Lorpugo [Td Qh]
macflouch has timed out
macflouch: folds 
DeusDragon: folds 
casabao: raises $0.04 to $0.06
Lorpugo: calls $0.06
K1rushka_l: folds 
Sensey1286: folds 
*** FLOP *** [2h 8s 9s]
casabao: bets $0.08
Lorpugo is disconnected 
Lorpugo is connected 
Lorpugo: calls $0.08
*** TURN *** [2h 8s 9s] [7d]
casabao: bets $0.16
Lorpugo: calls $0.16
*** RIVER *** [2h 8s 9s 7d] [Ad]
casabao: checks 
Lorpugo: checks 
*** SHOW DOWN ***
casabao: shows [Qs Ah] (a pair of Aces)
Lorpugo: mucks hand 
casabao collected $0.61 from pot
*** SUMMARY ***
Total pot $0.63 | Rake $0.02 
Board [2h 8s 9s 7d Ad]
Seat 1: DeusDragon folded before Flop (didn't bet)
Seat 2: casabao showed [Qs Ah] and won ($0.61) with a pair of Aces
Seat 3: Lorpugo (button) mucked [Td Qh]
Seat 4: K1rushka_l (small blind) folded before Flop
Seat 5: Sensey1286 (big blind) folded before Flop
Seat 6: macflouch folded before Flop (didn't bet)



PokerStars Hand #239468864410:  Hold'em No Limit ($0.01/$0.02 USD) - 2022/10/26 15:10:40 ET
Table 'Aenna II' 6-max Seat #4 is the button
Seat 1: DeusDragon ($2.27 in chips) 
Seat 2: casabao ($2.36 in chips) 
Seat 3: Lorpugo ($3.78 in chips) 
Seat 4: K1rushka_l ($2.65 in chips) 
Seat 5: Sensey1286 ($2.06 in chips) 
Seat 6: macflouch ($2 in chips) 
Sensey1286: posts small blind $0.01
macflouch: posts big blind $0.02
*** HOLE CARDS ***
Dealt to Lorpugo [6s 7d]
DeusDragon: folds 
casabao: folds 
Lorpugo: folds 
K1rushka_l: raises $0.03 to $0.05
Sensey1286: folds 
macflouch: raises $0.15 to $0.20
K1rushka_l: folds 
Uncalled bet ($0.15) returned to macflouch
macflouch collected $0.11 from pot
macflouch: doesn't show hand 
*** SUMMARY ***
Total pot $0.11 | Rake $0 
Seat 1: DeusDragon folded before Flop (didn't bet)
Seat 2: casabao folded before Flop (didn't bet)
Seat 3: Lorpugo folded before Flop (didn't bet)
Seat 4: K1rushka_l (button) folded before Flop
Seat 5: Sensey1286 (small blind) folded before Flop
Seat 6: macflouch (big blind) collected ($0.11)



