PokerStars Hand #239402910959:  Hold'em No Limit ($0.01/$0.02 USD) - 2022/10/23 10:28:09 ET
Table 'Laugier II' 6-max Seat #4 is the button
Seat 1: yanana7 ($1.76 in chips) 
Seat 2: Cranzilla ($2 in chips) 
Seat 3: Mfrias354 ($2.03 in chips) 
Seat 4: .BlufferOsmar. ($2 in chips) 
Seat 5: pawelyhc86 ($3.04 in chips) 
Seat 6: Lorpugo ($1.60 in chips) 
pawelyhc86: posts small blind $0.01
Lorpugo: posts big blind $0.02
*** HOLE CARDS ***
Dealt to Lorpugo [Js 4c]
yanana7: folds 
Cranzilla: folds 
Mfrias354: folds 
.BlufferOsmar.: folds 
pawelyhc86: calls $0.01
Lorpugo: checks 
*** FLOP *** [9d 7s 5h]
pawelyhc86: checks 
Lorpugo: checks 
*** TURN *** [9d 7s 5h] [Ah]
pawelyhc86: checks 
Lorpugo: bets $0.02
pawelyhc86: folds 
Uncalled bet ($0.02) returned to Lorpugo
Lorpugo collected $0.04 from pot
Lorpugo: doesn't show hand 
*** SUMMARY ***
Total pot $0.04 | Rake $0 
Board [9d 7s 5h Ah]
Seat 1: yanana7 folded before Flop (didn't bet)
Seat 2: Cranzilla folded before Flop (didn't bet)
Seat 3: Mfrias354 folded before Flop (didn't bet)
Seat 4: .BlufferOsmar. (button) folded before Flop (didn't bet)
Seat 5: pawelyhc86 (small blind) folded on the Turn
Seat 6: Lorpugo (big blind) collected ($0.04)



PokerStars Hand #239402919489:  Hold'em No Limit ($0.01/$0.02 USD) - 2022/10/23 10:28:38 ET
Table 'Laugier II' 6-max Seat #5 is the button
Seat 1: yanana7 ($1.76 in chips) 
Seat 2: Cranzilla ($2 in chips) 
Seat 3: Mfrias354 ($2.03 in chips) 
Seat 4: .BlufferOsmar. ($2 in chips) 
Seat 5: pawelyhc86 ($3.02 in chips) 
Seat 6: Lorpugo ($1.62 in chips) 
Lorpugo: posts small blind $0.01
yanana7: posts big blind $0.02
*** HOLE CARDS ***
Dealt to Lorpugo [8c 5c]
Cranzilla: raises $0.04 to $0.06
Mfrias354: folds 
.BlufferOsmar.: raises $0.12 to $0.18
pawelyhc86: raises $0.22 to $0.40
Lorpugo: folds 
yanana7: folds 
Cranzilla: folds 
.BlufferOsmar.: folds 
Uncalled bet ($0.22) returned to pawelyhc86
pawelyhc86 collected $0.45 from pot
*** SUMMARY ***
Total pot $0.45 | Rake $0 
Seat 1: yanana7 (big blind) folded before Flop
Seat 2: Cranzilla folded before Flop
Seat 3: Mfrias354 folded before Flop (didn't bet)
Seat 4: .BlufferOsmar. folded before Flop
Seat 5: pawelyhc86 (button) collected ($0.45)
Seat 6: Lorpugo (small blind) folded before Flop



PokerStars Hand #239402930341:  Hold'em No Limit ($0.01/$0.02 USD) - 2022/10/23 10:29:17 ET
Table 'Laugier II' 6-max Seat #6 is the button
Seat 1: yanana7 ($1.74 in chips) 
Seat 2: Cranzilla ($2 in chips) 
Seat 3: Mfrias354 ($2.03 in chips) 
Seat 4: .BlufferOsmar. ($2 in chips) 
Seat 5: pawelyhc86 ($3.29 in chips) 
Seat 6: Lorpugo ($1.61 in chips) 
yanana7: posts small blind $0.01
Cranzilla: posts big blind $0.02
*** HOLE CARDS ***
Dealt to Lorpugo [6c Js]
Mfrias354: calls $0.02
.BlufferOsmar.: folds 
pawelyhc86: calls $0.02
Lorpugo: folds 
yanana7: folds 
Cranzilla: checks 
*** FLOP *** [4d Ts 9c]
Cranzilla: checks 
Mfrias354: checks 
pawelyhc86: checks 
*** TURN *** [4d Ts 9c] [Qd]
Cranzilla: bets $0.02
Mfrias354: calls $0.02
pawelyhc86: folds 
*** RIVER *** [4d Ts 9c Qd] [3s]
Cranzilla: checks 
Mfrias354: bets $0.11
Cranzilla: calls $0.11
*** SHOW DOWN ***
Mfrias354: shows [Kh 7s] (high card King)
Cranzilla: shows [8s Qc] (a pair of Queens)
Cranzilla collected $0.32 from pot
*** SUMMARY ***
Total pot $0.33 | Rake $0.01 
Board [4d Ts 9c Qd 3s]
Seat 1: yanana7 (small blind) folded before Flop
Seat 2: Cranzilla (big blind) showed [8s Qc] and won ($0.32) with a pair of Queens
Seat 3: Mfrias354 showed [Kh 7s] and lost with high card King
Seat 4: .BlufferOsmar. folded before Flop (didn't bet)
Seat 5: pawelyhc86 folded on the Turn
Seat 6: Lorpugo (button) folded before Flop (didn't bet)



PokerStars Hand #239402942374:  Hold'em No Limit ($0.01/$0.02 USD) - 2022/10/23 10:30:00 ET
Table 'Laugier II' 6-max Seat #1 is the button
Seat 1: yanana7 ($1.73 in chips) 
Seat 2: Cranzilla ($2.17 in chips) 
Seat 3: Mfrias354 ($1.88 in chips) 
Seat 4: .BlufferOsmar. ($2 in chips) 
Seat 5: pawelyhc86 ($3.27 in chips) 
Seat 6: Lorpugo ($1.61 in chips) 
Cranzilla: posts small blind $0.01
Mfrias354: posts big blind $0.02
*** HOLE CARDS ***
Dealt to Lorpugo [4h Kc]
.BlufferOsmar.: raises $0.03 to $0.05
pawelyhc86: calls $0.05
Lorpugo: folds 
yanana7: folds 
Cranzilla: folds 
Mfrias354: calls $0.03
*** FLOP *** [Qh Th 7d]
Mfrias354: checks 
.BlufferOsmar.: checks 
pawelyhc86: checks 
*** TURN *** [Qh Th 7d] [Kh]
Mfrias354: checks 
.BlufferOsmar.: checks 
pawelyhc86: checks 
*** RIVER *** [Qh Th 7d Kh] [Ts]
Mfrias354: checks 
.BlufferOsmar.: checks 
pawelyhc86: bets $0.15
Mfrias354: folds 
.BlufferOsmar.: folds 
Uncalled bet ($0.15) returned to pawelyhc86
pawelyhc86 collected $0.15 from pot
*** SUMMARY ***
Total pot $0.16 | Rake $0.01 
Board [Qh Th 7d Kh Ts]
Seat 1: yanana7 (button) folded before Flop (didn't bet)
Seat 2: Cranzilla (small blind) folded before Flop
Seat 3: Mfrias354 (big blind) folded on the River
Seat 4: .BlufferOsmar. folded on the River
Seat 5: pawelyhc86 collected ($0.15)
Seat 6: Lorpugo folded before Flop (didn't bet)



PokerStars Hand #239402953411:  Hold'em No Limit ($0.01/$0.02 USD) - 2022/10/23 10:30:38 ET
Table 'Laugier II' 6-max Seat #2 is the button
Seat 1: yanana7 ($1.73 in chips) 
Seat 2: Cranzilla ($2.16 in chips) 
Seat 3: Mfrias354 ($1.83 in chips) 
Seat 4: .BlufferOsmar. ($2 in chips) 
Seat 5: pawelyhc86 ($3.37 in chips) 
Seat 6: Lorpugo ($1.61 in chips) 
Mfrias354: posts small blind $0.01
.BlufferOsmar.: posts big blind $0.02
*** HOLE CARDS ***
Dealt to Lorpugo [Jd 4h]
pawelyhc86: raises $0.02 to $0.04
Lorpugo: folds 
yanana7: folds 
Cranzilla: folds 
Mfrias354: calls $0.03
.BlufferOsmar.: folds 
*** FLOP *** [5s 9s 6c]
Mfrias354: checks 
pawelyhc86: bets $0.05
Mfrias354: calls $0.05
*** TURN *** [5s 9s 6c] [As]
Mfrias354: checks 
pawelyhc86: bets $0.19
Mfrias354: calls $0.19
*** RIVER *** [5s 9s 6c As] [2h]
Mfrias354: checks 
pawelyhc86: bets $0.56
Mfrias354: folds 
Uncalled bet ($0.56) returned to pawelyhc86
pawelyhc86 collected $0.56 from pot
*** SUMMARY ***
Total pot $0.58 | Rake $0.02 
Board [5s 9s 6c As 2h]
Seat 1: yanana7 folded before Flop (didn't bet)
Seat 2: Cranzilla (button) folded before Flop (didn't bet)
Seat 3: Mfrias354 (small blind) folded on the River
Seat 4: .BlufferOsmar. (big blind) folded before Flop
Seat 5: pawelyhc86 collected ($0.56)
Seat 6: Lorpugo folded before Flop (didn't bet)



PokerStars Hand #239402966015:  Hold'em No Limit ($0.01/$0.02 USD) - 2022/10/23 10:31:22 ET
Table 'Laugier II' 6-max Seat #3 is the button
Seat 1: yanana7 ($1.73 in chips) 
Seat 2: Cranzilla ($2.16 in chips) 
Seat 3: Mfrias354 ($1.55 in chips) 
Seat 4: .BlufferOsmar. ($2 in chips) 
Seat 5: pawelyhc86 ($3.65 in chips) 
Seat 6: Lorpugo ($1.61 in chips) 
.BlufferOsmar.: posts small blind $0.01
pawelyhc86: posts big blind $0.02
*** HOLE CARDS ***
Dealt to Lorpugo [3h 8s]
Lorpugo: folds 
yanana7: folds 
Cranzilla: raises $0.04 to $0.06
Mfrias354: calls $0.06
.BlufferOsmar.: calls $0.05
pawelyhc86: raises $0.04 to $0.10
Cranzilla: calls $0.04
Mfrias354: calls $0.04
.BlufferOsmar.: calls $0.04
*** FLOP *** [4s Ks 2c]
.BlufferOsmar.: checks 
pawelyhc86: bets $0.20
Cranzilla: folds 
Mfrias354: calls $0.20
.BlufferOsmar.: folds 
*** TURN *** [4s Ks 2c] [4c]
pawelyhc86: bets $0.39
Mfrias354: raises $0.39 to $0.78
pawelyhc86: calls $0.39
*** RIVER *** [4s Ks 2c 4c] [7h]
pawelyhc86: checks 
Mfrias354: bets $0.47 and is all-in
pawelyhc86: calls $0.47
*** SHOW DOWN ***
Mfrias354: shows [Ts Qs] (a pair of Fours)
pawelyhc86: shows [5d 5s] (two pair, Fives and Fours)
pawelyhc86 collected $3.15 from pot
*** SUMMARY ***
Total pot $3.30 | Rake $0.15 
Board [4s Ks 2c 4c 7h]
Seat 1: yanana7 folded before Flop (didn't bet)
Seat 2: Cranzilla folded on the Flop
Seat 3: Mfrias354 (button) showed [Ts Qs] and lost with a pair of Fours
Seat 4: .BlufferOsmar. (small blind) folded on the Flop
Seat 5: pawelyhc86 (big blind) showed [5d 5s] and won ($3.15) with two pair, Fives and Fours
Seat 6: Lorpugo folded before Flop (didn't bet)



PokerStars Hand #239403017325:  Hold'em No Limit ($0.01/$0.02 USD) - 2022/10/23 10:34:19 ET
Table 'Laugier II' 6-max Seat #2 is the button
Seat 1: yanana7 ($1.68 in chips) 
Seat 2: Cranzilla ($2.60 in chips) 
Seat 4: .BlufferOsmar. ($3.87 in chips) 
Seat 5: pawelyhc86 ($2.76 in chips) 
Seat 6: Lorpugo ($1.61 in chips) 
.BlufferOsmar.: posts small blind $0.01
pawelyhc86: posts big blind $0.02
Lorpugo: posts small & big blinds $0.03
*** HOLE CARDS ***
Dealt to Lorpugo [Ks 8s]
Lorpugo: checks 
yanana7: calls $0.02
Cranzilla: folds 
.BlufferOsmar.: raises $0.06 to $0.08
pawelyhc86: calls $0.06
Lorpugo: folds 
yanana7: calls $0.06
*** FLOP *** [2h 9d 9h]
.BlufferOsmar.: bets $0.26
pawelyhc86: folds 
yanana7: folds 
Uncalled bet ($0.26) returned to .BlufferOsmar.
.BlufferOsmar. collected $0.26 from pot
.BlufferOsmar.: doesn't show hand 
*** SUMMARY ***
Total pot $0.27 | Rake $0.01 
Board [2h 9d 9h]
Seat 1: yanana7 folded on the Flop
Seat 2: Cranzilla (button) folded before Flop (didn't bet)
Seat 4: .BlufferOsmar. (small blind) collected ($0.26)
Seat 5: pawelyhc86 (big blind) folded on the Flop
Seat 6: Lorpugo folded before Flop (didn't bet)



