PokerStars Hand #239737182087:  Hold'em No Limit ($0.02/$0.05 USD) - 2022/11/08 15:35:34 ET
Table 'Eurymedon IV' 6-max Seat #3 is the button
Seat 1: Hass0342 ($1.97 in chips) 
Seat 2: Ginnungagap7 ($4.10 in chips) 
Seat 3: Scooty2Hotty ($5.15 in chips) 
Seat 4: GavdPB ($5.79 in chips) 
Seat 5: Lorpugo ($4 in chips) 
Seat 6: ContinentalOp ($7.62 in chips) 
GavdPB: posts small blind $0.02
Lorpugo: posts big blind $0.05
*** HOLE CARDS ***
Dealt to Lorpugo [Qs Js]
ContinentalOp: folds 
Hass0342 has timed out
Hass0342: folds 
Ginnungagap7: folds 
Scooty2Hotty: raises $0.10 to $0.15
GavdPB: folds 
Lorpugo: raises $0.32 to $0.47
Scooty2Hotty: folds 
Uncalled bet ($0.32) returned to Lorpugo
Lorpugo collected $0.32 from pot
Lorpugo: doesn't show hand 
*** SUMMARY ***
Total pot $0.32 | Rake $0 
Seat 1: Hass0342 folded before Flop (didn't bet)
Seat 2: Ginnungagap7 folded before Flop (didn't bet)
Seat 3: Scooty2Hotty (button) folded before Flop
Seat 4: GavdPB (small blind) folded before Flop
Seat 5: Lorpugo (big blind) collected ($0.32)
Seat 6: ContinentalOp folded before Flop (didn't bet)



PokerStars Hand #239737199360:  Hold'em No Limit ($0.02/$0.05 USD) - 2022/11/08 15:36:09 ET
Table 'Eurymedon IV' 6-max Seat #4 is the button
Seat 2: Ginnungagap7 ($4.10 in chips) 
Seat 3: Scooty2Hotty ($5 in chips) 
Seat 4: GavdPB ($5.77 in chips) 
Seat 5: Lorpugo ($4.17 in chips) 
Seat 6: ContinentalOp ($7.62 in chips) 
Lorpugo: posts small blind $0.02
ContinentalOp: posts big blind $0.05
*** HOLE CARDS ***
Dealt to Lorpugo [Ts 5s]
Ginnungagap7: folds 
Scooty2Hotty: folds 
GavdPB: raises $0.07 to $0.12
Lorpugo: folds 
ContinentalOp has timed out
ContinentalOp: folds 
Uncalled bet ($0.07) returned to GavdPB
GavdPB collected $0.12 from pot
GavdPB: doesn't show hand 
*** SUMMARY ***
Total pot $0.12 | Rake $0 
Seat 2: Ginnungagap7 folded before Flop (didn't bet)
Seat 3: Scooty2Hotty folded before Flop (didn't bet)
Seat 4: GavdPB (button) collected ($0.12)
Seat 5: Lorpugo (small blind) folded before Flop
Seat 6: ContinentalOp (big blind) folded before Flop



PokerStars Hand #239737216530:  Hold'em No Limit ($0.02/$0.05 USD) - 2022/11/08 15:36:43 ET
Table 'Eurymedon IV' 6-max Seat #5 is the button
Seat 2: Ginnungagap7 ($4.10 in chips) 
Seat 3: Scooty2Hotty ($5 in chips) 
Seat 4: GavdPB ($5.84 in chips) 
Seat 5: Lorpugo ($4.15 in chips) 
Ginnungagap7: posts small blind $0.02
Scooty2Hotty: posts big blind $0.05
*** HOLE CARDS ***
Dealt to Lorpugo [As Kc]
GavdPB: raises $0.07 to $0.12
Lorpugo: raises $0.31 to $0.43
Ginnungagap7: folds 
Scooty2Hotty: folds 
GavdPB: folds 
Uncalled bet ($0.31) returned to Lorpugo
Lorpugo collected $0.31 from pot
Lorpugo: doesn't show hand 
*** SUMMARY ***
Total pot $0.31 | Rake $0 
Seat 2: Ginnungagap7 (small blind) folded before Flop
Seat 3: Scooty2Hotty (big blind) folded before Flop
Seat 4: GavdPB folded before Flop
Seat 5: Lorpugo (button) collected ($0.31)



PokerStars Hand #239737225692:  Hold'em No Limit ($0.02/$0.05 USD) - 2022/11/08 15:37:02 ET
Table 'Eurymedon IV' 6-max Seat #2 is the button
Seat 1: Hass0342 ($1.97 in chips) 
Seat 2: Ginnungagap7 ($4.08 in chips) 
Seat 3: Scooty2Hotty ($5 in chips) 
Seat 4: GavdPB ($5.72 in chips) 
Seat 5: Lorpugo ($4.34 in chips) 
Scooty2Hotty: posts small blind $0.02
GavdPB: posts big blind $0.05
Hass0342: posts small blind $0.02
*** HOLE CARDS ***
Dealt to Lorpugo [8c 5h]
Lorpugo: folds 
Hass0342: folds 
Ginnungagap7: folds 
Scooty2Hotty: folds 
Uncalled bet ($0.03) returned to GavdPB
GavdPB collected $0.06 from pot
GavdPB: doesn't show hand 
*** SUMMARY ***
Total pot $0.06 | Rake $0 
Seat 1: Hass0342 folded before Flop (didn't bet)
Seat 2: Ginnungagap7 (button) folded before Flop (didn't bet)
Seat 3: Scooty2Hotty (small blind) folded before Flop
Seat 4: GavdPB (big blind) collected ($0.06)
Seat 5: Lorpugo folded before Flop (didn't bet)



PokerStars Hand #239737229021:  Hold'em No Limit ($0.02/$0.05 USD) - 2022/11/08 15:37:09 ET
Table 'Eurymedon IV' 6-max Seat #3 is the button
Seat 1: Hass0342 ($1.95 in chips) 
Seat 2: Ginnungagap7 ($4.08 in chips) 
Seat 3: Scooty2Hotty ($5 in chips) 
Seat 4: GavdPB ($5.76 in chips) 
Seat 5: Lorpugo ($4.34 in chips) 
GavdPB: posts small blind $0.02
Lorpugo: posts big blind $0.05
ContinentalOp: sits out 
*** HOLE CARDS ***
Dealt to Lorpugo [7c Ac]
Hass0342: folds 
Ginnungagap7: folds 
Scooty2Hotty: folds 
GavdPB: folds 
Uncalled bet ($0.03) returned to Lorpugo
Lorpugo collected $0.04 from pot
Lorpugo: doesn't show hand 
*** SUMMARY ***
Total pot $0.04 | Rake $0 
Seat 1: Hass0342 folded before Flop (didn't bet)
Seat 2: Ginnungagap7 folded before Flop (didn't bet)
Seat 3: Scooty2Hotty (button) folded before Flop (didn't bet)
Seat 4: GavdPB (small blind) folded before Flop
Seat 5: Lorpugo (big blind) collected ($0.04)



PokerStars Hand #239737234886:  Hold'em No Limit ($0.02/$0.05 USD) - 2022/11/08 15:37:20 ET
Table 'Eurymedon IV' 6-max Seat #4 is the button
Seat 1: Hass0342 ($1.95 in chips) 
Seat 2: Ginnungagap7 ($4.08 in chips) 
Seat 3: Scooty2Hotty ($5 in chips) 
Seat 4: GavdPB ($5.74 in chips) 
Seat 5: Lorpugo ($4.36 in chips) 
Seat 6: ContinentalOp ($7.57 in chips) 
Lorpugo: posts small blind $0.02
ContinentalOp: posts big blind $0.05
*** HOLE CARDS ***
Dealt to Lorpugo [Kh Js]
Hass0342: folds 
Ginnungagap7: folds 
Scooty2Hotty: folds 
GavdPB: folds 
Lorpugo: raises $0.10 to $0.15
ContinentalOp: folds 
Uncalled bet ($0.10) returned to Lorpugo
Lorpugo collected $0.10 from pot
Lorpugo: doesn't show hand 
*** SUMMARY ***
Total pot $0.10 | Rake $0 
Seat 1: Hass0342 folded before Flop (didn't bet)
Seat 2: Ginnungagap7 folded before Flop (didn't bet)
Seat 3: Scooty2Hotty folded before Flop (didn't bet)
Seat 4: GavdPB (button) folded before Flop (didn't bet)
Seat 5: Lorpugo (small blind) collected ($0.10)
Seat 6: ContinentalOp (big blind) folded before Flop



PokerStars Hand #239737246372:  Hold'em No Limit ($0.02/$0.05 USD) - 2022/11/08 15:37:43 ET
Table 'Eurymedon IV' 6-max Seat #5 is the button
Seat 1: Hass0342 ($1.95 in chips) 
Seat 2: Ginnungagap7 ($4.08 in chips) 
Seat 3: Scooty2Hotty ($5 in chips) 
Seat 4: GavdPB ($5.74 in chips) 
Seat 5: Lorpugo ($4.41 in chips) 
Seat 6: ContinentalOp ($7.52 in chips) 
ContinentalOp: posts small blind $0.02
Hass0342: posts big blind $0.05
*** HOLE CARDS ***
Dealt to Lorpugo [As Ts]
Ginnungagap7: folds 
Scooty2Hotty: raises $0.10 to $0.15
GavdPB: raises $0.30 to $0.45
Lorpugo: folds 
ContinentalOp: folds 
Hass0342: folds 
Scooty2Hotty: calls $0.30
*** FLOP *** [5d Jd Tc]
Scooty2Hotty: checks 
GavdPB: bets $0.31
Scooty2Hotty: raises $0.63 to $0.94
GavdPB: calls $0.63
*** TURN *** [5d Jd Tc] [7c]
Scooty2Hotty: bets $3.61 and is all-in
GavdPB: folds 
Uncalled bet ($3.61) returned to Scooty2Hotty
Scooty2Hotty collected $2.73 from pot
Scooty2Hotty: doesn't show hand 
*** SUMMARY ***
Total pot $2.85 | Rake $0.12 
Board [5d Jd Tc 7c]
Seat 1: Hass0342 (big blind) folded before Flop
Seat 2: Ginnungagap7 folded before Flop (didn't bet)
Seat 3: Scooty2Hotty collected ($2.73)
Seat 4: GavdPB folded on the Turn
Seat 5: Lorpugo (button) folded before Flop (didn't bet)
Seat 6: ContinentalOp (small blind) folded before Flop



PokerStars Hand #239737280511:  Hold'em No Limit ($0.02/$0.05 USD) - 2022/11/08 15:38:52 ET
Table 'Eurymedon IV' 6-max Seat #6 is the button
Seat 1: Hass0342 ($1.90 in chips) 
Seat 2: Ginnungagap7 ($4.08 in chips) 
Seat 3: Scooty2Hotty ($6.34 in chips) 
Seat 4: GavdPB ($5 in chips) 
Seat 5: Lorpugo ($4.41 in chips) 
Seat 6: ContinentalOp ($7.50 in chips) 
Hass0342: posts small blind $0.02
Ginnungagap7: posts big blind $0.05
*** HOLE CARDS ***
Dealt to Lorpugo [6c 2c]
Scooty2Hotty: folds 
GavdPB: folds 
Lorpugo: folds 
ContinentalOp has timed out
ContinentalOp: folds 
Hass0342: folds 
Uncalled bet ($0.03) returned to Ginnungagap7
Ginnungagap7 collected $0.04 from pot
Ginnungagap7: doesn't show hand 
*** SUMMARY ***
Total pot $0.04 | Rake $0 
Seat 1: Hass0342 (small blind) folded before Flop
Seat 2: Ginnungagap7 (big blind) collected ($0.04)
Seat 3: Scooty2Hotty folded before Flop (didn't bet)
Seat 4: GavdPB folded before Flop (didn't bet)
Seat 5: Lorpugo folded before Flop (didn't bet)
Seat 6: ContinentalOp (button) folded before Flop (didn't bet)



PokerStars Hand #239737292885:  Hold'em No Limit ($0.02/$0.05 USD) - 2022/11/08 15:39:17 ET
Table 'Eurymedon IV' 6-max Seat #1 is the button
Seat 1: Hass0342 ($1.88 in chips) 
Seat 2: Ginnungagap7 ($4.10 in chips) 
Seat 3: Scooty2Hotty ($6.34 in chips) 
Seat 4: GavdPB ($5 in chips) 
Seat 5: Lorpugo ($4.41 in chips) 
Ginnungagap7: posts small blind $0.02
Scooty2Hotty: posts big blind $0.05
*** HOLE CARDS ***
Dealt to Lorpugo [2s 4c]
GavdPB: raises $0.07 to $0.12
Lorpugo: folds 
Hass0342: folds 
Ginnungagap7: folds 
Scooty2Hotty: folds 
Uncalled bet ($0.07) returned to GavdPB
GavdPB collected $0.12 from pot
GavdPB: doesn't show hand 
*** SUMMARY ***
Total pot $0.12 | Rake $0 
Seat 1: Hass0342 (button) folded before Flop (didn't bet)
Seat 2: Ginnungagap7 (small blind) folded before Flop
Seat 3: Scooty2Hotty (big blind) folded before Flop
Seat 4: GavdPB collected ($0.12)
Seat 5: Lorpugo folded before Flop (didn't bet)



PokerStars Hand #239737303040:  Hold'em No Limit ($0.02/$0.05 USD) - 2022/11/08 15:39:38 ET
Table 'Eurymedon IV' 6-max Seat #2 is the button
Seat 1: Hass0342 ($1.88 in chips) 
Seat 2: Ginnungagap7 ($4.08 in chips) 
Seat 3: Scooty2Hotty ($6.29 in chips) 
Seat 4: GavdPB ($5.07 in chips) 
Seat 5: Lorpugo ($4.41 in chips) 
Seat 6: ContinentalOp ($7.50 in chips) 
Scooty2Hotty: posts small blind $0.02
GavdPB: posts big blind $0.05
*** HOLE CARDS ***
Dealt to Lorpugo [3s Ac]
Lorpugo: folds 
ContinentalOp: folds 
Hass0342: calls $0.05
Ginnungagap7: folds 
Scooty2Hotty: folds 
GavdPB: raises $0.19 to $0.24
Hass0342: folds 
Uncalled bet ($0.19) returned to GavdPB
GavdPB collected $0.12 from pot
GavdPB: doesn't show hand 
*** SUMMARY ***
Total pot $0.12 | Rake $0 
Seat 1: Hass0342 folded before Flop
Seat 2: Ginnungagap7 (button) folded before Flop (didn't bet)
Seat 3: Scooty2Hotty (small blind) folded before Flop
Seat 4: GavdPB (big blind) collected ($0.12)
Seat 5: Lorpugo folded before Flop (didn't bet)
Seat 6: ContinentalOp folded before Flop (didn't bet)



PokerStars Hand #239737316999:  Hold'em No Limit ($0.02/$0.05 USD) - 2022/11/08 15:40:06 ET
Table 'Eurymedon IV' 6-max Seat #3 is the button
Seat 1: Hass0342 ($1.83 in chips) 
Seat 2: Ginnungagap7 ($4.08 in chips) 
Seat 3: Scooty2Hotty ($6.27 in chips) 
Seat 4: GavdPB ($5.14 in chips) 
Seat 5: Lorpugo ($4.41 in chips) 
Seat 6: ContinentalOp ($7.50 in chips) 
GavdPB: posts small blind $0.02
Lorpugo: posts big blind $0.05
*** HOLE CARDS ***
Dealt to Lorpugo [5s 2s]
ContinentalOp: folds 
Hass0342: folds 
Ginnungagap7: folds 
Scooty2Hotty: folds 
GavdPB: raises $0.10 to $0.15
Lorpugo: folds 
Uncalled bet ($0.10) returned to GavdPB
GavdPB collected $0.10 from pot
GavdPB: doesn't show hand 
*** SUMMARY ***
Total pot $0.10 | Rake $0 
Seat 1: Hass0342 folded before Flop (didn't bet)
Seat 2: Ginnungagap7 folded before Flop (didn't bet)
Seat 3: Scooty2Hotty (button) folded before Flop (didn't bet)
Seat 4: GavdPB (small blind) collected ($0.10)
Seat 5: Lorpugo (big blind) folded before Flop
Seat 6: ContinentalOp folded before Flop (didn't bet)



PokerStars Hand #239737325212:  Hold'em No Limit ($0.02/$0.05 USD) - 2022/11/08 15:40:22 ET
Table 'Eurymedon IV' 6-max Seat #4 is the button
Seat 1: Hass0342 ($1.83 in chips) 
Seat 2: Ginnungagap7 ($4.08 in chips) 
Seat 3: Scooty2Hotty ($6.27 in chips) 
Seat 4: GavdPB ($5.19 in chips) 
Seat 5: Lorpugo ($4.36 in chips) 
Seat 6: ContinentalOp ($7.50 in chips) 
Lorpugo: posts small blind $0.02
ContinentalOp: posts big blind $0.05
*** HOLE CARDS ***
Dealt to Lorpugo [4s 3h]
Hass0342: folds 
Ginnungagap7: folds 
Scooty2Hotty: folds 
GavdPB: raises $0.07 to $0.12
Lorpugo: folds 
ContinentalOp: calls $0.07
*** FLOP *** [7d 5s 8c]
ContinentalOp: checks 
GavdPB: checks 
*** TURN *** [7d 5s 8c] [Ad]
ContinentalOp: checks 
GavdPB: checks 
*** RIVER *** [7d 5s 8c Ad] [8s]
ContinentalOp: checks 
GavdPB: bets $0.19
ContinentalOp: folds 
Uncalled bet ($0.19) returned to GavdPB
GavdPB collected $0.25 from pot
GavdPB: doesn't show hand 
*** SUMMARY ***
Total pot $0.26 | Rake $0.01 
Board [7d 5s 8c Ad 8s]
Seat 1: Hass0342 folded before Flop (didn't bet)
Seat 2: Ginnungagap7 folded before Flop (didn't bet)
Seat 3: Scooty2Hotty folded before Flop (didn't bet)
Seat 4: GavdPB (button) collected ($0.25)
Seat 5: Lorpugo (small blind) folded before Flop
Seat 6: ContinentalOp (big blind) folded on the River



PokerStars Hand #239737376144:  Hold'em No Limit ($0.02/$0.05 USD) - 2022/11/08 15:42:05 ET
Table 'Eurymedon IV' 6-max Seat #5 is the button
Seat 1: Hass0342 ($1.83 in chips) 
Seat 2: Ginnungagap7 ($4.08 in chips) 
Seat 3: Scooty2Hotty ($6.27 in chips) 
Seat 4: GavdPB ($5.32 in chips) 
Seat 5: Lorpugo ($4.34 in chips) 
Seat 6: ContinentalOp ($7.38 in chips) 
ContinentalOp: posts small blind $0.02
Hass0342: posts big blind $0.05
*** HOLE CARDS ***
Dealt to Lorpugo [6d 7c]
Ginnungagap7: folds 
Scooty2Hotty: folds 
GavdPB: raises $0.07 to $0.12
Lorpugo: folds 
ContinentalOp has timed out
ContinentalOp: folds 
Hass0342: folds 
Uncalled bet ($0.07) returned to GavdPB
GavdPB collected $0.12 from pot
GavdPB: doesn't show hand 
*** SUMMARY ***
Total pot $0.12 | Rake $0 
Seat 1: Hass0342 (big blind) folded before Flop
Seat 2: Ginnungagap7 folded before Flop (didn't bet)
Seat 3: Scooty2Hotty folded before Flop (didn't bet)
Seat 4: GavdPB collected ($0.12)
Seat 5: Lorpugo (button) folded before Flop (didn't bet)
Seat 6: ContinentalOp (small blind) folded before Flop



PokerStars Hand #239737395642:  Hold'em No Limit ($0.02/$0.05 USD) - 2022/11/08 15:42:44 ET
Table 'Eurymedon IV' 6-max Seat #6 is the button
Seat 1: Hass0342 ($1.78 in chips) 
Seat 2: Ginnungagap7 ($4.08 in chips) 
Seat 3: Scooty2Hotty ($6.27 in chips) 
Seat 4: GavdPB ($5.39 in chips) 
Seat 5: Lorpugo ($4.34 in chips) 
Seat 6: ContinentalOp ($7.36 in chips) 
Hass0342: posts small blind $0.02
Ginnungagap7: posts big blind $0.05
*** HOLE CARDS ***
Dealt to Lorpugo [5h 5s]
Scooty2Hotty: folds 
GavdPB: folds 
Lorpugo: raises $0.10 to $0.15
ContinentalOp: raises $0.10 to $0.25
Hass0342: folds 
Ginnungagap7: folds 
Lorpugo: calls $0.10
*** FLOP *** [4c 6h 9s]
Lorpugo: checks 
ContinentalOp: bets $0.28
Lorpugo: calls $0.28
*** TURN *** [4c 6h 9s] [8s]
Lorpugo: checks 
ContinentalOp: bets $1.08
Lorpugo: folds 
Uncalled bet ($1.08) returned to ContinentalOp
ContinentalOp collected $1.08 from pot
*** SUMMARY ***
Total pot $1.13 | Rake $0.05 
Board [4c 6h 9s 8s]
Seat 1: Hass0342 (small blind) folded before Flop
Seat 2: Ginnungagap7 (big blind) folded before Flop
Seat 3: Scooty2Hotty folded before Flop (didn't bet)
Seat 4: GavdPB folded before Flop (didn't bet)
Seat 5: Lorpugo folded on the Turn
Seat 6: ContinentalOp (button) collected ($1.08)



PokerStars Hand #239737417228:  Hold'em No Limit ($0.02/$0.05 USD) - 2022/11/08 15:43:28 ET
Table 'Eurymedon IV' 6-max Seat #1 is the button
Seat 1: Hass0342 ($1.76 in chips) 
Seat 2: Ginnungagap7 ($4.03 in chips) 
Seat 3: Scooty2Hotty ($6.27 in chips) 
Seat 4: GavdPB ($5.39 in chips) 
Seat 5: Lorpugo ($3.81 in chips) 
Seat 6: ContinentalOp ($7.91 in chips) 
Ginnungagap7: posts small blind $0.02
Scooty2Hotty: posts big blind $0.05
*** HOLE CARDS ***
Dealt to Lorpugo [6d 9d]
GavdPB: folds 
Lorpugo: folds 
ContinentalOp has timed out
ContinentalOp: folds 
Hass0342: calls $0.05
Ginnungagap7: folds 
Scooty2Hotty: raises $0.15 to $0.20
Hass0342: raises $1.56 to $1.76 and is all-in
Scooty2Hotty: calls $1.56
*** FLOP *** [4c Ks 4s]
*** TURN *** [4c Ks 4s] [7h]
*** RIVER *** [4c Ks 4s 7h] [8c]
*** SHOW DOWN ***
Scooty2Hotty: shows [9h 9c] (two pair, Nines and Fours)
Hass0342: shows [7s 7d] (a full house, Sevens full of Fours)
Hass0342 collected $3.39 from pot
*** SUMMARY ***
Total pot $3.54 | Rake $0.15 
Board [4c Ks 4s 7h 8c]
Seat 1: Hass0342 (button) showed [7s 7d] and won ($3.39) with a full house, Sevens full of Fours
Seat 2: Ginnungagap7 (small blind) folded before Flop
Seat 3: Scooty2Hotty (big blind) showed [9h 9c] and lost with two pair, Nines and Fours
Seat 4: GavdPB folded before Flop (didn't bet)
Seat 5: Lorpugo folded before Flop (didn't bet)
Seat 6: ContinentalOp folded before Flop (didn't bet)



PokerStars Hand #239737444002:  Hold'em No Limit ($0.02/$0.05 USD) - 2022/11/08 15:44:21 ET
Table 'Eurymedon IV' 6-max Seat #2 is the button
Seat 1: Hass0342 ($3.39 in chips) 
Seat 2: Ginnungagap7 ($4.01 in chips) 
Seat 3: Scooty2Hotty ($5 in chips) 
Seat 4: GavdPB ($5.39 in chips) 
Seat 5: Lorpugo ($3.81 in chips) 
Scooty2Hotty: posts small blind $0.02
GavdPB: posts big blind $0.05
*** HOLE CARDS ***
Dealt to Lorpugo [Ah Tc]
Lorpugo: raises $0.10 to $0.15
Hass0342: folds 
Ginnungagap7: folds 
Scooty2Hotty: folds 
GavdPB: calls $0.10
*** FLOP *** [Kh 8c Th]
GavdPB: checks 
Lorpugo: bets $0.10
GavdPB: calls $0.10
*** TURN *** [Kh 8c Th] [Qc]
GavdPB: checks 
Lorpugo: checks 
*** RIVER *** [Kh 8c Th Qc] [9h]
GavdPB: checks 
Lorpugo: checks 
*** SHOW DOWN ***
GavdPB: shows [Ac Js] (a straight, Ten to Ace)
Lorpugo: mucks hand 
GavdPB collected $0.50 from pot
*** SUMMARY ***
Total pot $0.52 | Rake $0.02 
Board [Kh 8c Th Qc 9h]
Seat 1: Hass0342 folded before Flop (didn't bet)
Seat 2: Ginnungagap7 (button) folded before Flop (didn't bet)
Seat 3: Scooty2Hotty (small blind) folded before Flop
Seat 4: GavdPB (big blind) showed [Ac Js] and won ($0.50) with a straight, Ten to Ace
Seat 5: Lorpugo mucked [Ah Tc]



PokerStars Hand #239737462982:  Hold'em No Limit ($0.02/$0.05 USD) - 2022/11/08 15:45:00 ET
Table 'Eurymedon IV' 6-max Seat #3 is the button
Seat 1: Hass0342 ($3.39 in chips) 
Seat 2: Ginnungagap7 ($4.01 in chips) 
Seat 3: Scooty2Hotty ($5 in chips) 
Seat 4: GavdPB ($5.64 in chips) 
Seat 5: Lorpugo ($3.56 in chips) 
Seat 6: ContinentalOp ($7.91 in chips) 
GavdPB: posts small blind $0.02
Lorpugo: posts big blind $0.05
*** HOLE CARDS ***
Dealt to Lorpugo [6d Qh]
ContinentalOp has timed out
ContinentalOp: folds 
Hass0342: calls $0.05
Ginnungagap7: raises $0.17 to $0.22
Scooty2Hotty: folds 
GavdPB: folds 
Lorpugo: folds 
Hass0342: calls $0.17
*** FLOP *** [6h Ks Qs]
Hass0342: checks 
Ginnungagap7: bets $0.37
Hass0342: folds 
Uncalled bet ($0.37) returned to Ginnungagap7
Ginnungagap7 collected $0.49 from pot
Ginnungagap7: doesn't show hand 
*** SUMMARY ***
Total pot $0.51 | Rake $0.02 
Board [6h Ks Qs]
Seat 1: Hass0342 folded on the Flop
Seat 2: Ginnungagap7 collected ($0.49)
Seat 3: Scooty2Hotty (button) folded before Flop (didn't bet)
Seat 4: GavdPB (small blind) folded before Flop
Seat 5: Lorpugo (big blind) folded before Flop
Seat 6: ContinentalOp folded before Flop (didn't bet)



PokerStars Hand #239737485364:  Hold'em No Limit ($0.02/$0.05 USD) - 2022/11/08 15:45:45 ET
Table 'Eurymedon IV' 6-max Seat #4 is the button
Seat 1: Hass0342 ($3.17 in chips) 
Seat 2: Ginnungagap7 ($4.28 in chips) 
Seat 3: Scooty2Hotty ($5 in chips) 
Seat 4: GavdPB ($5.62 in chips) 
Seat 5: Lorpugo ($3.51 in chips) 
Lorpugo: posts small blind $0.02
Hass0342: posts big blind $0.05
*** HOLE CARDS ***
Dealt to Lorpugo [Jh 4c]
Ginnungagap7: folds 
Scooty2Hotty: folds 
GavdPB: folds 
Lorpugo: folds 
Uncalled bet ($0.03) returned to Hass0342
Hass0342 collected $0.04 from pot
*** SUMMARY ***
Total pot $0.04 | Rake $0 
Seat 1: Hass0342 (big blind) collected ($0.04)
Seat 2: Ginnungagap7 folded before Flop (didn't bet)
Seat 3: Scooty2Hotty folded before Flop (didn't bet)
Seat 4: GavdPB (button) folded before Flop (didn't bet)
Seat 5: Lorpugo (small blind) folded before Flop



PokerStars Hand #239737493513:  Hold'em No Limit ($0.02/$0.05 USD) - 2022/11/08 15:46:01 ET
Table 'Eurymedon IV' 6-max Seat #5 is the button
Seat 1: Hass0342 ($3.19 in chips) 
Seat 2: Ginnungagap7 ($4.28 in chips) 
Seat 3: Scooty2Hotty ($5 in chips) 
Seat 4: GavdPB ($5.62 in chips) 
Seat 5: Lorpugo ($3.49 in chips) 
Hass0342: posts small blind $0.02
Ginnungagap7: posts big blind $0.05
*** HOLE CARDS ***
Dealt to Lorpugo [7d 2c]
Scooty2Hotty: folds 
GavdPB: raises $0.07 to $0.12
Lorpugo: folds 
Hass0342: raises $3.07 to $3.19 and is all-in
Ginnungagap7: folds 
GavdPB: folds 
Uncalled bet ($3.07) returned to Hass0342
Hass0342 collected $0.29 from pot
*** SUMMARY ***
Total pot $0.29 | Rake $0 
Seat 1: Hass0342 (small blind) collected ($0.29)
Seat 2: Ginnungagap7 (big blind) folded before Flop
Seat 3: Scooty2Hotty folded before Flop (didn't bet)
Seat 4: GavdPB folded before Flop
Seat 5: Lorpugo (button) folded before Flop (didn't bet)



PokerStars Hand #239737501369:  Hold'em No Limit ($0.02/$0.05 USD) - 2022/11/08 15:46:17 ET
Table 'Eurymedon IV' 6-max Seat #1 is the button
Seat 1: Hass0342 ($3.36 in chips) 
Seat 2: Ginnungagap7 ($4.23 in chips) 
Seat 3: Scooty2Hotty ($5 in chips) 
Seat 4: GavdPB ($5.50 in chips) 
Seat 5: Lorpugo ($3.49 in chips) 
Ginnungagap7: posts small blind $0.02
Scooty2Hotty: posts big blind $0.05
ContinentalOp: sits out 
*** HOLE CARDS ***
Dealt to Lorpugo [4d 9c]
GavdPB: raises $0.07 to $0.12
Lorpugo: folds 
Hass0342: folds 
Ginnungagap7: folds 
Scooty2Hotty: folds 
Uncalled bet ($0.07) returned to GavdPB
GavdPB collected $0.12 from pot
GavdPB: doesn't show hand 
*** SUMMARY ***
Total pot $0.12 | Rake $0 
Seat 1: Hass0342 (button) folded before Flop (didn't bet)
Seat 2: Ginnungagap7 (small blind) folded before Flop
Seat 3: Scooty2Hotty (big blind) folded before Flop
Seat 4: GavdPB collected ($0.12)
Seat 5: Lorpugo folded before Flop (didn't bet)



PokerStars Hand #239737514087:  Hold'em No Limit ($0.02/$0.05 USD) - 2022/11/08 15:46:43 ET
Table 'Eurymedon IV' 6-max Seat #2 is the button
Seat 1: Hass0342 ($3.36 in chips) 
Seat 2: Ginnungagap7 ($4.21 in chips) 
Seat 3: Scooty2Hotty ($5 in chips) 
Seat 5: Lorpugo ($3.49 in chips) 
Scooty2Hotty: posts small blind $0.02
GavdPB: is sitting out 
Lorpugo: posts big blind $0.05
ContinentalOp: sits out 
*** HOLE CARDS ***
Dealt to Lorpugo [8s 7d]
Hass0342: calls $0.05
Ginnungagap7: raises $0.17 to $0.22
Scooty2Hotty: calls $0.20
Lorpugo: folds 
GavdPB leaves the table
Hass0342: folds 
*** FLOP *** [2s 8c Kh]
Scooty2Hotty: checks 
Ginnungagap7: bets $0.35
Rafael B. II joins the table at seat #4 
Scooty2Hotty: folds 
Uncalled bet ($0.35) returned to Ginnungagap7
Ginnungagap7 collected $0.52 from pot
Ginnungagap7: doesn't show hand 
*** SUMMARY ***
Total pot $0.54 | Rake $0.02 
Board [2s 8c Kh]
Seat 1: Hass0342 folded before Flop
Seat 2: Ginnungagap7 (button) collected ($0.52)
Seat 3: Scooty2Hotty (small blind) folded on the Flop
Seat 5: Lorpugo (big blind) folded before Flop



PokerStars Hand #239737533897:  Hold'em No Limit ($0.02/$0.05 USD) - 2022/11/08 15:47:23 ET
Table 'Eurymedon IV' 6-max Seat #3 is the button
Seat 1: Hass0342 ($3.31 in chips) 
Seat 2: Ginnungagap7 ($4.51 in chips) 
Seat 3: Scooty2Hotty ($5 in chips) 
Seat 5: Lorpugo ($3.44 in chips) 
Seat 6: ContinentalOp ($7.91 in chips) 
Lorpugo: posts small blind $0.02
ContinentalOp: posts big blind $0.05
*** HOLE CARDS ***
Dealt to Lorpugo [9h Th]
Hass0342: folds 
Ginnungagap7: raises $0.10 to $0.15
Scooty2Hotty: folds 
Lorpugo: calls $0.13
ContinentalOp has timed out
ContinentalOp: folds 
*** FLOP *** [Ks 2s 4h]
Lorpugo: checks 
Ginnungagap7: checks 
*** TURN *** [Ks 2s 4h] [9s]
Lorpugo: bets $0.11
Ginnungagap7: folds 
Uncalled bet ($0.11) returned to Lorpugo
Lorpugo collected $0.34 from pot
Lorpugo: doesn't show hand 
*** SUMMARY ***
Total pot $0.35 | Rake $0.01 
Board [Ks 2s 4h 9s]
Seat 1: Hass0342 folded before Flop (didn't bet)
Seat 2: Ginnungagap7 folded on the Turn
Seat 3: Scooty2Hotty (button) folded before Flop (didn't bet)
Seat 5: Lorpugo (small blind) collected ($0.34)
Seat 6: ContinentalOp (big blind) folded before Flop



PokerStars Hand #239737560409:  Hold'em No Limit ($0.02/$0.05 USD) - 2022/11/08 15:48:17 ET
Table 'Eurymedon IV' 6-max Seat #5 is the button
Seat 1: Hass0342 ($3.31 in chips) 
Seat 2: Ginnungagap7 ($4.36 in chips) 
Seat 3: Scooty2Hotty ($5 in chips) 
Seat 5: Lorpugo ($3.63 in chips) 
Hass0342: posts small blind $0.02
Ginnungagap7: posts big blind $0.05
Rafael B. II: sits out 
*** HOLE CARDS ***
Dealt to Lorpugo [9d 2c]
Scooty2Hotty: raises $0.10 to $0.15
Lorpugo: folds 
Hass0342: folds 
Ginnungagap7: folds 
Uncalled bet ($0.10) returned to Scooty2Hotty
Scooty2Hotty collected $0.12 from pot
Scooty2Hotty: doesn't show hand 
*** SUMMARY ***
Total pot $0.12 | Rake $0 
Seat 1: Hass0342 (small blind) folded before Flop
Seat 2: Ginnungagap7 (big blind) folded before Flop
Seat 3: Scooty2Hotty collected ($0.12)
Seat 5: Lorpugo (button) folded before Flop (didn't bet)



PokerStars Hand #239737564581:  Hold'em No Limit ($0.02/$0.05 USD) - 2022/11/08 15:48:25 ET
Table 'Eurymedon IV' 6-max Seat #1 is the button
Seat 1: Hass0342 ($3.29 in chips) 
Seat 2: Ginnungagap7 ($4.31 in chips) 
Seat 3: Scooty2Hotty ($5.07 in chips) 
Seat 5: Lorpugo ($3.63 in chips) 
Ginnungagap7: posts small blind $0.02
Scooty2Hotty: posts big blind $0.05
Rafael B. II: sits out 
*** HOLE CARDS ***
Dealt to Lorpugo [Ts 8h]
Lorpugo: folds 
Hass0342: folds 
Ginnungagap7: raises $0.10 to $0.15
Scooty2Hotty: folds 
Uncalled bet ($0.10) returned to Ginnungagap7
Ginnungagap7 collected $0.10 from pot
Ginnungagap7: doesn't show hand 
*** SUMMARY ***
Total pot $0.10 | Rake $0 
Seat 1: Hass0342 (button) folded before Flop (didn't bet)
Seat 2: Ginnungagap7 (small blind) collected ($0.10)
Seat 3: Scooty2Hotty (big blind) folded before Flop
Seat 5: Lorpugo folded before Flop (didn't bet)



PokerStars Hand #239737571803:  Hold'em No Limit ($0.02/$0.05 USD) - 2022/11/08 15:48:40 ET
Table 'Eurymedon IV' 6-max Seat #2 is the button
Seat 1: Hass0342 ($3.29 in chips) 
Seat 2: Ginnungagap7 ($4.36 in chips) 
Seat 3: Scooty2Hotty ($5.02 in chips) 
Seat 4: Rafael B. II ($5 in chips) 
Seat 5: Lorpugo ($3.63 in chips) 
Scooty2Hotty: posts small blind $0.02
Rafael B. II: posts big blind $0.05
ContinentalOp: sits out 
*** HOLE CARDS ***
Dealt to Lorpugo [Tc 6h]
Lorpugo: folds 
Hass0342: folds 
Ginnungagap7: folds 
Scooty2Hotty: folds 
Uncalled bet ($0.03) returned to Rafael B. II
Rafael B. II collected $0.04 from pot
*** SUMMARY ***
Total pot $0.04 | Rake $0 
Seat 1: Hass0342 folded before Flop (didn't bet)
Seat 2: Ginnungagap7 (button) folded before Flop (didn't bet)
Seat 3: Scooty2Hotty (small blind) folded before Flop
Seat 4: Rafael B. II (big blind) collected ($0.04)
Seat 5: Lorpugo folded before Flop (didn't bet)



PokerStars Hand #239737577237:  Hold'em No Limit ($0.02/$0.05 USD) - 2022/11/08 15:48:51 ET
Table 'Eurymedon IV' 6-max Seat #3 is the button
Seat 1: Hass0342 ($3.29 in chips) 
Seat 2: Ginnungagap7 ($4.36 in chips) 
Seat 3: Scooty2Hotty ($5 in chips) 
Seat 4: Rafael B. II ($5.02 in chips) 
Seat 5: Lorpugo ($3.63 in chips) 
Rafael B. II: posts small blind $0.02
Lorpugo: posts big blind $0.05
ContinentalOp: sits out 
*** HOLE CARDS ***
Dealt to Lorpugo [Qd 9h]
Hass0342: folds 
Ginnungagap7: folds 
Scooty2Hotty: raises $0.07 to $0.12
Rafael B. II: calls $0.10
Lorpugo: calls $0.07
*** FLOP *** [Ac 2d 9c]
Rafael B. II: checks 
Lorpugo: checks 
Scooty2Hotty: bets $0.18
Rafael B. II: folds 
Lorpugo: calls $0.18
*** TURN *** [Ac 2d 9c] [Td]
Lorpugo: checks 
Scooty2Hotty: bets $0.35
Lorpugo: folds 
Uncalled bet ($0.35) returned to Scooty2Hotty
Scooty2Hotty collected $0.69 from pot
Scooty2Hotty: doesn't show hand 
*** SUMMARY ***
Total pot $0.72 | Rake $0.03 
Board [Ac 2d 9c Td]
Seat 1: Hass0342 folded before Flop (didn't bet)
Seat 2: Ginnungagap7 folded before Flop (didn't bet)
Seat 3: Scooty2Hotty (button) collected ($0.69)
Seat 4: Rafael B. II (small blind) folded on the Flop
Seat 5: Lorpugo (big blind) folded on the Turn



PokerStars Hand #239737598411:  Hold'em No Limit ($0.02/$0.05 USD) - 2022/11/08 15:49:35 ET
Table 'Eurymedon IV' 6-max Seat #4 is the button
Seat 1: Hass0342 ($3.29 in chips) 
Seat 2: Ginnungagap7 ($4.36 in chips) 
Seat 3: Scooty2Hotty ($5.39 in chips) 
Seat 4: Rafael B. II ($5 in chips) 
Seat 5: Lorpugo ($3.33 in chips) 
Seat 6: ContinentalOp ($7.86 in chips) 
Lorpugo: posts small blind $0.02
ContinentalOp: posts big blind $0.05
*** HOLE CARDS ***
Dealt to Lorpugo [6s Jd]
Hass0342: calls $0.05
Ginnungagap7: folds 
Scooty2Hotty: folds 
Rafael B. II: folds 
Lorpugo: folds 
ContinentalOp: checks 
*** FLOP *** [Kc Tc 4s]
ContinentalOp has timed out
ContinentalOp: checks 
Hass0342: checks 
*** TURN *** [Kc Tc 4s] [Th]
ContinentalOp: checks 
Hass0342: checks 
*** RIVER *** [Kc Tc 4s Th] [Qh]
ContinentalOp has timed out
ContinentalOp: checks 
Hass0342: bets $0.12
ContinentalOp has timed out
ContinentalOp: folds 
Uncalled bet ($0.12) returned to Hass0342
Hass0342 collected $0.12 from pot
*** SUMMARY ***
Total pot $0.12 | Rake $0 
Board [Kc Tc 4s Th Qh]
Seat 1: Hass0342 collected ($0.12)
Seat 2: Ginnungagap7 folded before Flop (didn't bet)
Seat 3: Scooty2Hotty folded before Flop (didn't bet)
Seat 4: Rafael B. II (button) folded before Flop (didn't bet)
Seat 5: Lorpugo (small blind) folded before Flop
Seat 6: ContinentalOp (big blind) folded on the River



PokerStars Hand #239737643606:  Hold'em No Limit ($0.02/$0.05 USD) - 2022/11/08 15:51:07 ET
Table 'Eurymedon IV' 6-max Seat #5 is the button
Seat 1: Hass0342 ($3.36 in chips) 
Seat 2: Ginnungagap7 ($4.36 in chips) 
Seat 3: Scooty2Hotty ($5.39 in chips) 
Seat 4: Rafael B. II ($5 in chips) 
Seat 5: Lorpugo ($3.31 in chips) 
Hass0342: posts small blind $0.02
Ginnungagap7: posts big blind $0.05
*** HOLE CARDS ***
Dealt to Lorpugo [Td Qh]
Scooty2Hotty: folds 
Rafael B. II: folds 
Lorpugo: raises $0.10 to $0.15
Hass0342: folds 
Ginnungagap7: folds 
Uncalled bet ($0.10) returned to Lorpugo
Lorpugo collected $0.12 from pot
Lorpugo: doesn't show hand 
*** SUMMARY ***
Total pot $0.12 | Rake $0 
Seat 1: Hass0342 (small blind) folded before Flop
Seat 2: Ginnungagap7 (big blind) folded before Flop
Seat 3: Scooty2Hotty folded before Flop (didn't bet)
Seat 4: Rafael B. II folded before Flop (didn't bet)
Seat 5: Lorpugo (button) collected ($0.12)



PokerStars Hand #239737649764:  Hold'em No Limit ($0.02/$0.05 USD) - 2022/11/08 15:51:20 ET
Table 'Eurymedon IV' 6-max Seat #1 is the button
Seat 1: Hass0342 ($3.34 in chips) 
Seat 2: Ginnungagap7 ($4.31 in chips) 
Seat 3: Scooty2Hotty ($5.39 in chips) 
Seat 4: Rafael B. II ($5 in chips) 
Seat 5: Lorpugo ($3.38 in chips) 
Ginnungagap7: posts small blind $0.02
Scooty2Hotty: posts big blind $0.05
*** HOLE CARDS ***
Dealt to Lorpugo [Ad 5d]
Rafael B. II: folds 
Lorpugo: raises $0.10 to $0.15
Hass0342: folds 
Ginnungagap7: raises $0.35 to $0.50
Scooty2Hotty: folds 
Lorpugo: folds 
Uncalled bet ($0.35) returned to Ginnungagap7
Ginnungagap7 collected $0.35 from pot
Ginnungagap7: doesn't show hand 
*** SUMMARY ***
Total pot $0.35 | Rake $0 
Seat 1: Hass0342 (button) folded before Flop (didn't bet)
Seat 2: Ginnungagap7 (small blind) collected ($0.35)
Seat 3: Scooty2Hotty (big blind) folded before Flop
Seat 4: Rafael B. II folded before Flop (didn't bet)
Seat 5: Lorpugo folded before Flop



PokerStars Hand #239737664498:  Hold'em No Limit ($0.02/$0.05 USD) - 2022/11/08 15:51:50 ET
Table 'Eurymedon IV' 6-max Seat #2 is the button
Seat 1: Hass0342 ($3.34 in chips) 
Seat 2: Ginnungagap7 ($4.51 in chips) 
Seat 3: Scooty2Hotty ($5.34 in chips) 
Seat 4: Rafael B. II ($5 in chips) 
Seat 5: Lorpugo ($3.23 in chips) 
Scooty2Hotty: posts small blind $0.02
Rafael B. II: posts big blind $0.05
*** HOLE CARDS ***
Dealt to Lorpugo [As Kd]
Lorpugo: raises $0.10 to $0.15
Hass0342: folds 
Ginnungagap7: folds 
Scooty2Hotty: calls $0.13
Rafael B. II: folds 
*** FLOP *** [Kh 4d 3c]
Scooty2Hotty: checks 
Lorpugo: bets $0.17
Scooty2Hotty: folds 
Uncalled bet ($0.17) returned to Lorpugo
Lorpugo collected $0.34 from pot
Lorpugo: doesn't show hand 
*** SUMMARY ***
Total pot $0.35 | Rake $0.01 
Board [Kh 4d 3c]
Seat 1: Hass0342 folded before Flop (didn't bet)
Seat 2: Ginnungagap7 (button) folded before Flop (didn't bet)
Seat 3: Scooty2Hotty (small blind) folded on the Flop
Seat 4: Rafael B. II (big blind) folded before Flop
Seat 5: Lorpugo collected ($0.34)



PokerStars Hand #239737677332:  Hold'em No Limit ($0.02/$0.05 USD) - 2022/11/08 15:52:16 ET
Table 'Eurymedon IV' 6-max Seat #3 is the button
Seat 1: Hass0342 ($3.34 in chips) 
Seat 2: Ginnungagap7 ($4.51 in chips) 
Seat 3: Scooty2Hotty ($5.19 in chips) 
Seat 4: Rafael B. II ($5 in chips) 
Seat 5: Lorpugo ($3.42 in chips) 
Rafael B. II: posts small blind $0.02
Lorpugo: posts big blind $0.05
*** HOLE CARDS ***
Dealt to Lorpugo [Jh 3h]
Hass0342: calls $0.05
Ginnungagap7: folds 
Scooty2Hotty: folds 
Rafael B. II: folds 
Lorpugo: checks 
*** FLOP *** [9c 7h 4h]
Lorpugo: bets $0.06
Hass0342: folds 
Uncalled bet ($0.06) returned to Lorpugo
Lorpugo collected $0.12 from pot
Lorpugo: doesn't show hand 
*** SUMMARY ***
Total pot $0.12 | Rake $0 
Board [9c 7h 4h]
Seat 1: Hass0342 folded on the Flop
Seat 2: Ginnungagap7 folded before Flop (didn't bet)
Seat 3: Scooty2Hotty (button) folded before Flop (didn't bet)
Seat 4: Rafael B. II (small blind) folded before Flop
Seat 5: Lorpugo (big blind) collected ($0.12)



PokerStars Hand #239737694173:  Hold'em No Limit ($0.02/$0.05 USD) - 2022/11/08 15:52:51 ET
Table 'Eurymedon IV' 6-max Seat #4 is the button
Seat 1: Hass0342 ($3.29 in chips) 
Seat 2: Ginnungagap7 ($4.51 in chips) 
Seat 3: Scooty2Hotty ($5.19 in chips) 
Seat 4: Rafael B. II ($5 in chips) 
Seat 5: Lorpugo ($3.49 in chips) 
Lorpugo: posts small blind $0.02
Hass0342: posts big blind $0.05
*** HOLE CARDS ***
Dealt to Lorpugo [Jd 5d]
Ginnungagap7: raises $0.10 to $0.15
Scooty2Hotty: folds 
Rafael B. II: folds 
Lorpugo: folds 
Hass0342: folds 
Uncalled bet ($0.10) returned to Ginnungagap7
Ginnungagap7 collected $0.12 from pot
Ginnungagap7: doesn't show hand 
*** SUMMARY ***
Total pot $0.12 | Rake $0 
Seat 1: Hass0342 (big blind) folded before Flop
Seat 2: Ginnungagap7 collected ($0.12)
Seat 3: Scooty2Hotty folded before Flop (didn't bet)
Seat 4: Rafael B. II (button) folded before Flop (didn't bet)
Seat 5: Lorpugo (small blind) folded before Flop



PokerStars Hand #239737700774:  Hold'em No Limit ($0.02/$0.05 USD) - 2022/11/08 15:53:05 ET
Table 'Eurymedon IV' 6-max Seat #5 is the button
Seat 1: Hass0342 ($3.24 in chips) 
Seat 2: Ginnungagap7 ($4.58 in chips) 
Seat 3: Scooty2Hotty ($5.19 in chips) 
Seat 4: Rafael B. II ($5 in chips) 
Seat 5: Lorpugo ($3.47 in chips) 
Hass0342: posts small blind $0.02
Ginnungagap7: posts big blind $0.05
*** HOLE CARDS ***
Dealt to Lorpugo [8d Ad]
Scooty2Hotty: folds 
Rafael B. II: folds 
Lorpugo: raises $0.10 to $0.15
Hass0342: calls $0.13
Ginnungagap7: folds 
*** FLOP *** [5c Tc Jh]
Hass0342: bets $0.22
Lorpugo: folds 
Uncalled bet ($0.22) returned to Hass0342
Hass0342 collected $0.34 from pot
*** SUMMARY ***
Total pot $0.35 | Rake $0.01 
Board [5c Tc Jh]
Seat 1: Hass0342 (small blind) collected ($0.34)
Seat 2: Ginnungagap7 (big blind) folded before Flop
Seat 3: Scooty2Hotty folded before Flop (didn't bet)
Seat 4: Rafael B. II folded before Flop (didn't bet)
Seat 5: Lorpugo (button) folded on the Flop



PokerStars Hand #239737720509:  Hold'em No Limit ($0.02/$0.05 USD) - 2022/11/08 15:53:46 ET
Table 'Eurymedon IV' 6-max Seat #1 is the button
Seat 1: Hass0342 ($3.43 in chips) 
Seat 2: Ginnungagap7 ($4.53 in chips) 
Seat 3: Scooty2Hotty ($5.19 in chips) 
Seat 4: Rafael B. II ($5 in chips) 
Seat 5: Lorpugo ($3.32 in chips) 
Ginnungagap7: posts small blind $0.02
Scooty2Hotty: posts big blind $0.05
*** HOLE CARDS ***
Dealt to Lorpugo [5h Jd]
Rafael B. II: folds 
Lorpugo: folds 
Hass0342: folds 
Ginnungagap7: folds 
Uncalled bet ($0.03) returned to Scooty2Hotty
Scooty2Hotty collected $0.04 from pot
Scooty2Hotty: doesn't show hand 
*** SUMMARY ***
Total pot $0.04 | Rake $0 
Seat 1: Hass0342 (button) folded before Flop (didn't bet)
Seat 2: Ginnungagap7 (small blind) folded before Flop
Seat 3: Scooty2Hotty (big blind) collected ($0.04)
Seat 4: Rafael B. II folded before Flop (didn't bet)
Seat 5: Lorpugo folded before Flop (didn't bet)



PokerStars Hand #239737726796:  Hold'em No Limit ($0.02/$0.05 USD) - 2022/11/08 15:53:59 ET
Table 'Eurymedon IV' 6-max Seat #2 is the button
Seat 1: Hass0342 ($3.43 in chips) 
Seat 2: Ginnungagap7 ($4.51 in chips) 
Seat 3: Scooty2Hotty ($5.21 in chips) 
Seat 4: Rafael B. II ($5 in chips) 
Seat 5: Lorpugo ($3.32 in chips) 
Scooty2Hotty: posts small blind $0.02
Rafael B. II: posts big blind $0.05
*** HOLE CARDS ***
Dealt to Lorpugo [3c 6d]
Lorpugo: folds 
Hass0342: folds 
Ginnungagap7: raises $0.10 to $0.15
Scooty2Hotty: calls $0.13
Rafael B. II: folds 
*** FLOP *** [Ts Kc 2c]
Scooty2Hotty: checks 
Ginnungagap7: bets $0.26
Scooty2Hotty: folds 
Uncalled bet ($0.26) returned to Ginnungagap7
Ginnungagap7 collected $0.34 from pot
Ginnungagap7: doesn't show hand 
*** SUMMARY ***
Total pot $0.35 | Rake $0.01 
Board [Ts Kc 2c]
Seat 1: Hass0342 folded before Flop (didn't bet)
Seat 2: Ginnungagap7 (button) collected ($0.34)
Seat 3: Scooty2Hotty (small blind) folded on the Flop
Seat 4: Rafael B. II (big blind) folded before Flop
Seat 5: Lorpugo folded before Flop (didn't bet)



PokerStars Hand #239737740243:  Hold'em No Limit ($0.02/$0.05 USD) - 2022/11/08 15:54:26 ET
Table 'Eurymedon IV' 6-max Seat #3 is the button
Seat 1: Hass0342 ($3.43 in chips) 
Seat 2: Ginnungagap7 ($4.70 in chips) 
Seat 3: Scooty2Hotty ($5.06 in chips) 
Seat 4: Rafael B. II ($5 in chips) 
Seat 5: Lorpugo ($3.32 in chips) 
Rafael B. II: posts small blind $0.02
Lorpugo: posts big blind $0.05
*** HOLE CARDS ***
Dealt to Lorpugo [Ts Td]
Hass0342: folds 
Ginnungagap7: folds 
Scooty2Hotty: raises $0.07 to $0.12
Rafael B. II: calls $0.10
Lorpugo: raises $0.36 to $0.48
Scooty2Hotty: folds 
Rafael B. II: folds 
Uncalled bet ($0.36) returned to Lorpugo
Lorpugo collected $0.36 from pot
Lorpugo: doesn't show hand 
*** SUMMARY ***
Total pot $0.36 | Rake $0 
Seat 1: Hass0342 folded before Flop (didn't bet)
Seat 2: Ginnungagap7 folded before Flop (didn't bet)
Seat 3: Scooty2Hotty (button) folded before Flop
Seat 4: Rafael B. II (small blind) folded before Flop
Seat 5: Lorpugo (big blind) collected ($0.36)



PokerStars Hand #239737750893:  Hold'em No Limit ($0.02/$0.05 USD) - 2022/11/08 15:54:48 ET
Table 'Eurymedon IV' 6-max Seat #4 is the button
Seat 1: Hass0342 ($3.43 in chips) 
Seat 2: Ginnungagap7 ($4.70 in chips) 
Seat 3: Scooty2Hotty ($5 in chips) 
Seat 4: Rafael B. II ($5 in chips) 
Seat 5: Lorpugo ($3.56 in chips) 
Lorpugo: posts small blind $0.02
Hass0342: posts big blind $0.05
*** HOLE CARDS ***
Dealt to Lorpugo [3s 5d]
Ginnungagap7: raises $0.10 to $0.15
Scooty2Hotty: folds 
Rafael B. II: folds 
Lorpugo: folds 
Hass0342: folds 
Uncalled bet ($0.10) returned to Ginnungagap7
Ginnungagap7 collected $0.12 from pot
Ginnungagap7: doesn't show hand 
*** SUMMARY ***
Total pot $0.12 | Rake $0 
Seat 1: Hass0342 (big blind) folded before Flop
Seat 2: Ginnungagap7 collected ($0.12)
Seat 3: Scooty2Hotty folded before Flop (didn't bet)
Seat 4: Rafael B. II (button) folded before Flop (didn't bet)
Seat 5: Lorpugo (small blind) folded before Flop



PokerStars Hand #239737760467:  Hold'em No Limit ($0.02/$0.05 USD) - 2022/11/08 15:55:10 ET
Table 'Eurymedon IV' 6-max Seat #5 is the button
Seat 1: Hass0342 ($3.38 in chips) 
Seat 2: Ginnungagap7 ($4.77 in chips) 
Seat 3: Scooty2Hotty ($5 in chips) 
Seat 4: Rafael B. II ($5 in chips) 
Seat 5: Lorpugo ($3.54 in chips) 
Hass0342: posts small blind $0.02
Ginnungagap7: posts big blind $0.05
*** HOLE CARDS ***
Dealt to Lorpugo [3d 2d]
Scooty2Hotty: folds 
Rafael B. II: raises $0.08 to $0.13
Lorpugo: folds 
Hass0342: folds 
Ginnungagap7: folds 
Uncalled bet ($0.08) returned to Rafael B. II
Rafael B. II collected $0.12 from pot
*** SUMMARY ***
Total pot $0.12 | Rake $0 
Seat 1: Hass0342 (small blind) folded before Flop
Seat 2: Ginnungagap7 (big blind) folded before Flop
Seat 3: Scooty2Hotty folded before Flop (didn't bet)
Seat 4: Rafael B. II collected ($0.12)
Seat 5: Lorpugo (button) folded before Flop (didn't bet)



PokerStars Hand #239737765005:  Hold'em No Limit ($0.02/$0.05 USD) - 2022/11/08 15:55:26 ET
Table 'Eurymedon IV' 6-max Seat #1 is the button
Seat 1: Hass0342 ($3.36 in chips) 
Seat 2: Ginnungagap7 ($4.72 in chips) 
Seat 3: Scooty2Hotty ($5 in chips) 
Seat 4: Rafael B. II ($5.07 in chips) 
Seat 5: Lorpugo ($3.54 in chips) 
Ginnungagap7: posts small blind $0.02
Scooty2Hotty: posts big blind $0.05
*** HOLE CARDS ***
Dealt to Lorpugo [9h Ac]
Rafael B. II: folds 
Lorpugo: raises $0.10 to $0.15
Hass0342: folds 
Ginnungagap7: calls $0.13
Scooty2Hotty: calls $0.10
*** FLOP *** [5h 4s Td]
Ginnungagap7: checks 
Scooty2Hotty: bets $0.32
Lorpugo: folds 
Ginnungagap7: folds 
Uncalled bet ($0.32) returned to Scooty2Hotty
Scooty2Hotty collected $0.43 from pot
Scooty2Hotty: doesn't show hand 
*** SUMMARY ***
Total pot $0.45 | Rake $0.02 
Board [5h 4s Td]
Seat 1: Hass0342 (button) folded before Flop (didn't bet)
Seat 2: Ginnungagap7 (small blind) folded on the Flop
Seat 3: Scooty2Hotty (big blind) collected ($0.43)
Seat 4: Rafael B. II folded before Flop (didn't bet)
Seat 5: Lorpugo folded on the Flop



PokerStars Hand #239737772617:  Hold'em No Limit ($0.02/$0.05 USD) - 2022/11/08 15:55:53 ET
Table 'Eurymedon IV' 6-max Seat #2 is the button
Seat 1: Hass0342 ($3.36 in chips) 
Seat 2: Ginnungagap7 ($4.57 in chips) 
Seat 3: Scooty2Hotty ($5.28 in chips) 
Seat 4: Rafael B. II ($5.07 in chips) 
Seat 5: Lorpugo ($3.39 in chips) 
Scooty2Hotty: posts small blind $0.02
Rafael B. II: posts big blind $0.05
*** HOLE CARDS ***
Dealt to Lorpugo [Kd 3s]
Lorpugo: folds 
Hass0342: folds 
Ginnungagap7: folds 
Scooty2Hotty: folds 
Uncalled bet ($0.03) returned to Rafael B. II
Rafael B. II collected $0.04 from pot
Rafael B. II: doesn't show hand 
*** SUMMARY ***
Total pot $0.04 | Rake $0 
Seat 1: Hass0342 folded before Flop (didn't bet)
Seat 2: Ginnungagap7 (button) folded before Flop (didn't bet)
Seat 3: Scooty2Hotty (small blind) folded before Flop
Seat 4: Rafael B. II (big blind) collected ($0.04)
Seat 5: Lorpugo folded before Flop (didn't bet)



PokerStars Hand #239737774930:  Hold'em No Limit ($0.02/$0.05 USD) - 2022/11/08 15:56:01 ET
Table 'Eurymedon IV' 6-max Seat #3 is the button
Seat 1: Hass0342 ($3.36 in chips) 
Seat 2: Ginnungagap7 ($4.57 in chips) 
Seat 3: Scooty2Hotty ($5.26 in chips) 
Seat 4: Rafael B. II ($5.09 in chips) 
Seat 5: Lorpugo ($3.39 in chips) 
Rafael B. II: posts small blind $0.02
Lorpugo: posts big blind $0.05
*** HOLE CARDS ***
Dealt to Lorpugo [Tc Kh]
Hass0342: folds 
Ginnungagap7: folds 
Scooty2Hotty: folds 
Rafael B. II: folds 
Uncalled bet ($0.03) returned to Lorpugo
Lorpugo collected $0.04 from pot
Lorpugo: doesn't show hand 
*** SUMMARY ***
Total pot $0.04 | Rake $0 
Seat 1: Hass0342 folded before Flop (didn't bet)
Seat 2: Ginnungagap7 folded before Flop (didn't bet)
Seat 3: Scooty2Hotty (button) folded before Flop (didn't bet)
Seat 4: Rafael B. II (small blind) folded before Flop
Seat 5: Lorpugo (big blind) collected ($0.04)



PokerStars Hand #239737777353:  Hold'em No Limit ($0.02/$0.05 USD) - 2022/11/08 15:56:10 ET
Table 'Eurymedon IV' 6-max Seat #4 is the button
Seat 1: Hass0342 ($3.36 in chips) 
Seat 2: Ginnungagap7 ($4.57 in chips) 
Seat 3: Scooty2Hotty ($5.26 in chips) 
Seat 4: Rafael B. II ($5.07 in chips) 
Seat 5: Lorpugo ($3.41 in chips) 
Lorpugo: posts small blind $0.02
Hass0342: posts big blind $0.05
*** HOLE CARDS ***
Dealt to Lorpugo [Tc Td]
Ginnungagap7: folds 
Scooty2Hotty: folds 
Rafael B. II: folds 
Lorpugo: raises $0.10 to $0.15
Hass0342: folds 
Uncalled bet ($0.10) returned to Lorpugo
Lorpugo collected $0.10 from pot
ContinentalOp leaves the table
Lorpugo: doesn't show hand 
*** SUMMARY ***
Total pot $0.10 | Rake $0 
Seat 1: Hass0342 (big blind) folded before Flop
Seat 2: Ginnungagap7 folded before Flop (didn't bet)
Seat 3: Scooty2Hotty folded before Flop (didn't bet)
Seat 4: Rafael B. II (button) folded before Flop (didn't bet)
Seat 5: Lorpugo (small blind) collected ($0.10)



PokerStars Hand #239737786329:  Hold'em No Limit ($0.02/$0.05 USD) - 2022/11/08 15:56:41 ET
Table 'Eurymedon IV' 6-max Seat #5 is the button
Seat 1: Hass0342 ($3.31 in chips) 
Seat 2: Ginnungagap7 ($4.57 in chips) 
Seat 3: Scooty2Hotty ($5.26 in chips) 
Seat 4: Rafael B. II ($5.07 in chips) 
Seat 5: Lorpugo ($3.46 in chips) 
Hass0342: posts small blind $0.02
Ginnungagap7: posts big blind $0.05
*** HOLE CARDS ***
Dealt to Lorpugo [Js 2h]
Scooty2Hotty: folds 
Rafael B. II: folds 
Lorpugo: folds 
Hass0342: folds 
Uncalled bet ($0.03) returned to Ginnungagap7
Ginnungagap7 collected $0.04 from pot
Ginnungagap7: doesn't show hand 
*** SUMMARY ***
Total pot $0.04 | Rake $0 
Seat 1: Hass0342 (small blind) folded before Flop
Seat 2: Ginnungagap7 (big blind) collected ($0.04)
Seat 3: Scooty2Hotty folded before Flop (didn't bet)
Seat 4: Rafael B. II folded before Flop (didn't bet)
Seat 5: Lorpugo (button) folded before Flop (didn't bet)



PokerStars Hand #239737789792:  Hold'em No Limit ($0.02/$0.05 USD) - 2022/11/08 15:56:53 ET
Table 'Eurymedon IV' 6-max Seat #1 is the button
Seat 1: Hass0342 ($3.29 in chips) 
Seat 2: Ginnungagap7 ($4.59 in chips) 
Seat 3: Scooty2Hotty ($5.26 in chips) 
Seat 4: Rafael B. II ($5.07 in chips) 
Seat 5: Lorpugo ($3.46 in chips) 
Ginnungagap7: posts small blind $0.02
Scooty2Hotty: posts big blind $0.05
*** HOLE CARDS ***
Dealt to Lorpugo [6h 5d]
Rafael B. II: folds 
Lorpugo: folds 
Hass0342: calls $0.05
ContinentalOp joins the table at seat #6 
Ginnungagap7: folds 
Scooty2Hotty: checks 
*** FLOP *** [7c Td 6d]
Scooty2Hotty: checks 
Hass0342: bets $0.05
Scooty2Hotty: folds 
Uncalled bet ($0.05) returned to Hass0342
Hass0342 collected $0.12 from pot
*** SUMMARY ***
Total pot $0.12 | Rake $0 
Board [7c Td 6d]
Seat 1: Hass0342 (button) collected ($0.12)
Seat 2: Ginnungagap7 (small blind) folded before Flop
Seat 3: Scooty2Hotty (big blind) folded on the Flop
Seat 4: Rafael B. II folded before Flop (didn't bet)
Seat 5: Lorpugo folded before Flop (didn't bet)



PokerStars Hand #239737795533:  Hold'em No Limit ($0.02/$0.05 USD) - 2022/11/08 15:57:13 ET
Table 'Eurymedon IV' 6-max Seat #2 is the button
Seat 1: Hass0342 ($3.36 in chips) 
Seat 2: Ginnungagap7 ($4.57 in chips) 
Seat 3: Scooty2Hotty ($5.21 in chips) 
Seat 4: Rafael B. II ($5.07 in chips) 
Seat 5: Lorpugo ($3.46 in chips) 
Scooty2Hotty: posts small blind $0.02
Rafael B. II: posts big blind $0.05
ContinentalOp: sits out 
*** HOLE CARDS ***
Dealt to Lorpugo [9d 8h]
Lorpugo: raises $0.10 to $0.15
Hass0342: folds 
Ginnungagap7: folds 
Scooty2Hotty: folds 
Rafael B. II: folds 
Uncalled bet ($0.10) returned to Lorpugo
Lorpugo collected $0.12 from pot
Lorpugo: doesn't show hand 
*** SUMMARY ***
Total pot $0.12 | Rake $0 
Seat 1: Hass0342 folded before Flop (didn't bet)
Seat 2: Ginnungagap7 (button) folded before Flop (didn't bet)
Seat 3: Scooty2Hotty (small blind) folded before Flop
Seat 4: Rafael B. II (big blind) folded before Flop
Seat 5: Lorpugo collected ($0.12)



PokerStars Hand #239737798388:  Hold'em No Limit ($0.02/$0.05 USD) - 2022/11/08 15:57:23 ET
Table 'Eurymedon IV' 6-max Seat #3 is the button
Seat 1: Hass0342 ($3.36 in chips) 
Seat 2: Ginnungagap7 ($4.57 in chips) 
Seat 3: Scooty2Hotty ($5.19 in chips) 
Seat 4: Rafael B. II ($5.02 in chips) 
Seat 5: Lorpugo ($3.53 in chips) 
Rafael B. II: posts small blind $0.02
Lorpugo: posts big blind $0.05
ContinentalOp: sits out 
*** HOLE CARDS ***
Dealt to Lorpugo [9s 5d]
Hass0342: raises $0.05 to $0.10
Ginnungagap7: folds 
Scooty2Hotty: folds 
Rafael B. II: folds 
Lorpugo: folds 
Uncalled bet ($0.05) returned to Hass0342
Hass0342 collected $0.12 from pot
*** SUMMARY ***
Total pot $0.12 | Rake $0 
Seat 1: Hass0342 collected ($0.12)
Seat 2: Ginnungagap7 folded before Flop (didn't bet)
Seat 3: Scooty2Hotty (button) folded before Flop (didn't bet)
Seat 4: Rafael B. II (small blind) folded before Flop
Seat 5: Lorpugo (big blind) folded before Flop



PokerStars Hand #239737804496:  Hold'em No Limit ($0.02/$0.05 USD) - 2022/11/08 15:57:43 ET
Table 'Eurymedon IV' 6-max Seat #4 is the button
Seat 1: Hass0342 ($3.43 in chips) 
Seat 2: Ginnungagap7 ($4.57 in chips) 
Seat 3: Scooty2Hotty ($5.19 in chips) 
Seat 4: Rafael B. II ($5 in chips) 
Seat 5: Lorpugo ($3.48 in chips) 
Seat 6: ContinentalOp ($7.81 in chips) 
Lorpugo: posts small blind $0.02
ContinentalOp: posts big blind $0.05
*** HOLE CARDS ***
Dealt to Lorpugo [2d Jh]
Hass0342: folds 
Ginnungagap7: folds 
Scooty2Hotty: folds 
Rafael B. II: folds 
Lorpugo: folds 
Uncalled bet ($0.03) returned to ContinentalOp
ContinentalOp collected $0.04 from pot
*** SUMMARY ***
Total pot $0.04 | Rake $0 
Seat 1: Hass0342 folded before Flop (didn't bet)
Seat 2: Ginnungagap7 folded before Flop (didn't bet)
Seat 3: Scooty2Hotty folded before Flop (didn't bet)
Seat 4: Rafael B. II (button) folded before Flop (didn't bet)
Seat 5: Lorpugo (small blind) folded before Flop
Seat 6: ContinentalOp (big blind) collected ($0.04)



PokerStars Hand #239737807667:  Hold'em No Limit ($0.02/$0.05 USD) - 2022/11/08 15:57:54 ET
Table 'Eurymedon IV' 6-max Seat #5 is the button
Seat 1: Hass0342 ($3.43 in chips) 
Seat 2: Ginnungagap7 ($4.57 in chips) 
Seat 3: Scooty2Hotty ($5.19 in chips) 
Seat 4: Rafael B. II ($5 in chips) 
Seat 5: Lorpugo ($3.46 in chips) 
Seat 6: ContinentalOp ($7.83 in chips) 
ContinentalOp: posts small blind $0.02
Hass0342: posts big blind $0.05
*** HOLE CARDS ***
Dealt to Lorpugo [8d Ad]
Ginnungagap7: raises $0.10 to $0.15
Scooty2Hotty: folds 
Rafael B. II: folds 
Lorpugo: calls $0.15
ContinentalOp: folds 
Hass0342: folds 
*** FLOP *** [4d Jc 9c]
Ginnungagap7: checks 
Lorpugo: checks 
*** TURN *** [4d Jc 9c] [Td]
Ginnungagap7: checks 
Lorpugo: bets $0.60
Ginnungagap7: folds 
Uncalled bet ($0.60) returned to Lorpugo
Lorpugo collected $0.35 from pot
Lorpugo: doesn't show hand 
*** SUMMARY ***
Total pot $0.37 | Rake $0.02 
Board [4d Jc 9c Td]
Seat 1: Hass0342 (big blind) folded before Flop
Seat 2: Ginnungagap7 folded on the Turn
Seat 3: Scooty2Hotty folded before Flop (didn't bet)
Seat 4: Rafael B. II folded before Flop (didn't bet)
Seat 5: Lorpugo (button) collected ($0.35)
Seat 6: ContinentalOp (small blind) folded before Flop



PokerStars Hand #239737816620:  Hold'em No Limit ($0.02/$0.05 USD) - 2022/11/08 15:58:24 ET
Table 'Eurymedon IV' 6-max Seat #6 is the button
Seat 1: Hass0342 ($3.38 in chips) 
Seat 2: Ginnungagap7 ($4.42 in chips) 
Seat 3: Scooty2Hotty ($5.19 in chips) 
Seat 4: Rafael B. II ($5 in chips) 
Seat 5: Lorpugo ($3.66 in chips) 
Seat 6: ContinentalOp ($7.81 in chips) 
Hass0342: posts small blind $0.02
Ginnungagap7: posts big blind $0.05
*** HOLE CARDS ***
Dealt to Lorpugo [5d 9s]
Scooty2Hotty: folds 
Rafael B. II: folds 
Lorpugo: folds 
ContinentalOp has timed out
ContinentalOp: folds 
Hass0342: calls $0.03
Ginnungagap7: checks 
*** FLOP *** [Ad 8d As]
Hass0342: bets $0.10
Ginnungagap7: folds 
Uncalled bet ($0.10) returned to Hass0342
Hass0342 collected $0.10 from pot
*** SUMMARY ***
Total pot $0.10 | Rake $0 
Board [Ad 8d As]
Seat 1: Hass0342 (small blind) collected ($0.10)
Seat 2: Ginnungagap7 (big blind) folded on the Flop
Seat 3: Scooty2Hotty folded before Flop (didn't bet)
Seat 4: Rafael B. II folded before Flop (didn't bet)
Seat 5: Lorpugo folded before Flop (didn't bet)
Seat 6: ContinentalOp (button) folded before Flop (didn't bet)



PokerStars Hand #239737828738:  Hold'em No Limit ($0.02/$0.05 USD) - 2022/11/08 15:59:05 ET
Table 'Eurymedon IV' 6-max Seat #1 is the button
Seat 1: Hass0342 ($3.43 in chips) 
Seat 2: Ginnungagap7 ($4.37 in chips) 
Seat 3: Scooty2Hotty ($5.19 in chips) 
Seat 4: Rafael B. II ($5 in chips) 
Seat 5: Lorpugo ($3.66 in chips) 
Ginnungagap7: posts small blind $0.02
Scooty2Hotty: posts big blind $0.05
*** HOLE CARDS ***
Dealt to Lorpugo [9h 3d]
Rafael B. II: folds 
Lorpugo: folds 
Hass0342: folds 
Ginnungagap7: raises $0.10 to $0.15
Scooty2Hotty: calls $0.10
*** FLOP *** [9s 6s 7c]
Ginnungagap7: bets $0.22
Scooty2Hotty: calls $0.22
*** TURN *** [9s 6s 7c] [6h]
Ginnungagap7: bets $0.53
Scooty2Hotty: calls $0.53
*** RIVER *** [9s 6s 7c 6h] [3h]
Ginnungagap7: checks 
Scooty2Hotty: bets $1.94
Ginnungagap7: folds 
Uncalled bet ($1.94) returned to Scooty2Hotty
Scooty2Hotty collected $1.73 from pot
Scooty2Hotty: doesn't show hand 
*** SUMMARY ***
Total pot $1.80 | Rake $0.07 
Board [9s 6s 7c 6h 3h]
Seat 1: Hass0342 (button) folded before Flop (didn't bet)
Seat 2: Ginnungagap7 (small blind) folded on the River
Seat 3: Scooty2Hotty (big blind) collected ($1.73)
Seat 4: Rafael B. II folded before Flop (didn't bet)
Seat 5: Lorpugo folded before Flop (didn't bet)



PokerStars Hand #239737846234:  Hold'em No Limit ($0.02/$0.05 USD) - 2022/11/08 16:00:05 ET
Table 'Eurymedon IV' 6-max Seat #2 is the button
Seat 1: Hass0342 ($3.43 in chips) 
Seat 2: Ginnungagap7 ($3.47 in chips) 
Seat 3: Scooty2Hotty ($6.02 in chips) 
Seat 4: Rafael B. II ($5 in chips) 
Seat 5: Lorpugo ($3.66 in chips) 
Scooty2Hotty: posts small blind $0.02
Rafael B. II: posts big blind $0.05
*** HOLE CARDS ***
Dealt to Lorpugo [7s 2c]
Lorpugo: folds 
Hass0342: folds 
Ginnungagap7: folds 
Scooty2Hotty: folds 
Uncalled bet ($0.03) returned to Rafael B. II
Rafael B. II collected $0.04 from pot
*** SUMMARY ***
Total pot $0.04 | Rake $0 
Seat 1: Hass0342 folded before Flop (didn't bet)
Seat 2: Ginnungagap7 (button) folded before Flop (didn't bet)
Seat 3: Scooty2Hotty (small blind) folded before Flop
Seat 4: Rafael B. II (big blind) collected ($0.04)
Seat 5: Lorpugo folded before Flop (didn't bet)



PokerStars Hand #239737849366:  Hold'em No Limit ($0.02/$0.05 USD) - 2022/11/08 16:00:15 ET
Table 'Eurymedon IV' 6-max Seat #3 is the button
Seat 1: Hass0342 ($3.43 in chips) 
Seat 2: Ginnungagap7 ($3.47 in chips) 
Seat 3: Scooty2Hotty ($6 in chips) 
Seat 4: Rafael B. II ($5.02 in chips) 
Seat 5: Lorpugo ($3.66 in chips) 
Seat 6: ContinentalOp ($7.81 in chips) 
Rafael B. II: posts small blind $0.02
Lorpugo: posts big blind $0.05
*** HOLE CARDS ***
Dealt to Lorpugo [3h 9s]
ContinentalOp: raises $0.05 to $0.10
Hass0342: folds 
Ginnungagap7: folds 
Scooty2Hotty: folds 
Rafael B. II: folds 
Lorpugo: folds 
Uncalled bet ($0.05) returned to ContinentalOp
ContinentalOp collected $0.12 from pot
*** SUMMARY ***
Total pot $0.12 | Rake $0 
Seat 1: Hass0342 folded before Flop (didn't bet)
Seat 2: Ginnungagap7 folded before Flop (didn't bet)
Seat 3: Scooty2Hotty (button) folded before Flop (didn't bet)
Seat 4: Rafael B. II (small blind) folded before Flop
Seat 5: Lorpugo (big blind) folded before Flop
Seat 6: ContinentalOp collected ($0.12)



PokerStars Hand #239737856493:  Hold'em No Limit ($0.02/$0.05 USD) - 2022/11/08 16:00:36 ET
Table 'Eurymedon IV' 6-max Seat #4 is the button
Seat 1: Hass0342 ($3.43 in chips) 
Seat 2: Ginnungagap7 ($3.47 in chips) 
Seat 3: Scooty2Hotty ($6 in chips) 
Seat 4: Rafael B. II ($5 in chips) 
Seat 5: Lorpugo ($3.61 in chips) 
Seat 6: ContinentalOp ($7.88 in chips) 
Lorpugo: posts small blind $0.02
ContinentalOp: posts big blind $0.05
*** HOLE CARDS ***
Dealt to Lorpugo [8d As]
Hass0342 has timed out
Hass0342: folds 
Ginnungagap7: folds 
Scooty2Hotty: folds 
Rafael B. II: raises $0.08 to $0.13
Lorpugo: raises $0.31 to $0.44
ContinentalOp: folds 
Rafael B. II: folds 
Uncalled bet ($0.31) returned to Lorpugo
Lorpugo collected $0.31 from pot
Lorpugo: doesn't show hand 
*** SUMMARY ***
Total pot $0.31 | Rake $0 
Seat 1: Hass0342 folded before Flop (didn't bet)
Seat 2: Ginnungagap7 folded before Flop (didn't bet)
Seat 3: Scooty2Hotty folded before Flop (didn't bet)
Seat 4: Rafael B. II (button) folded before Flop
Seat 5: Lorpugo (small blind) collected ($0.31)
Seat 6: ContinentalOp (big blind) folded before Flop



PokerStars Hand #239737866821:  Hold'em No Limit ($0.02/$0.05 USD) - 2022/11/08 16:01:06 ET
Table 'Eurymedon IV' 6-max Seat #5 is the button
Seat 1: Hass0342 ($3.43 in chips) 
Seat 2: Ginnungagap7 ($3.47 in chips) 
Seat 3: Scooty2Hotty ($6 in chips) 
Seat 4: Rafael B. II ($5 in chips) 
Seat 5: Lorpugo ($3.79 in chips) 
Seat 6: ContinentalOp ($7.83 in chips) 
ContinentalOp: posts small blind $0.02
Hass0342: posts big blind $0.05
*** HOLE CARDS ***
Dealt to Lorpugo [8s 4c]
Ginnungagap7: folds 
Scooty2Hotty: folds 
Rafael B. II: folds 
Lorpugo: folds 
ContinentalOp has timed out
ContinentalOp: folds 
Uncalled bet ($0.03) returned to Hass0342
Hass0342 collected $0.04 from pot
*** SUMMARY ***
Total pot $0.04 | Rake $0 
Seat 1: Hass0342 (big blind) collected ($0.04)
Seat 2: Ginnungagap7 folded before Flop (didn't bet)
Seat 3: Scooty2Hotty folded before Flop (didn't bet)
Seat 4: Rafael B. II folded before Flop (didn't bet)
Seat 5: Lorpugo (button) folded before Flop (didn't bet)
Seat 6: ContinentalOp (small blind) folded before Flop



PokerStars Hand #239737882809:  Hold'em No Limit ($0.02/$0.05 USD) - 2022/11/08 16:01:44 ET
Table 'Eurymedon IV' 6-max Seat #1 is the button
Seat 1: Hass0342 ($3.45 in chips) 
Seat 2: Ginnungagap7 ($3.47 in chips) 
Seat 3: Scooty2Hotty ($6 in chips) 
Seat 4: Rafael B. II ($5 in chips) 
Seat 5: Lorpugo ($3.79 in chips) 
Ginnungagap7: posts small blind $0.02
Scooty2Hotty: posts big blind $0.05
*** HOLE CARDS ***
Dealt to Lorpugo [2d 8h]
Rafael B. II: raises $0.08 to $0.13
Lorpugo: folds 
Hass0342: folds 
Ginnungagap7: folds 
Scooty2Hotty: folds 
Uncalled bet ($0.08) returned to Rafael B. II
Rafael B. II collected $0.12 from pot
Rafael B. II: doesn't show hand 
*** SUMMARY ***
Total pot $0.12 | Rake $0 
Seat 1: Hass0342 (button) folded before Flop (didn't bet)
Seat 2: Ginnungagap7 (small blind) folded before Flop
Seat 3: Scooty2Hotty (big blind) folded before Flop
Seat 4: Rafael B. II collected ($0.12)
Seat 5: Lorpugo folded before Flop (didn't bet)



PokerStars Hand #239737889620:  Hold'em No Limit ($0.02/$0.05 USD) - 2022/11/08 16:01:58 ET
Table 'Eurymedon IV' 6-max Seat #2 is the button
Seat 1: Hass0342 ($3.45 in chips) 
Seat 2: Ginnungagap7 ($3.45 in chips) 
Seat 3: Scooty2Hotty ($5.95 in chips) 
Seat 4: Rafael B. II ($5.07 in chips) 
Seat 5: Lorpugo ($3.79 in chips) 
Scooty2Hotty: posts small blind $0.02
Rafael B. II: posts big blind $0.05
*** HOLE CARDS ***
Dealt to Lorpugo [Kd As]
Lorpugo: raises $0.10 to $0.15
Hass0342: folds 
Ginnungagap7: folds 
Scooty2Hotty: folds 
Rafael B. II: folds 
Uncalled bet ($0.10) returned to Lorpugo
Lorpugo collected $0.12 from pot
Lorpugo: doesn't show hand 
*** SUMMARY ***
Total pot $0.12 | Rake $0 
Seat 1: Hass0342 folded before Flop (didn't bet)
Seat 2: Ginnungagap7 (button) folded before Flop (didn't bet)
Seat 3: Scooty2Hotty (small blind) folded before Flop
Seat 4: Rafael B. II (big blind) folded before Flop
Seat 5: Lorpugo collected ($0.12)



PokerStars Hand #239737895358:  Hold'em No Limit ($0.02/$0.05 USD) - 2022/11/08 16:02:10 ET
Table 'Eurymedon IV' 6-max Seat #3 is the button
Seat 1: Hass0342 ($3.45 in chips) 
Seat 2: Ginnungagap7 ($3.45 in chips) 
Seat 3: Scooty2Hotty ($5.93 in chips) 
Seat 4: Rafael B. II ($5.02 in chips) 
Seat 5: Lorpugo ($3.86 in chips) 
Rafael B. II: posts small blind $0.02
Lorpugo: posts big blind $0.05
*** HOLE CARDS ***
Dealt to Lorpugo [9h 7c]
Hass0342: folds 
Ginnungagap7: folds 
Scooty2Hotty: folds 
Rafael B. II: folds 
Uncalled bet ($0.03) returned to Lorpugo
Lorpugo collected $0.04 from pot
Lorpugo: doesn't show hand 
*** SUMMARY ***
Total pot $0.04 | Rake $0 
Seat 1: Hass0342 folded before Flop (didn't bet)
Seat 2: Ginnungagap7 folded before Flop (didn't bet)
Seat 3: Scooty2Hotty (button) folded before Flop (didn't bet)
Seat 4: Rafael B. II (small blind) folded before Flop
Seat 5: Lorpugo (big blind) collected ($0.04)



PokerStars Hand #239737899276:  Hold'em No Limit ($0.02/$0.05 USD) - 2022/11/08 16:02:18 ET
Table 'Eurymedon IV' 6-max Seat #4 is the button
Seat 1: Hass0342 ($3.45 in chips) 
Seat 2: Ginnungagap7 ($3.45 in chips) 
Seat 3: Scooty2Hotty ($5.93 in chips) 
Seat 4: Rafael B. II ($5 in chips) 
Seat 5: Lorpugo ($3.88 in chips) 
Lorpugo: posts small blind $0.02
Hass0342: posts big blind $0.05
*** HOLE CARDS ***
Dealt to Lorpugo [6c 6d]
Ginnungagap7: folds 
Scooty2Hotty: raises $0.10 to $0.15
Rafael B. II: folds 
Lorpugo: calls $0.13
Hass0342: folds 
*** FLOP *** [Ad 5c 7c]
Lorpugo: bets $0.11
Scooty2Hotty: calls $0.11
*** TURN *** [Ad 5c 7c] [4h]
Lorpugo: bets $0.36
Scooty2Hotty: folds 
Uncalled bet ($0.36) returned to Lorpugo
Lorpugo collected $0.55 from pot
Lorpugo: doesn't show hand 
*** SUMMARY ***
Total pot $0.57 | Rake $0.02 
Board [Ad 5c 7c 4h]
Seat 1: Hass0342 (big blind) folded before Flop
Seat 2: Ginnungagap7 folded before Flop (didn't bet)
Seat 3: Scooty2Hotty folded on the Turn
Seat 4: Rafael B. II (button) folded before Flop (didn't bet)
Seat 5: Lorpugo (small blind) collected ($0.55)



PokerStars Hand #239737919716:  Hold'em No Limit ($0.02/$0.05 USD) - 2022/11/08 16:03:00 ET
Table 'Eurymedon IV' 6-max Seat #5 is the button
Seat 1: Hass0342 ($3.40 in chips) 
Seat 3: Scooty2Hotty ($5.67 in chips) 
Seat 4: Rafael B. II ($5 in chips) 
Seat 5: Lorpugo ($4.17 in chips) 
Hass0342: posts small blind $0.02
Ginnungagap7: is sitting out 
Scooty2Hotty: posts big blind $0.05
*** HOLE CARDS ***
Dealt to Lorpugo [2h Kc]
Ginnungagap7 leaves the table
Rafael B. II: folds 
Lorpugo: folds 
Hass0342: folds 
Uncalled bet ($0.03) returned to Scooty2Hotty
Scooty2Hotty collected $0.04 from pot
Scooty2Hotty: doesn't show hand 
*** SUMMARY ***
Total pot $0.04 | Rake $0 
Seat 1: Hass0342 (small blind) folded before Flop
Seat 3: Scooty2Hotty (big blind) collected ($0.04)
Seat 4: Rafael B. II folded before Flop (didn't bet)
Seat 5: Lorpugo (button) folded before Flop (didn't bet)



PokerStars Hand #239737923664:  Hold'em No Limit ($0.02/$0.05 USD) - 2022/11/08 16:03:07 ET
Table 'Eurymedon IV' 6-max Seat #1 is the button
Seat 1: Hass0342 ($3.38 in chips) 
Seat 3: Scooty2Hotty ($5.69 in chips) 
Seat 4: Rafael B. II ($5 in chips) 
Seat 5: Lorpugo ($4.17 in chips) 
Scooty2Hotty: posts small blind $0.02
Rafael B. II: posts big blind $0.05
*** HOLE CARDS ***
Dealt to Lorpugo [8c Ks]
Lorpugo: folds 
Hass0342: calls $0.05
Scooty2Hotty: calls $0.03
Rafael B. II: checks 
*** FLOP *** [3s 6s Kd]
Scooty2Hotty: bets $0.07
Rafael B. II: folds 
Hass0342: folds 
Uncalled bet ($0.07) returned to Scooty2Hotty
Scooty2Hotty collected $0.14 from pot
Scooty2Hotty: doesn't show hand 
*** SUMMARY ***
Total pot $0.15 | Rake $0.01 
Board [3s 6s Kd]
Seat 1: Hass0342 (button) folded on the Flop
Seat 3: Scooty2Hotty (small blind) collected ($0.14)
Seat 4: Rafael B. II (big blind) folded on the Flop
Seat 5: Lorpugo folded before Flop (didn't bet)



PokerStars Hand #239737936016:  Hold'em No Limit ($0.02/$0.05 USD) - 2022/11/08 16:03:33 ET
Table 'Eurymedon IV' 6-max Seat #3 is the button
Seat 1: Hass0342 ($3.33 in chips) 
Seat 3: Scooty2Hotty ($5.78 in chips) 
Seat 4: Rafael B. II ($5 in chips) 
Seat 5: Lorpugo ($4.17 in chips) 
Rafael B. II: posts small blind $0.02
Lorpugo: posts big blind $0.05
*** HOLE CARDS ***
Dealt to Lorpugo [6s 3h]
Hass0342: calls $0.05
Scooty2Hotty: folds 
Rafael B. II: folds 
Lorpugo: checks 
*** FLOP *** [4c 2d Qh]
Lorpugo: bets $0.06
Hass0342: folds 
Uncalled bet ($0.06) returned to Lorpugo
Lorpugo collected $0.12 from pot
Lorpugo: doesn't show hand 
*** SUMMARY ***
Total pot $0.12 | Rake $0 
Board [4c 2d Qh]
Seat 1: Hass0342 folded on the Flop
Seat 3: Scooty2Hotty (button) folded before Flop (didn't bet)
Seat 4: Rafael B. II (small blind) folded before Flop
Seat 5: Lorpugo (big blind) collected ($0.12)



PokerStars Hand #239737951503:  Hold'em No Limit ($0.02/$0.05 USD) - 2022/11/08 16:04:04 ET
Table 'Eurymedon IV' 6-max Seat #4 is the button
Seat 1: Hass0342 ($3.28 in chips) 
Seat 3: Scooty2Hotty ($5.78 in chips) 
Seat 4: Rafael B. II ($5 in chips) 
Seat 5: Lorpugo ($4.24 in chips) 
Lorpugo: posts small blind $0.02
Hass0342: posts big blind $0.05
*** HOLE CARDS ***
Dealt to Lorpugo [Qs Td]
Scooty2Hotty: folds 
Rafael B. II: folds 
Lorpugo: raises $0.10 to $0.15
Hass0342: folds 
Uncalled bet ($0.10) returned to Lorpugo
Lorpugo collected $0.10 from pot
Lorpugo: doesn't show hand 
*** SUMMARY ***
Total pot $0.10 | Rake $0 
Seat 1: Hass0342 (big blind) folded before Flop
Seat 3: Scooty2Hotty folded before Flop (didn't bet)
Seat 4: Rafael B. II (button) folded before Flop (didn't bet)
Seat 5: Lorpugo (small blind) collected ($0.10)



PokerStars Hand #239737957869:  Hold'em No Limit ($0.02/$0.05 USD) - 2022/11/08 16:04:17 ET
Table 'Eurymedon IV' 6-max Seat #5 is the button
Seat 1: Hass0342 ($3.23 in chips) 
Seat 3: Scooty2Hotty ($5.78 in chips) 
Seat 4: Rafael B. II ($5 in chips) 
Seat 5: Lorpugo ($4.29 in chips) 
Hass0342: posts small blind $0.02
Scooty2Hotty: posts big blind $0.05
*** HOLE CARDS ***
Dealt to Lorpugo [As 7d]
cocoon2009 joins the table at seat #2 
Rafael B. II: folds 
Lorpugo: raises $0.10 to $0.15
Hass0342: folds 
Scooty2Hotty: folds 
Uncalled bet ($0.10) returned to Lorpugo
Lorpugo collected $0.12 from pot
Lorpugo: doesn't show hand 
*** SUMMARY ***
Total pot $0.12 | Rake $0 
Seat 1: Hass0342 (small blind) folded before Flop
Seat 3: Scooty2Hotty (big blind) folded before Flop
Seat 4: Rafael B. II folded before Flop (didn't bet)
Seat 5: Lorpugo (button) collected ($0.12)



PokerStars Hand #239737964662:  Hold'em No Limit ($0.02/$0.05 USD) - 2022/11/08 16:04:31 ET
Table 'Eurymedon IV' 6-max Seat #1 is the button
Seat 1: Hass0342 ($3.21 in chips) 
Seat 3: Scooty2Hotty ($5.73 in chips) 
Seat 4: Rafael B. II ($5 in chips) 
Seat 5: Lorpugo ($4.36 in chips) 
Scooty2Hotty: posts small blind $0.02
Rafael B. II: posts big blind $0.05
*** HOLE CARDS ***
Dealt to Lorpugo [4d Qh]
Lorpugo: folds 
Hass0342: calls $0.05
Scooty2Hotty: folds 
Rafael B. II: checks 
*** FLOP *** [Ac 7h 6d]
Rafael B. II: checks 
Hass0342: checks 
*** TURN *** [Ac 7h 6d] [Qd]
Rafael B. II: checks 
Hass0342: checks 
*** RIVER *** [Ac 7h 6d Qd] [8c]
Rafael B. II: bets $0.14
Hass0342: folds 
Uncalled bet ($0.14) returned to Rafael B. II
Rafael B. II collected $0.12 from pot
*** SUMMARY ***
Total pot $0.12 | Rake $0 
Board [Ac 7h 6d Qd 8c]
Seat 1: Hass0342 (button) folded on the River
Seat 3: Scooty2Hotty (small blind) folded before Flop
Seat 4: Rafael B. II (big blind) collected ($0.12)
Seat 5: Lorpugo folded before Flop (didn't bet)



PokerStars Hand #239737987262:  Hold'em No Limit ($0.02/$0.05 USD) - 2022/11/08 16:05:17 ET
Table 'Eurymedon IV' 6-max Seat #3 is the button
Seat 1: Hass0342 ($3.16 in chips) 
Seat 2: cocoon2009 ($3.48 in chips) 
Seat 3: Scooty2Hotty ($5.71 in chips) 
Seat 4: Rafael B. II ($5.07 in chips) 
Seat 5: Lorpugo ($4.36 in chips) 
Rafael B. II: posts small blind $0.02
Lorpugo: posts big blind $0.05
ContinentalOp: sits out 
cocoon2009: posts big blind $0.05
*** HOLE CARDS ***
Dealt to Lorpugo [Jd 7h]
Hass0342: folds 
cocoon2009: checks 
Scooty2Hotty: raises $0.15 to $0.20
Rafael B. II: folds 
Lorpugo: folds 
cocoon2009: folds 
Uncalled bet ($0.15) returned to Scooty2Hotty
Scooty2Hotty collected $0.17 from pot
Scooty2Hotty: doesn't show hand 
*** SUMMARY ***
Total pot $0.17 | Rake $0 
Seat 1: Hass0342 folded before Flop (didn't bet)
Seat 2: cocoon2009 folded before Flop (didn't bet)
Seat 3: Scooty2Hotty (button) collected ($0.17)
Seat 4: Rafael B. II (small blind) folded before Flop
Seat 5: Lorpugo (big blind) folded before Flop



PokerStars Hand #239738000870:  Hold'em No Limit ($0.02/$0.05 USD) - 2022/11/08 16:05:45 ET
Table 'Eurymedon IV' 6-max Seat #4 is the button
Seat 1: Hass0342 ($3.16 in chips) 
Seat 2: cocoon2009 ($3.43 in chips) 
Seat 3: Scooty2Hotty ($5.83 in chips) 
Seat 4: Rafael B. II ($5.05 in chips) 
Seat 5: Lorpugo ($4.31 in chips) 
Seat 6: ContinentalOp ($7.81 in chips) 
Lorpugo: posts small blind $0.02
ContinentalOp: posts big blind $0.05
*** HOLE CARDS ***
Dealt to Lorpugo [Qc 4s]
Hass0342: folds 
cocoon2009: folds 
Scooty2Hotty: folds 
Rafael B. II: folds 
Lorpugo: raises $0.10 to $0.15
ContinentalOp has timed out
ContinentalOp: folds 
Uncalled bet ($0.10) returned to Lorpugo
Lorpugo collected $0.10 from pot
Lorpugo: doesn't show hand 
*** SUMMARY ***
Total pot $0.10 | Rake $0 
Seat 1: Hass0342 folded before Flop (didn't bet)
Seat 2: cocoon2009 folded before Flop (didn't bet)
Seat 3: Scooty2Hotty folded before Flop (didn't bet)
Seat 4: Rafael B. II (button) folded before Flop (didn't bet)
Seat 5: Lorpugo (small blind) collected ($0.10)
Seat 6: ContinentalOp (big blind) folded before Flop



PokerStars Hand #239738015246:  Hold'em No Limit ($0.02/$0.05 USD) - 2022/11/08 16:06:14 ET
Table 'Eurymedon IV' 6-max Seat #5 is the button
Seat 1: Hass0342 ($3.16 in chips) 
Seat 2: cocoon2009 ($3.43 in chips) 
Seat 3: Scooty2Hotty ($5.83 in chips) 
Seat 4: Rafael B. II ($5.05 in chips) 
Seat 5: Lorpugo ($4.36 in chips) 
Hass0342: posts small blind $0.02
cocoon2009: posts big blind $0.05
*** HOLE CARDS ***
Dealt to Lorpugo [4h Js]
Scooty2Hotty: folds 
Rafael B. II: folds 
Lorpugo: folds 
Hass0342: raises $0.05 to $0.10
cocoon2009: calls $0.05
*** FLOP *** [8d As 6d]
Hass0342: bets $0.10
cocoon2009: folds 
Uncalled bet ($0.10) returned to Hass0342
Hass0342 collected $0.19 from pot
*** SUMMARY ***
Total pot $0.20 | Rake $0.01 
Board [8d As 6d]
Seat 1: Hass0342 (small blind) collected ($0.19)
Seat 2: cocoon2009 (big blind) folded on the Flop
Seat 3: Scooty2Hotty folded before Flop (didn't bet)
Seat 4: Rafael B. II folded before Flop (didn't bet)
Seat 5: Lorpugo (button) folded before Flop (didn't bet)



PokerStars Hand #239738029560:  Hold'em No Limit ($0.02/$0.05 USD) - 2022/11/08 16:06:44 ET
Table 'Eurymedon IV' 6-max Seat #1 is the button
Seat 1: Hass0342 ($3.25 in chips) 
Seat 2: cocoon2009 ($3.33 in chips) 
Seat 3: Scooty2Hotty ($5.83 in chips) 
Seat 4: Rafael B. II ($5.05 in chips) 
Seat 5: Lorpugo ($4.36 in chips) 
cocoon2009: posts small blind $0.02
Scooty2Hotty: posts big blind $0.05
*** HOLE CARDS ***
Dealt to Lorpugo [Qs 2s]
Rafael B. II: folds 
Lorpugo: folds 
Hass0342: calls $0.05
cocoon2009: calls $0.03
Scooty2Hotty: checks 
*** FLOP *** [4d Ac Ts]
cocoon2009: checks 
Scooty2Hotty: bets $0.07
Hass0342: calls $0.07
cocoon2009: folds 
*** TURN *** [4d Ac Ts] [Kh]
Scooty2Hotty: bets $0.14
Hass0342: raises $2.99 to $3.13 and is all-in
Scooty2Hotty: folds 
Uncalled bet ($2.99) returned to Hass0342
Hass0342 collected $0.55 from pot
*** SUMMARY ***
Total pot $0.57 | Rake $0.02 
Board [4d Ac Ts Kh]
Seat 1: Hass0342 (button) collected ($0.55)
Seat 2: cocoon2009 (small blind) folded on the Flop
Seat 3: Scooty2Hotty (big blind) folded on the Turn
Seat 4: Rafael B. II folded before Flop (didn't bet)
Seat 5: Lorpugo folded before Flop (didn't bet)



PokerStars Hand #239738050272:  Hold'em No Limit ($0.02/$0.05 USD) - 2022/11/08 16:07:26 ET
Table 'Eurymedon IV' 6-max Seat #2 is the button
Seat 1: Hass0342 ($3.54 in chips) 
Seat 2: cocoon2009 ($3.28 in chips) 
Seat 3: Scooty2Hotty ($5.57 in chips) 
Seat 4: Rafael B. II ($5.05 in chips) 
Seat 5: Lorpugo ($4.36 in chips) 
Scooty2Hotty: posts small blind $0.02
Rafael B. II: posts big blind $0.05
*** HOLE CARDS ***
Dealt to Lorpugo [2s 4h]
Lorpugo: folds 
Hass0342: folds 
cocoon2009: folds 
Scooty2Hotty: raises $0.10 to $0.15
Rafael B. II: folds 
Uncalled bet ($0.10) returned to Scooty2Hotty
Scooty2Hotty collected $0.10 from pot
Scooty2Hotty: doesn't show hand 
*** SUMMARY ***
Total pot $0.10 | Rake $0 
Seat 1: Hass0342 folded before Flop (didn't bet)
Seat 2: cocoon2009 (button) folded before Flop (didn't bet)
Seat 3: Scooty2Hotty (small blind) collected ($0.10)
Seat 4: Rafael B. II (big blind) folded before Flop
Seat 5: Lorpugo folded before Flop (didn't bet)



PokerStars Hand #239738063897:  Hold'em No Limit ($0.02/$0.05 USD) - 2022/11/08 16:07:54 ET
Table 'Eurymedon IV' 6-max Seat #3 is the button
Seat 1: Hass0342 ($3.54 in chips) 
Seat 2: cocoon2009 ($3.28 in chips) 
Seat 3: Scooty2Hotty ($5.62 in chips) 
Seat 4: Rafael B. II ($5 in chips) 
Seat 5: Lorpugo ($4.36 in chips) 
Rafael B. II: posts small blind $0.02
Lorpugo: posts big blind $0.05
*** HOLE CARDS ***
Dealt to Lorpugo [2d Td]
Hass0342 has timed out
Hass0342: folds 
cocoon2009: raises $0.05 to $0.10
Scooty2Hotty: folds 
Rafael B. II: folds 
Lorpugo: calls $0.05
*** FLOP *** [4c 6d 9h]
Lorpugo: checks 
cocoon2009: bets $0.11
Lorpugo: folds 
Uncalled bet ($0.11) returned to cocoon2009
cocoon2009 collected $0.21 from pot
cocoon2009: doesn't show hand 
*** SUMMARY ***
Total pot $0.22 | Rake $0.01 
Board [4c 6d 9h]
Seat 1: Hass0342 folded before Flop (didn't bet)
Seat 2: cocoon2009 collected ($0.21)
Seat 3: Scooty2Hotty (button) folded before Flop (didn't bet)
Seat 4: Rafael B. II (small blind) folded before Flop
Seat 5: Lorpugo (big blind) folded on the Flop



PokerStars Hand #239738083892:  Hold'em No Limit ($0.02/$0.05 USD) - 2022/11/08 16:08:35 ET
Table 'Eurymedon IV' 6-max Seat #4 is the button
Seat 1: Hass0342 ($3.54 in chips) 
Seat 2: cocoon2009 ($3.39 in chips) 
Seat 3: Scooty2Hotty ($5.62 in chips) 
Seat 4: Rafael B. II ($5 in chips) 
Seat 5: Lorpugo ($4.26 in chips) 
Lorpugo: posts small blind $0.02
Hass0342: posts big blind $0.05
*** HOLE CARDS ***
Dealt to Lorpugo [4c Ks]
cocoon2009: calls $0.05
Scooty2Hotty: folds 
Rafael B. II: folds 
Lorpugo: folds 
Hass0342: checks 
*** FLOP *** [Js 3c Qh]
Hass0342: checks 
cocoon2009: checks 
*** TURN *** [Js 3c Qh] [Ts]
Hass0342: bets $0.05
cocoon2009: calls $0.05
*** RIVER *** [Js 3c Qh Ts] [2s]
Hass0342: bets $0.05
cocoon2009: folds 
Uncalled bet ($0.05) returned to Hass0342
Hass0342 collected $0.21 from pot
*** SUMMARY ***
Total pot $0.22 | Rake $0.01 
Board [Js 3c Qh Ts 2s]
Seat 1: Hass0342 (big blind) collected ($0.21)
Seat 2: cocoon2009 folded on the River
Seat 3: Scooty2Hotty folded before Flop (didn't bet)
Seat 4: Rafael B. II (button) folded before Flop (didn't bet)
Seat 5: Lorpugo (small blind) folded before Flop



PokerStars Hand #239738105085:  Hold'em No Limit ($0.02/$0.05 USD) - 2022/11/08 16:09:19 ET
Table 'Eurymedon IV' 6-max Seat #5 is the button
Seat 1: Hass0342 ($3.65 in chips) 
Seat 2: cocoon2009 ($3.29 in chips) 
Seat 3: Scooty2Hotty ($5.62 in chips) 
Seat 4: Rafael B. II ($5 in chips) 
Seat 5: Lorpugo ($4.24 in chips) 
Hass0342: posts small blind $0.02
cocoon2009: posts big blind $0.05
*** HOLE CARDS ***
Dealt to Lorpugo [6d 5c]
Scooty2Hotty: folds 
Rafael B. II: folds 
Lorpugo: folds 
Hass0342: raises $0.05 to $0.10
cocoon2009: raises $0.15 to $0.25
Hass0342: calls $0.15
*** FLOP *** [Qd Js Qs]
Hass0342: checks 
cocoon2009: bets $0.48
Hass0342: folds 
Uncalled bet ($0.48) returned to cocoon2009
cocoon2009 collected $0.48 from pot
cocoon2009: doesn't show hand 
*** SUMMARY ***
Total pot $0.50 | Rake $0.02 
Board [Qd Js Qs]
Seat 1: Hass0342 (small blind) folded on the Flop
Seat 2: cocoon2009 (big blind) collected ($0.48)
Seat 3: Scooty2Hotty folded before Flop (didn't bet)
Seat 4: Rafael B. II folded before Flop (didn't bet)
Seat 5: Lorpugo (button) folded before Flop (didn't bet)



PokerStars Hand #239738129089:  Hold'em No Limit ($0.02/$0.05 USD) - 2022/11/08 16:10:09 ET
Table 'Eurymedon IV' 6-max Seat #1 is the button
Seat 1: Hass0342 ($3.40 in chips) 
Seat 2: cocoon2009 ($3.52 in chips) 
Seat 3: Scooty2Hotty ($5.62 in chips) 
Seat 4: Rafael B. II ($5 in chips) 
Seat 5: Lorpugo ($4.24 in chips) 
cocoon2009: posts small blind $0.02
Scooty2Hotty: posts big blind $0.05
*** HOLE CARDS ***
Dealt to Lorpugo [Th 2c]
Rafael B. II: folds 
Lorpugo: folds 
Hass0342: folds 
cocoon2009: calls $0.03
Scooty2Hotty: checks 
*** FLOP *** [8h Jh Jc]
cocoon2009: checks 
Scooty2Hotty: checks 
*** TURN *** [8h Jh Jc] [Kh]
cocoon2009: bets $0.15
Scooty2Hotty: folds 
Uncalled bet ($0.15) returned to cocoon2009
cocoon2009 collected $0.10 from pot
cocoon2009: doesn't show hand 
*** SUMMARY ***
Total pot $0.10 | Rake $0 
Board [8h Jh Jc Kh]
Seat 1: Hass0342 (button) folded before Flop (didn't bet)
Seat 2: cocoon2009 (small blind) collected ($0.10)
Seat 3: Scooty2Hotty (big blind) folded on the Turn
Seat 4: Rafael B. II folded before Flop (didn't bet)
Seat 5: Lorpugo folded before Flop (didn't bet)



PokerStars Hand #239738149185:  Hold'em No Limit ($0.02/$0.05 USD) - 2022/11/08 16:10:51 ET
Table 'Eurymedon IV' 6-max Seat #2 is the button
Seat 1: Hass0342 ($3.40 in chips) 
Seat 2: cocoon2009 ($3.57 in chips) 
Seat 3: Scooty2Hotty ($5.57 in chips) 
Seat 4: Rafael B. II ($5 in chips) 
Seat 5: Lorpugo ($4.24 in chips) 
Scooty2Hotty: posts small blind $0.02
Rafael B. II: posts big blind $0.05
*** HOLE CARDS ***
Dealt to Lorpugo [Jc 9h]
Lorpugo: folds 
Hass0342: folds 
cocoon2009: folds 
Scooty2Hotty: folds 
Uncalled bet ($0.03) returned to Rafael B. II
Rafael B. II collected $0.04 from pot
Rafael B. II: doesn't show hand 
*** SUMMARY ***
Total pot $0.04 | Rake $0 
Seat 1: Hass0342 folded before Flop (didn't bet)
Seat 2: cocoon2009 (button) folded before Flop (didn't bet)
Seat 3: Scooty2Hotty (small blind) folded before Flop
Seat 4: Rafael B. II (big blind) collected ($0.04)
Seat 5: Lorpugo folded before Flop (didn't bet)



PokerStars Hand #239738158510:  Hold'em No Limit ($0.02/$0.05 USD) - 2022/11/08 16:11:10 ET
Table 'Eurymedon IV' 6-max Seat #3 is the button
Seat 1: Hass0342 ($3.40 in chips) 
Seat 2: cocoon2009 ($3.57 in chips) 
Seat 3: Scooty2Hotty ($5.55 in chips) 
Seat 4: Rafael B. II ($5.02 in chips) 
Seat 5: Lorpugo ($4.24 in chips) 
Rafael B. II: posts small blind $0.02
Lorpugo: posts big blind $0.05
*** HOLE CARDS ***
Dealt to Lorpugo [8c 7s]
Hass0342: folds 
cocoon2009: folds 
Scooty2Hotty: folds 
Rafael B. II: raises $0.10 to $0.15
Lorpugo: calls $0.10
*** FLOP *** [5d 5h 3c]
Rafael B. II: checks 
Lorpugo: bets $0.10
Rafael B. II: calls $0.10
*** TURN *** [5d 5h 3c] [Tc]
Rafael B. II: checks 
Lorpugo: bets $0.32
Rafael B. II: folds 
Uncalled bet ($0.32) returned to Lorpugo
Lorpugo collected $0.48 from pot
Lorpugo: doesn't show hand 
*** SUMMARY ***
Total pot $0.50 | Rake $0.02 
Board [5d 5h 3c Tc]
Seat 1: Hass0342 folded before Flop (didn't bet)
Seat 2: cocoon2009 folded before Flop (didn't bet)
Seat 3: Scooty2Hotty (button) folded before Flop (didn't bet)
Seat 4: Rafael B. II (small blind) folded on the Turn
Seat 5: Lorpugo (big blind) collected ($0.48)



PokerStars Hand #239738179452:  Hold'em No Limit ($0.02/$0.05 USD) - 2022/11/08 16:11:54 ET
Table 'Eurymedon IV' 6-max Seat #4 is the button
Seat 1: Hass0342 ($3.40 in chips) 
Seat 2: cocoon2009 ($3.57 in chips) 
Seat 3: Scooty2Hotty ($5.55 in chips) 
Seat 4: Rafael B. II ($5 in chips) 
Seat 5: Lorpugo ($4.47 in chips) 
Lorpugo: posts small blind $0.02
Hass0342: posts big blind $0.05
*** HOLE CARDS ***
Dealt to Lorpugo [Qd Jc]
cocoon2009: folds 
Scooty2Hotty: raises $0.10 to $0.15
Rafael B. II: folds 
Lorpugo: calls $0.13
Hass0342: folds 
*** FLOP *** [4h 6c Kd]
Lorpugo: checks 
Scooty2Hotty: checks 
*** TURN *** [4h 6c Kd] [5h]
Lorpugo: checks 
Scooty2Hotty: checks 
*** RIVER *** [4h 6c Kd 5h] [9h]
Lorpugo: checks 
Scooty2Hotty: checks 
*** SHOW DOWN ***
Lorpugo: shows [Qd Jc] (high card King)
Scooty2Hotty: shows [2d Ad] (high card Ace)
Scooty2Hotty collected $0.34 from pot
*** SUMMARY ***
Total pot $0.35 | Rake $0.01 
Board [4h 6c Kd 5h 9h]
Seat 1: Hass0342 (big blind) folded before Flop
Seat 2: cocoon2009 folded before Flop (didn't bet)
Seat 3: Scooty2Hotty showed [2d Ad] and won ($0.34) with high card Ace
Seat 4: Rafael B. II (button) folded before Flop (didn't bet)
Seat 5: Lorpugo (small blind) showed [Qd Jc] and lost with high card King



PokerStars Hand #239738196319:  Hold'em No Limit ($0.02/$0.05 USD) - 2022/11/08 16:12:29 ET
Table 'Eurymedon IV' 6-max Seat #5 is the button
Seat 1: Hass0342 ($3.35 in chips) 
Seat 2: cocoon2009 ($3.57 in chips) 
Seat 3: Scooty2Hotty ($5.74 in chips) 
Seat 4: Rafael B. II ($5 in chips) 
Seat 5: Lorpugo ($4.32 in chips) 
Hass0342: posts small blind $0.02
cocoon2009: posts big blind $0.05
*** HOLE CARDS ***
Dealt to Lorpugo [7s Kh]
Scooty2Hotty: folds 
Rafael B. II: folds 
Lorpugo: raises $0.10 to $0.15
Hass0342: folds 
cocoon2009: calls $0.10
*** FLOP *** [2c Ac 2h]
cocoon2009: bets $0.16
Lorpugo: calls $0.16
*** TURN *** [2c Ac 2h] [8s]
cocoon2009: bets $0.20
Lorpugo: folds 
Uncalled bet ($0.20) returned to cocoon2009
cocoon2009 collected $0.60 from pot
cocoon2009: doesn't show hand 
*** SUMMARY ***
Total pot $0.64 | Rake $0.04 
Board [2c Ac 2h 8s]
Seat 1: Hass0342 (small blind) folded before Flop
Seat 2: cocoon2009 (big blind) collected ($0.60)
Seat 3: Scooty2Hotty folded before Flop (didn't bet)
Seat 4: Rafael B. II folded before Flop (didn't bet)
Seat 5: Lorpugo (button) folded on the Turn



PokerStars Hand #239738209188:  Hold'em No Limit ($0.02/$0.05 USD) - 2022/11/08 16:12:55 ET
Table 'Eurymedon IV' 6-max Seat #1 is the button
Seat 1: Hass0342 ($3.33 in chips) 
Seat 2: cocoon2009 ($3.86 in chips) 
Seat 3: Scooty2Hotty ($5.74 in chips) 
Seat 4: Rafael B. II ($5 in chips) 
Seat 5: Lorpugo ($4.01 in chips) 
cocoon2009: posts small blind $0.02
Scooty2Hotty: posts big blind $0.05
*** HOLE CARDS ***
Dealt to Lorpugo [Tc Js]
Rafael B. II: folds 
Lorpugo: raises $0.10 to $0.15
Hass0342: folds 
cocoon2009: folds 
Scooty2Hotty: folds 
Uncalled bet ($0.10) returned to Lorpugo
Lorpugo collected $0.12 from pot
Lorpugo: doesn't show hand 
*** SUMMARY ***
Total pot $0.12 | Rake $0 
Seat 1: Hass0342 (button) folded before Flop (didn't bet)
Seat 2: cocoon2009 (small blind) folded before Flop
Seat 3: Scooty2Hotty (big blind) folded before Flop
Seat 4: Rafael B. II folded before Flop (didn't bet)
Seat 5: Lorpugo collected ($0.12)



PokerStars Hand #239738215083:  Hold'em No Limit ($0.02/$0.05 USD) - 2022/11/08 16:13:08 ET
Table 'Eurymedon IV' 6-max Seat #2 is the button
Seat 1: Hass0342 ($3.33 in chips) 
Seat 2: cocoon2009 ($3.84 in chips) 
Seat 3: Scooty2Hotty ($5.69 in chips) 
Seat 4: Rafael B. II ($5 in chips) 
Seat 5: Lorpugo ($4.08 in chips) 
Scooty2Hotty: posts small blind $0.02
Rafael B. II: posts big blind $0.05
*** HOLE CARDS ***
Dealt to Lorpugo [2c 4h]
Lorpugo: folds 
Hass0342: calls $0.05
cocoon2009: calls $0.05
Scooty2Hotty: raises $0.15 to $0.20
Rafael B. II: folds 
Hass0342: calls $0.15
cocoon2009: calls $0.15
*** FLOP *** [Ad 9c 5s]
Scooty2Hotty: checks 
Hass0342: bets $0.15
cocoon2009: folds 
Scooty2Hotty: folds 
Uncalled bet ($0.15) returned to Hass0342
Hass0342 collected $0.62 from pot
*** SUMMARY ***
Total pot $0.65 | Rake $0.03 
Board [Ad 9c 5s]
Seat 1: Hass0342 collected ($0.62)
Seat 2: cocoon2009 (button) folded on the Flop
Seat 3: Scooty2Hotty (small blind) folded on the Flop
Seat 4: Rafael B. II (big blind) folded before Flop
Seat 5: Lorpugo folded before Flop (didn't bet)



PokerStars Hand #239738233874:  Hold'em No Limit ($0.02/$0.05 USD) - 2022/11/08 16:13:47 ET
Table 'Eurymedon IV' 6-max Seat #3 is the button
Seat 1: Hass0342 ($3.75 in chips) 
Seat 2: cocoon2009 ($3.64 in chips) 
Seat 3: Scooty2Hotty ($5.49 in chips) 
Seat 4: Rafael B. II ($5 in chips) 
Seat 5: Lorpugo ($4.08 in chips) 
Rafael B. II: posts small blind $0.02
Lorpugo: posts big blind $0.05
*** HOLE CARDS ***
Dealt to Lorpugo [4d Th]
Hass0342: folds 
cocoon2009: folds 
Scooty2Hotty: folds 
Rafael B. II: raises $0.10 to $0.15
Lorpugo: folds 
Uncalled bet ($0.10) returned to Rafael B. II
Rafael B. II collected $0.10 from pot
Rafael B. II: doesn't show hand 
*** SUMMARY ***
Total pot $0.10 | Rake $0 
Seat 1: Hass0342 folded before Flop (didn't bet)
Seat 2: cocoon2009 folded before Flop (didn't bet)
Seat 3: Scooty2Hotty (button) folded before Flop (didn't bet)
Seat 4: Rafael B. II (small blind) collected ($0.10)
Seat 5: Lorpugo (big blind) folded before Flop



PokerStars Hand #239738243716:  Hold'em No Limit ($0.02/$0.05 USD) - 2022/11/08 16:14:08 ET
Table 'Eurymedon IV' 6-max Seat #4 is the button
Seat 1: Hass0342 ($3.75 in chips) 
Seat 2: cocoon2009 ($3.64 in chips) 
Seat 3: Scooty2Hotty ($5.49 in chips) 
Seat 4: Rafael B. II ($5.05 in chips) 
Seat 5: Lorpugo ($4.03 in chips) 
Lorpugo: posts small blind $0.02
Hass0342: posts big blind $0.05
*** HOLE CARDS ***
Dealt to Lorpugo [9c 8c]
cocoon2009: folds 
Scooty2Hotty: folds 
Rafael B. II: folds 
Lorpugo: raises $0.10 to $0.15
Hass0342: folds 
Uncalled bet ($0.10) returned to Lorpugo
Lorpugo collected $0.10 from pot
ContinentalOp leaves the table
Lorpugo: doesn't show hand 
*** SUMMARY ***
Total pot $0.10 | Rake $0 
Seat 1: Hass0342 (big blind) folded before Flop
Seat 2: cocoon2009 folded before Flop (didn't bet)
Seat 3: Scooty2Hotty folded before Flop (didn't bet)
Seat 4: Rafael B. II (button) folded before Flop (didn't bet)
Seat 5: Lorpugo (small blind) collected ($0.10)



PokerStars Hand #239738248836:  Hold'em No Limit ($0.02/$0.05 USD) - 2022/11/08 16:14:18 ET
Table 'Eurymedon IV' 6-max Seat #5 is the button
Seat 1: Hass0342 ($3.70 in chips) 
Seat 2: cocoon2009 ($3.64 in chips) 
Seat 3: Scooty2Hotty ($5.49 in chips) 
Seat 4: Rafael B. II ($5.05 in chips) 
Seat 5: Lorpugo ($4.08 in chips) 
Hass0342: posts small blind $0.02
cocoon2009: posts big blind $0.05
*** HOLE CARDS ***
Dealt to Lorpugo [Qs Qd]
Scooty2Hotty: folds 
Rafael B. II: folds 
Lorpugo: raises $0.10 to $0.15
Hass0342: folds 
cocoon2009: folds 
Uncalled bet ($0.10) returned to Lorpugo
Lorpugo collected $0.12 from pot
Lorpugo: doesn't show hand 
*** SUMMARY ***
Total pot $0.12 | Rake $0 
Seat 1: Hass0342 (small blind) folded before Flop
Seat 2: cocoon2009 (big blind) folded before Flop
Seat 3: Scooty2Hotty folded before Flop (didn't bet)
Seat 4: Rafael B. II folded before Flop (didn't bet)
Seat 5: Lorpugo (button) collected ($0.12)



PokerStars Hand #239738258667:  Hold'em No Limit ($0.02/$0.05 USD) - 2022/11/08 16:14:39 ET
Table 'Eurymedon IV' 6-max Seat #1 is the button
Seat 1: Hass0342 ($3.68 in chips) 
Seat 2: cocoon2009 ($3.59 in chips) 
Seat 3: Scooty2Hotty ($5.49 in chips) 
Seat 4: Rafael B. II ($5.05 in chips) 
Seat 5: Lorpugo ($4.15 in chips) 
cocoon2009: posts small blind $0.02
Scooty2Hotty: posts big blind $0.05
*** HOLE CARDS ***
Dealt to Lorpugo [7c 3h]
Rafael B. II: folds 
Lorpugo: folds 
Hass0342: folds 
cocoon2009: calls $0.03
Scooty2Hotty: raises $0.10 to $0.15
cocoon2009: folds 
Uncalled bet ($0.10) returned to Scooty2Hotty
Scooty2Hotty collected $0.10 from pot
Scooty2Hotty: doesn't show hand 
*** SUMMARY ***
Total pot $0.10 | Rake $0 
Seat 1: Hass0342 (button) folded before Flop (didn't bet)
Seat 2: cocoon2009 (small blind) folded before Flop
Seat 3: Scooty2Hotty (big blind) collected ($0.10)
Seat 4: Rafael B. II folded before Flop (didn't bet)
Seat 5: Lorpugo folded before Flop (didn't bet)



PokerStars Hand #239738264045:  Hold'em No Limit ($0.02/$0.05 USD) - 2022/11/08 16:14:51 ET
Table 'Eurymedon IV' 6-max Seat #2 is the button
Seat 1: Hass0342 ($3.68 in chips) 
Seat 2: cocoon2009 ($3.54 in chips) 
Seat 3: Scooty2Hotty ($5.54 in chips) 
Seat 4: Rafael B. II ($5.05 in chips) 
Seat 5: Lorpugo ($4.15 in chips) 
Scooty2Hotty: posts small blind $0.02
Rafael B. II: posts big blind $0.05
*** HOLE CARDS ***
Dealt to Lorpugo [3c Tc]
Lorpugo: folds 
Hass0342: folds 
cocoon2009: raises $0.10 to $0.15
Scooty2Hotty: folds 
Rafael B. II: folds 
Uncalled bet ($0.10) returned to cocoon2009
cocoon2009 collected $0.12 from pot
cocoon2009: doesn't show hand 
*** SUMMARY ***
Total pot $0.12 | Rake $0 
Seat 1: Hass0342 folded before Flop (didn't bet)
Seat 2: cocoon2009 (button) collected ($0.12)
Seat 3: Scooty2Hotty (small blind) folded before Flop
Seat 4: Rafael B. II (big blind) folded before Flop
Seat 5: Lorpugo folded before Flop (didn't bet)



PokerStars Hand #239738268330:  Hold'em No Limit ($0.02/$0.05 USD) - 2022/11/08 16:15:00 ET
Table 'Eurymedon IV' 6-max Seat #3 is the button
Seat 1: Hass0342 ($3.68 in chips) 
Seat 2: cocoon2009 ($3.61 in chips) 
Seat 3: Scooty2Hotty ($5.52 in chips) 
Seat 4: Rafael B. II ($5 in chips) 
Seat 5: Lorpugo ($4.15 in chips) 
Rafael B. II: posts small blind $0.02
Lorpugo: posts big blind $0.05
*** HOLE CARDS ***
Dealt to Lorpugo [Qc Ah]
Hass0342: folds 
cocoon2009: raises $0.10 to $0.15
Scooty2Hotty: folds 
Rafael B. II: folds 
Lorpugo: raises $0.32 to $0.47
cocoon2009: calls $0.32
*** FLOP *** [4d 2d 9c]
Lorpugo: checks 
cocoon2009: checks 
*** TURN *** [4d 2d 9c] [Kd]
Maresque joins the table at seat #6 
Lorpugo: bets $0.30
cocoon2009: raises $0.30 to $0.60
Lorpugo: folds 
Uncalled bet ($0.30) returned to cocoon2009
cocoon2009 collected $1.48 from pot
cocoon2009: doesn't show hand 
*** SUMMARY ***
Total pot $1.56 | Rake $0.08 
Board [4d 2d 9c Kd]
Seat 1: Hass0342 folded before Flop (didn't bet)
Seat 2: cocoon2009 collected ($1.48)
Seat 3: Scooty2Hotty (button) folded before Flop (didn't bet)
Seat 4: Rafael B. II (small blind) folded before Flop
Seat 5: Lorpugo (big blind) folded on the Turn



PokerStars Hand #239738288462:  Hold'em No Limit ($0.02/$0.05 USD) - 2022/11/08 16:15:41 ET
Table 'Eurymedon IV' 6-max Seat #4 is the button
Seat 1: Hass0342 ($3.68 in chips) 
Seat 2: cocoon2009 ($4.32 in chips) 
Seat 3: Scooty2Hotty ($5.52 in chips) 
Seat 4: Rafael B. II ($5 in chips) 
Seat 5: Lorpugo ($3.38 in chips) 
Seat 6: Maresque ($5 in chips) 
Lorpugo: posts small blind $0.02
Maresque: posts big blind $0.05
*** HOLE CARDS ***
Dealt to Lorpugo [7s Qc]
Hass0342: folds 
cocoon2009: folds 
Scooty2Hotty: folds 
Rafael B. II: folds 
Lorpugo: raises $0.10 to $0.15
Maresque: folds 
Uncalled bet ($0.10) returned to Lorpugo
Lorpugo collected $0.10 from pot
Lorpugo: doesn't show hand 
*** SUMMARY ***
Total pot $0.10 | Rake $0 
Seat 1: Hass0342 folded before Flop (didn't bet)
Seat 2: cocoon2009 folded before Flop (didn't bet)
Seat 3: Scooty2Hotty folded before Flop (didn't bet)
Seat 4: Rafael B. II (button) folded before Flop (didn't bet)
Seat 5: Lorpugo (small blind) collected ($0.10)
Seat 6: Maresque (big blind) folded before Flop



PokerStars Hand #239738299238:  Hold'em No Limit ($0.02/$0.05 USD) - 2022/11/08 16:16:04 ET
Table 'Eurymedon IV' 6-max Seat #5 is the button
Seat 1: Hass0342 ($3.68 in chips) 
Seat 2: cocoon2009 ($4.32 in chips) 
Seat 3: Scooty2Hotty ($5.52 in chips) 
Seat 4: Rafael B. II ($5 in chips) 
Seat 5: Lorpugo ($3.43 in chips) 
Seat 6: Maresque ($4.95 in chips) 
Maresque: posts small blind $0.02
Hass0342: posts big blind $0.05
*** HOLE CARDS ***
Dealt to Lorpugo [6h 2s]
cocoon2009: folds 
Scooty2Hotty: folds 
Rafael B. II: folds 
Lorpugo: folds 
Maresque: raises $0.07 to $0.12
Hass0342: folds 
Uncalled bet ($0.07) returned to Maresque
Maresque collected $0.10 from pot
Maresque: doesn't show hand 
*** SUMMARY ***
Total pot $0.10 | Rake $0 
Seat 1: Hass0342 (big blind) folded before Flop
Seat 2: cocoon2009 folded before Flop (didn't bet)
Seat 3: Scooty2Hotty folded before Flop (didn't bet)
Seat 4: Rafael B. II folded before Flop (didn't bet)
Seat 5: Lorpugo (button) folded before Flop (didn't bet)
Seat 6: Maresque (small blind) collected ($0.10)



PokerStars Hand #239738307049:  Hold'em No Limit ($0.02/$0.05 USD) - 2022/11/08 16:16:20 ET
Table 'Eurymedon IV' 6-max Seat #6 is the button
Seat 1: Hass0342 ($3.63 in chips) 
Seat 2: cocoon2009 ($4.32 in chips) 
Seat 3: Scooty2Hotty ($5.52 in chips) 
Seat 4: Rafael B. II ($5 in chips) 
Seat 5: Lorpugo ($3.43 in chips) 
Seat 6: Maresque ($5 in chips) 
Hass0342: posts small blind $0.02
cocoon2009: posts big blind $0.05
*** HOLE CARDS ***
Dealt to Lorpugo [4d Ts]
Scooty2Hotty: folds 
Rafael B. II: folds 
Lorpugo: folds 
Maresque: folds 
Hass0342: folds 
Uncalled bet ($0.03) returned to cocoon2009
cocoon2009 collected $0.04 from pot
cocoon2009: doesn't show hand 
*** SUMMARY ***
Total pot $0.04 | Rake $0 
Seat 1: Hass0342 (small blind) folded before Flop
Seat 2: cocoon2009 (big blind) collected ($0.04)
Seat 3: Scooty2Hotty folded before Flop (didn't bet)
Seat 4: Rafael B. II folded before Flop (didn't bet)
Seat 5: Lorpugo folded before Flop (didn't bet)
Seat 6: Maresque (button) folded before Flop (didn't bet)



PokerStars Hand #239738314253:  Hold'em No Limit ($0.02/$0.05 USD) - 2022/11/08 16:16:35 ET
Table 'Eurymedon IV' 6-max Seat #1 is the button
Seat 1: Hass0342 ($3.61 in chips) 
Seat 2: cocoon2009 ($4.34 in chips) 
Seat 3: Scooty2Hotty ($5.52 in chips) 
Seat 4: Rafael B. II ($5 in chips) 
Seat 5: Lorpugo ($3.43 in chips) 
Seat 6: Maresque ($5 in chips) 
cocoon2009: posts small blind $0.02
Scooty2Hotty: posts big blind $0.05
*** HOLE CARDS ***
Dealt to Lorpugo [Qs 5h]
Rafael B. II: folds 
Lorpugo: folds 
Maresque: raises $0.07 to $0.12
Hass0342: folds 
cocoon2009: folds 
Scooty2Hotty: folds 
Uncalled bet ($0.07) returned to Maresque
Maresque collected $0.12 from pot
Maresque: doesn't show hand 
*** SUMMARY ***
Total pot $0.12 | Rake $0 
Seat 1: Hass0342 (button) folded before Flop (didn't bet)
Seat 2: cocoon2009 (small blind) folded before Flop
Seat 3: Scooty2Hotty (big blind) folded before Flop
Seat 4: Rafael B. II folded before Flop (didn't bet)
Seat 5: Lorpugo folded before Flop (didn't bet)
Seat 6: Maresque collected ($0.12)



PokerStars Hand #239738327026:  Hold'em No Limit ($0.02/$0.05 USD) - 2022/11/08 16:17:01 ET
Table 'Eurymedon IV' 6-max Seat #2 is the button
Seat 1: Hass0342 ($3.61 in chips) 
Seat 2: cocoon2009 ($4.32 in chips) 
Seat 3: Scooty2Hotty ($5.47 in chips) 
Seat 4: Rafael B. II ($5 in chips) 
Seat 5: Lorpugo ($3.43 in chips) 
Seat 6: Maresque ($5.07 in chips) 
Scooty2Hotty: posts small blind $0.02
Rafael B. II: posts big blind $0.05
*** HOLE CARDS ***
Dealt to Lorpugo [Kd 5c]
Lorpugo: folds 
Maresque: raises $0.07 to $0.12
Hass0342: folds 
cocoon2009: calls $0.12
Scooty2Hotty: calls $0.10
Rafael B. II: folds 
*** FLOP *** [3s 8c Jd]
Scooty2Hotty: checks 
Maresque: checks 
cocoon2009: bets $0.18
Scooty2Hotty: folds 
Maresque: calls $0.18
*** TURN *** [3s 8c Jd] [Qs]
Maresque: checks 
cocoon2009: bets $0.37
Maresque: calls $0.37
*** RIVER *** [3s 8c Jd Qs] [6c]
Maresque: checks 
cocoon2009: bets $0.45
Maresque: calls $0.45
*** SHOW DOWN ***
cocoon2009: shows [Td Qd] (a pair of Queens)
Maresque: shows [Ks Qc] (a pair of Queens - King kicker)
Maresque collected $2.31 from pot
*** SUMMARY ***
Total pot $2.41 | Rake $0.10 
Board [3s 8c Jd Qs 6c]
Seat 1: Hass0342 folded before Flop (didn't bet)
Seat 2: cocoon2009 (button) showed [Td Qd] and lost with a pair of Queens
Seat 3: Scooty2Hotty (small blind) folded on the Flop
Seat 4: Rafael B. II (big blind) folded before Flop
Seat 5: Lorpugo folded before Flop (didn't bet)
Seat 6: Maresque showed [Ks Qc] and won ($2.31) with a pair of Queens



PokerStars Hand #239738363024:  Hold'em No Limit ($0.02/$0.05 USD) - 2022/11/08 16:18:16 ET
Table 'Eurymedon IV' 6-max Seat #3 is the button
Seat 1: Hass0342 ($3.61 in chips) 
Seat 2: cocoon2009 ($3.20 in chips) 
Seat 3: Scooty2Hotty ($5.35 in chips) 
Seat 4: Rafael B. II ($5 in chips) 
Seat 5: Lorpugo ($3.43 in chips) 
Seat 6: Maresque ($6.26 in chips) 
Rafael B. II: posts small blind $0.02
Lorpugo: posts big blind $0.05
*** HOLE CARDS ***
Dealt to Lorpugo [2c Tc]
Maresque: calls $0.05
Hass0342: folds 
cocoon2009: calls $0.05
Scooty2Hotty: raises $0.20 to $0.25
Rafael B. II: folds 
Lorpugo: folds 
Maresque: folds 
cocoon2009: folds 
Uncalled bet ($0.20) returned to Scooty2Hotty
Scooty2Hotty collected $0.22 from pot
Scooty2Hotty: doesn't show hand 
*** SUMMARY ***
Total pot $0.22 | Rake $0 
Seat 1: Hass0342 folded before Flop (didn't bet)
Seat 2: cocoon2009 folded before Flop
Seat 3: Scooty2Hotty (button) collected ($0.22)
Seat 4: Rafael B. II (small blind) folded before Flop
Seat 5: Lorpugo (big blind) folded before Flop
Seat 6: Maresque folded before Flop



PokerStars Hand #239738378992:  Hold'em No Limit ($0.02/$0.05 USD) - 2022/11/08 16:18:49 ET
Table 'Eurymedon IV' 6-max Seat #4 is the button
Seat 1: Hass0342 ($3.61 in chips) 
Seat 2: cocoon2009 ($3.15 in chips) 
Seat 3: Scooty2Hotty ($5.52 in chips) 
Seat 4: Rafael B. II ($5 in chips) 
Seat 5: Lorpugo ($3.38 in chips) 
Seat 6: Maresque ($6.21 in chips) 
Lorpugo: posts small blind $0.02
Maresque: posts big blind $0.05
*** HOLE CARDS ***
Dealt to Lorpugo [3c 5h]
Hass0342: folds 
cocoon2009: calls $0.05
Scooty2Hotty: folds 
Rafael B. II: raises $0.15 to $0.20
Lorpugo: folds 
Maresque: raises $0.35 to $0.55
cocoon2009: folds 
Rafael B. II: folds 
Uncalled bet ($0.35) returned to Maresque
Maresque collected $0.47 from pot
Maresque: doesn't show hand 
*** SUMMARY ***
Total pot $0.47 | Rake $0 
Seat 1: Hass0342 folded before Flop (didn't bet)
Seat 2: cocoon2009 folded before Flop
Seat 3: Scooty2Hotty folded before Flop (didn't bet)
Seat 4: Rafael B. II (button) folded before Flop
Seat 5: Lorpugo (small blind) folded before Flop
Seat 6: Maresque (big blind) collected ($0.47)



PokerStars Hand #239738396083:  Hold'em No Limit ($0.02/$0.05 USD) - 2022/11/08 16:19:24 ET
Table 'Eurymedon IV' 6-max Seat #5 is the button
Seat 1: Hass0342 ($3.61 in chips) 
Seat 2: cocoon2009 ($3.10 in chips) 
Seat 3: Scooty2Hotty ($5.52 in chips) 
Seat 4: Rafael B. II ($5 in chips) 
Seat 5: Lorpugo ($3.36 in chips) 
Seat 6: Maresque ($6.48 in chips) 
Maresque: posts small blind $0.02
Hass0342: posts big blind $0.05
*** HOLE CARDS ***
Dealt to Lorpugo [5d 7c]
cocoon2009: raises $0.10 to $0.15
Scooty2Hotty: folds 
Rafael B. II: folds 
Lorpugo: folds 
Maresque: calls $0.13
Hass0342: folds 
*** FLOP *** [Jc 9h Js]
Maresque: checks 
cocoon2009: bets $0.17
Maresque: raises $0.23 to $0.40
cocoon2009: calls $0.23
*** TURN *** [Jc 9h Js] [9d]
Maresque: checks 
cocoon2009: checks 
*** RIVER *** [Jc 9h Js 9d] [Jh]
Maresque: bets $1
cocoon2009: calls $1
*** SHOW DOWN ***
Maresque: shows [Jd As] (four of a kind, Jacks)
cocoon2009: mucks hand 
Maresque collected $3.02 from pot
*** SUMMARY ***
Total pot $3.15 | Rake $0.13 
Board [Jc 9h Js 9d Jh]
Seat 1: Hass0342 (big blind) folded before Flop
Seat 2: cocoon2009 mucked [3h 3c]
Seat 3: Scooty2Hotty folded before Flop (didn't bet)
Seat 4: Rafael B. II folded before Flop (didn't bet)
Seat 5: Lorpugo (button) folded before Flop (didn't bet)
Seat 6: Maresque (small blind) showed [Jd As] and won ($3.02) with four of a kind, Jacks



PokerStars Hand #239738427462:  Hold'em No Limit ($0.02/$0.05 USD) - 2022/11/08 16:20:30 ET
Table 'Eurymedon IV' 6-max Seat #6 is the button
Seat 1: Hass0342 ($3.56 in chips) 
Seat 2: cocoon2009 ($1.55 in chips) 
Seat 3: Scooty2Hotty ($5.52 in chips) 
Seat 4: Rafael B. II ($5 in chips) 
Seat 5: Lorpugo ($3.36 in chips) 
Seat 6: Maresque ($7.95 in chips) 
Hass0342: posts small blind $0.02
cocoon2009: posts big blind $0.05
*** HOLE CARDS ***
Dealt to Lorpugo [Jc Qs]
Scooty2Hotty: folds 
Rafael B. II: folds 
Lorpugo: raises $0.10 to $0.15
Maresque: calls $0.15
Hass0342: folds 
cocoon2009: calls $0.10
*** FLOP *** [3d Jh 7h]
cocoon2009: checks 
Lorpugo: checks 
Maresque: bets $0.20
cocoon2009: folds 
Lorpugo: calls $0.20
*** TURN *** [3d Jh 7h] [7d]
Lorpugo: checks 
Maresque: bets $0.35
Lorpugo: calls $0.35
*** RIVER *** [3d Jh 7h 7d] [6h]
Lorpugo: checks 
Maresque: checks 
*** SHOW DOWN ***
Lorpugo: shows [Jc Qs] (two pair, Jacks and Sevens)
Maresque: mucks hand 
Lorpugo collected $1.50 from pot
*** SUMMARY ***
Total pot $1.57 | Rake $0.07 
Board [3d Jh 7h 7d 6h]
Seat 1: Hass0342 (small blind) folded before Flop
Seat 2: cocoon2009 (big blind) folded on the Flop
Seat 3: Scooty2Hotty folded before Flop (didn't bet)
Seat 4: Rafael B. II folded before Flop (didn't bet)
Seat 5: Lorpugo showed [Jc Qs] and won ($1.50) with two pair, Jacks and Sevens
Seat 6: Maresque (button) mucked [8d Jd]



PokerStars Hand #239738454011:  Hold'em No Limit ($0.02/$0.05 USD) - 2022/11/08 16:21:26 ET
Table 'Eurymedon IV' 6-max Seat #1 is the button
Seat 1: Hass0342 ($3.54 in chips) 
Seat 2: cocoon2009 ($1.40 in chips) 
Seat 3: Scooty2Hotty ($5.52 in chips) 
Seat 4: Rafael B. II ($5 in chips) 
Seat 5: Lorpugo ($4.16 in chips) 
Seat 6: Maresque ($7.25 in chips) 
cocoon2009: posts small blind $0.02
Scooty2Hotty: posts big blind $0.05
*** HOLE CARDS ***
Dealt to Lorpugo [8d Qd]
Rafael B. II: folds 
Lorpugo: raises $0.10 to $0.15
Maresque: folds 
Hass0342: folds 
cocoon2009: calls $0.13
Scooty2Hotty: calls $0.10
*** FLOP *** [Ac 6c Qs]
cocoon2009: checks 
Scooty2Hotty: checks 
Lorpugo: bets $0.14
cocoon2009: folds 
Scooty2Hotty: folds 
Uncalled bet ($0.14) returned to Lorpugo
Lorpugo collected $0.43 from pot
Lorpugo: doesn't show hand 
*** SUMMARY ***
Total pot $0.45 | Rake $0.02 
Board [Ac 6c Qs]
Seat 1: Hass0342 (button) folded before Flop (didn't bet)
Seat 2: cocoon2009 (small blind) folded on the Flop
Seat 3: Scooty2Hotty (big blind) folded on the Flop
Seat 4: Rafael B. II folded before Flop (didn't bet)
Seat 5: Lorpugo collected ($0.43)
Seat 6: Maresque folded before Flop (didn't bet)



PokerStars Hand #239738468137:  Hold'em No Limit ($0.02/$0.05 USD) - 2022/11/08 16:21:55 ET
Table 'Eurymedon IV' 6-max Seat #2 is the button
Seat 1: Hass0342 ($3.54 in chips) 
Seat 2: cocoon2009 ($1.25 in chips) 
Seat 3: Scooty2Hotty ($5.37 in chips) 
Seat 5: Lorpugo ($4.44 in chips) 
Seat 6: Maresque ($7.25 in chips) 
Scooty2Hotty: posts small blind $0.02
Rafael B. II: is sitting out 
Lorpugo: posts big blind $0.05
*** HOLE CARDS ***
Dealt to Lorpugo [6s Ks]
Rafael B. II leaves the table
Maresque: raises $0.07 to $0.12
masterok01 joins the table at seat #4 
Hass0342: folds 
cocoon2009: calls $0.12
Scooty2Hotty: folds 
Lorpugo: calls $0.07
*** FLOP *** [Qh Ts 8s]
Lorpugo: checks 
Maresque: bets $0.15
cocoon2009: folds 
Lorpugo: calls $0.15
*** TURN *** [Qh Ts 8s] [Td]
Lorpugo: checks 
Maresque: checks 
*** RIVER *** [Qh Ts 8s Td] [Th]
Lorpugo: bets $0.35
Maresque: folds 
Uncalled bet ($0.35) returned to Lorpugo
Lorpugo collected $0.65 from pot
Lorpugo: doesn't show hand 
*** SUMMARY ***
Total pot $0.68 | Rake $0.03 
Board [Qh Ts 8s Td Th]
Seat 1: Hass0342 folded before Flop (didn't bet)
Seat 2: cocoon2009 (button) folded on the Flop
Seat 3: Scooty2Hotty (small blind) folded before Flop
Seat 5: Lorpugo (big blind) collected ($0.65)
Seat 6: Maresque folded on the River



PokerStars Hand #239738499014:  Hold'em No Limit ($0.02/$0.05 USD) - 2022/11/08 16:23:00 ET
Table 'Eurymedon IV' 6-max Seat #3 is the button
Seat 1: Hass0342 ($3.54 in chips) 
Seat 2: cocoon2009 ($1.13 in chips) 
Seat 3: Scooty2Hotty ($5.35 in chips) 
Seat 5: Lorpugo ($4.82 in chips) 
Seat 6: Maresque ($6.98 in chips) 
Lorpugo: posts small blind $0.02
Maresque: posts big blind $0.05
*** HOLE CARDS ***
Dealt to Lorpugo [5h 2h]
Hass0342: folds 
cocoon2009: calls $0.05
Scooty2Hotty: folds 
Lorpugo: calls $0.03
Maresque: checks 
*** FLOP *** [3d 5d Jc]
Lorpugo: bets $0.07
Maresque: calls $0.07
cocoon2009: calls $0.07
*** TURN *** [3d 5d Jc] [Kh]
Lorpugo: checks 
Maresque: checks 
cocoon2009: bets $0.35
Lorpugo: folds 
Maresque: folds 
Uncalled bet ($0.35) returned to cocoon2009
cocoon2009 collected $0.35 from pot
cocoon2009: doesn't show hand 
*** SUMMARY ***
Total pot $0.36 | Rake $0.01 
Board [3d 5d Jc Kh]
Seat 1: Hass0342 folded before Flop (didn't bet)
Seat 2: cocoon2009 collected ($0.35)
Seat 3: Scooty2Hotty (button) folded before Flop (didn't bet)
Seat 5: Lorpugo (small blind) folded on the Turn
Seat 6: Maresque (big blind) folded on the Turn



PokerStars Hand #239738526878:  Hold'em No Limit ($0.02/$0.05 USD) - 2022/11/08 16:23:59 ET
Table 'Eurymedon IV' 6-max Seat #5 is the button
Seat 1: Hass0342 ($3.54 in chips) 
Seat 2: cocoon2009 ($1.36 in chips) 
Seat 3: Scooty2Hotty ($5.35 in chips) 
Seat 5: Lorpugo ($4.70 in chips) 
Seat 6: Maresque ($6.86 in chips) 
Maresque: posts small blind $0.02
Hass0342: posts big blind $0.05
masterok01: sits out 
*** HOLE CARDS ***
Dealt to Lorpugo [6c 5s]
cocoon2009: folds 
Scooty2Hotty: folds 
Lorpugo: raises $0.10 to $0.15
Maresque: calls $0.13
Hass0342: calls $0.10
*** FLOP *** [7s Ad 7c]
Maresque: checks 
Hass0342: checks 
Lorpugo: bets $0.14
Maresque: folds 
Hass0342: folds 
Uncalled bet ($0.14) returned to Lorpugo
Lorpugo collected $0.43 from pot
Lorpugo: doesn't show hand 
*** SUMMARY ***
Total pot $0.45 | Rake $0.02 
Board [7s Ad 7c]
Seat 1: Hass0342 (big blind) folded on the Flop
Seat 2: cocoon2009 folded before Flop (didn't bet)
Seat 3: Scooty2Hotty folded before Flop (didn't bet)
Seat 5: Lorpugo (button) collected ($0.43)
Seat 6: Maresque (small blind) folded on the Flop



PokerStars Hand #239738548919:  Hold'em No Limit ($0.02/$0.05 USD) - 2022/11/08 16:24:46 ET
Table 'Eurymedon IV' 6-max Seat #6 is the button
Seat 1: Hass0342 ($3.39 in chips) 
Seat 2: cocoon2009 ($1.36 in chips) 
Seat 3: Scooty2Hotty ($5.35 in chips) 
Seat 5: Lorpugo ($4.98 in chips) 
Seat 6: Maresque ($6.71 in chips) 
Hass0342: posts small blind $0.02
cocoon2009: posts big blind $0.05
masterok01: sits out 
*** HOLE CARDS ***
Dealt to Lorpugo [2d 4s]
Scooty2Hotty: folds 
Lorpugo: folds 
Maresque: folds 
Hass0342: folds 
Uncalled bet ($0.03) returned to cocoon2009
cocoon2009 collected $0.04 from pot
cocoon2009: doesn't show hand 
*** SUMMARY ***
Total pot $0.04 | Rake $0 
Seat 1: Hass0342 (small blind) folded before Flop
Seat 2: cocoon2009 (big blind) collected ($0.04)
Seat 3: Scooty2Hotty folded before Flop (didn't bet)
Seat 5: Lorpugo folded before Flop (didn't bet)
Seat 6: Maresque (button) folded before Flop (didn't bet)



PokerStars Hand #239738554111:  Hold'em No Limit ($0.02/$0.05 USD) - 2022/11/08 16:24:57 ET
Table 'Eurymedon IV' 6-max Seat #1 is the button
Seat 1: Hass0342 ($3.37 in chips) 
Seat 2: cocoon2009 ($1.38 in chips) 
Seat 3: Scooty2Hotty ($5.35 in chips) 
Seat 5: Lorpugo ($4.98 in chips) 
Seat 6: Maresque ($6.71 in chips) 
cocoon2009: posts small blind $0.02
Scooty2Hotty: posts big blind $0.05
masterok01: sits out 
*** HOLE CARDS ***
Dealt to Lorpugo [3h Jd]
Lorpugo: folds 
Maresque: folds 
Hass0342: folds 
cocoon2009: calls $0.03
Scooty2Hotty: raises $0.10 to $0.15
cocoon2009: calls $0.10
*** FLOP *** [3s 7d 5s]
cocoon2009: checks 
Scooty2Hotty: bets $0.15
cocoon2009: calls $0.15
*** TURN *** [3s 7d 5s] [Js]
cocoon2009: checks 
Scooty2Hotty: checks 
*** RIVER *** [3s 7d 5s Js] [Kd]
cocoon2009: bets $0.29
Scooty2Hotty: folds 
Uncalled bet ($0.29) returned to cocoon2009
cocoon2009 collected $0.58 from pot
cocoon2009: doesn't show hand 
*** SUMMARY ***
Total pot $0.60 | Rake $0.02 
Board [3s 7d 5s Js Kd]
Seat 1: Hass0342 (button) folded before Flop (didn't bet)
Seat 2: cocoon2009 (small blind) collected ($0.58)
Seat 3: Scooty2Hotty (big blind) folded on the River
Seat 5: Lorpugo folded before Flop (didn't bet)
Seat 6: Maresque folded before Flop (didn't bet)



PokerStars Hand #239738572852:  Hold'em No Limit ($0.02/$0.05 USD) - 2022/11/08 16:25:37 ET
Table 'Eurymedon IV' 6-max Seat #2 is the button
Seat 1: Hass0342 ($3.37 in chips) 
Seat 2: cocoon2009 ($1.66 in chips) 
Seat 3: Scooty2Hotty ($5.05 in chips) 
Seat 4: masterok01 ($5 in chips) 
Seat 5: Lorpugo ($4.98 in chips) 
Seat 6: Maresque ($6.71 in chips) 
Scooty2Hotty: posts small blind $0.02
masterok01: posts big blind $0.05
*** HOLE CARDS ***
Dealt to Lorpugo [Qc Qd]
Lorpugo: raises $0.10 to $0.15
Maresque: folds 
Hass0342: folds 
cocoon2009: folds 
Scooty2Hotty: folds 
masterok01: calls $0.10
*** FLOP *** [Ks 6d 4h]
masterok01: checks 
Lorpugo: checks 
*** TURN *** [Ks 6d 4h] [3h]
masterok01: bets $0.22
Lorpugo: calls $0.22
*** RIVER *** [Ks 6d 4h 3h] [6s]
masterok01: bets $0.48
Lorpugo: folds 
Uncalled bet ($0.48) returned to masterok01
masterok01 collected $0.73 from pot
masterok01: doesn't show hand 
*** SUMMARY ***
Total pot $0.76 | Rake $0.03 
Board [Ks 6d 4h 3h 6s]
Seat 1: Hass0342 folded before Flop (didn't bet)
Seat 2: cocoon2009 (button) folded before Flop (didn't bet)
Seat 3: Scooty2Hotty (small blind) folded before Flop
Seat 4: masterok01 (big blind) collected ($0.73)
Seat 5: Lorpugo folded on the River
Seat 6: Maresque folded before Flop (didn't bet)



PokerStars Hand #239738590189:  Hold'em No Limit ($0.02/$0.05 USD) - 2022/11/08 16:26:15 ET
Table 'Eurymedon IV' 6-max Seat #3 is the button
Seat 1: Hass0342 ($3.37 in chips) 
Seat 2: cocoon2009 ($1.66 in chips) 
Seat 3: Scooty2Hotty ($5.03 in chips) 
Seat 4: masterok01 ($5.36 in chips) 
Seat 5: Lorpugo ($4.61 in chips) 
Seat 6: Maresque ($6.71 in chips) 
masterok01: posts small blind $0.02
Lorpugo: posts big blind $0.05
*** HOLE CARDS ***
Dealt to Lorpugo [9c Kc]
Maresque: folds 
Hass0342: folds 
cocoon2009: folds 
Scooty2Hotty: folds 
masterok01: folds 
Uncalled bet ($0.03) returned to Lorpugo
Lorpugo collected $0.04 from pot
Lorpugo: doesn't show hand 
*** SUMMARY ***
Total pot $0.04 | Rake $0 
Seat 1: Hass0342 folded before Flop (didn't bet)
Seat 2: cocoon2009 folded before Flop (didn't bet)
Seat 3: Scooty2Hotty (button) folded before Flop (didn't bet)
Seat 4: masterok01 (small blind) folded before Flop
Seat 5: Lorpugo (big blind) collected ($0.04)
Seat 6: Maresque folded before Flop (didn't bet)



PokerStars Hand #239738595615:  Hold'em No Limit ($0.02/$0.05 USD) - 2022/11/08 16:26:26 ET
Table 'Eurymedon IV' 6-max Seat #4 is the button
Seat 1: Hass0342 ($3.37 in chips) 
Seat 2: cocoon2009 ($1.66 in chips) 
Seat 3: Scooty2Hotty ($5.03 in chips) 
Seat 4: masterok01 ($5.34 in chips) 
Seat 5: Lorpugo ($4.63 in chips) 
Seat 6: Maresque ($6.71 in chips) 
Lorpugo: posts small blind $0.02
Maresque: posts big blind $0.05
*** HOLE CARDS ***
Dealt to Lorpugo [4d 5c]
Hass0342: folds 
cocoon2009: calls $0.05
Scooty2Hotty: folds 
masterok01: folds 
Lorpugo: folds 
Maresque: checks 
*** FLOP *** [Qs 3d 7c]
Maresque: checks 
cocoon2009: bets $0.12
Maresque: folds 
Uncalled bet ($0.12) returned to cocoon2009
cocoon2009 collected $0.12 from pot
cocoon2009: doesn't show hand 
*** SUMMARY ***
Total pot $0.12 | Rake $0 
Board [Qs 3d 7c]
Seat 1: Hass0342 folded before Flop (didn't bet)
Seat 2: cocoon2009 collected ($0.12)
Seat 3: Scooty2Hotty folded before Flop (didn't bet)
Seat 4: masterok01 (button) folded before Flop (didn't bet)
Seat 5: Lorpugo (small blind) folded before Flop
Seat 6: Maresque (big blind) folded on the Flop



PokerStars Hand #239738608035:  Hold'em No Limit ($0.02/$0.05 USD) - 2022/11/08 16:26:53 ET
Table 'Eurymedon IV' 6-max Seat #5 is the button
Seat 1: Hass0342 ($3.37 in chips) 
Seat 2: cocoon2009 ($1.73 in chips) 
Seat 3: Scooty2Hotty ($5.03 in chips) 
Seat 4: masterok01 ($5.34 in chips) 
Seat 5: Lorpugo ($4.61 in chips) 
Seat 6: Maresque ($6.66 in chips) 
Maresque: posts small blind $0.02
Hass0342: posts big blind $0.05
*** HOLE CARDS ***
Dealt to Lorpugo [Kh Jh]
cocoon2009: folds 
Scooty2Hotty: folds 
masterok01: folds 
Lorpugo: raises $0.10 to $0.15
Maresque: folds 
Hass0342: folds 
Uncalled bet ($0.10) returned to Lorpugo
Lorpugo collected $0.12 from pot
Lorpugo: doesn't show hand 
*** SUMMARY ***
Total pot $0.12 | Rake $0 
Seat 1: Hass0342 (big blind) folded before Flop
Seat 2: cocoon2009 folded before Flop (didn't bet)
Seat 3: Scooty2Hotty folded before Flop (didn't bet)
Seat 4: masterok01 folded before Flop (didn't bet)
Seat 5: Lorpugo (button) collected ($0.12)
Seat 6: Maresque (small blind) folded before Flop



PokerStars Hand #239738616493:  Hold'em No Limit ($0.02/$0.05 USD) - 2022/11/08 16:27:11 ET
Table 'Eurymedon IV' 6-max Seat #6 is the button
Seat 1: Hass0342 ($3.32 in chips) 
Seat 2: cocoon2009 ($1.73 in chips) 
Seat 3: Scooty2Hotty ($5.03 in chips) 
Seat 4: masterok01 ($5.34 in chips) 
Seat 5: Lorpugo ($4.68 in chips) 
Seat 6: Maresque ($6.64 in chips) 
Hass0342: posts small blind $0.02
cocoon2009: posts big blind $0.05
*** HOLE CARDS ***
Dealt to Lorpugo [Qd 2d]
Scooty2Hotty: folds 
masterok01: folds 
Lorpugo: folds 
Maresque: raises $0.07 to $0.12
Hass0342: folds 
cocoon2009: folds 
Uncalled bet ($0.07) returned to Maresque
Maresque collected $0.12 from pot
Maresque: doesn't show hand 
*** SUMMARY ***
Total pot $0.12 | Rake $0 
Seat 1: Hass0342 (small blind) folded before Flop
Seat 2: cocoon2009 (big blind) folded before Flop
Seat 3: Scooty2Hotty folded before Flop (didn't bet)
Seat 4: masterok01 folded before Flop (didn't bet)
Seat 5: Lorpugo folded before Flop (didn't bet)
Seat 6: Maresque (button) collected ($0.12)



PokerStars Hand #239738626533:  Hold'em No Limit ($0.02/$0.05 USD) - 2022/11/08 16:27:33 ET
Table 'Eurymedon IV' 6-max Seat #1 is the button
Seat 1: Hass0342 ($3.30 in chips) 
Seat 2: cocoon2009 ($1.68 in chips) 
Seat 3: Scooty2Hotty ($5.03 in chips) 
Seat 4: masterok01 ($5.34 in chips) 
Seat 5: Lorpugo ($4.68 in chips) 
Seat 6: Maresque ($6.71 in chips) 
cocoon2009: posts small blind $0.02
Scooty2Hotty: posts big blind $0.05
*** HOLE CARDS ***
Dealt to Lorpugo [Jc Tc]
masterok01: folds 
Lorpugo: raises $0.10 to $0.15
Maresque: folds 
Hass0342: raises $0.10 to $0.25
cocoon2009: folds 
Scooty2Hotty: folds 
Lorpugo: calls $0.10
*** FLOP *** [Qd Js 9h]
Lorpugo: checks 
Hass0342: bets $0.23
Lorpugo: raises $4.20 to $4.43 and is all-in
Hass0342: folds 
Uncalled bet ($4.20) returned to Lorpugo
Lorpugo collected $0.99 from pot
Lorpugo: doesn't show hand 
*** SUMMARY ***
Total pot $1.03 | Rake $0.04 
Board [Qd Js 9h]
Seat 1: Hass0342 (button) folded on the Flop
Seat 2: cocoon2009 (small blind) folded before Flop
Seat 3: Scooty2Hotty (big blind) folded before Flop
Seat 4: masterok01 folded before Flop (didn't bet)
Seat 5: Lorpugo collected ($0.99)
Seat 6: Maresque folded before Flop (didn't bet)



PokerStars Hand #239738649706:  Hold'em No Limit ($0.02/$0.05 USD) - 2022/11/08 16:28:23 ET
Table 'Eurymedon IV' 6-max Seat #2 is the button
Seat 1: Hass0342 ($2.82 in chips) 
Seat 2: cocoon2009 ($1.66 in chips) 
Seat 3: Scooty2Hotty ($5 in chips) 
Seat 4: masterok01 ($5.34 in chips) 
Seat 5: Lorpugo ($5.19 in chips) 
Seat 6: Maresque ($6.71 in chips) 
Scooty2Hotty: posts small blind $0.02
masterok01: posts big blind $0.05
*** HOLE CARDS ***
Dealt to Lorpugo [3s 9c]
Lorpugo: folds 
Maresque: folds 
Hass0342: folds 
cocoon2009: calls $0.05
Scooty2Hotty: raises $0.15 to $0.20
masterok01: folds 
cocoon2009: folds 
Uncalled bet ($0.15) returned to Scooty2Hotty
Scooty2Hotty collected $0.15 from pot
Scooty2Hotty: doesn't show hand 
*** SUMMARY ***
Total pot $0.15 | Rake $0 
Seat 1: Hass0342 folded before Flop (didn't bet)
Seat 2: cocoon2009 (button) folded before Flop
Seat 3: Scooty2Hotty (small blind) collected ($0.15)
Seat 4: masterok01 (big blind) folded before Flop
Seat 5: Lorpugo folded before Flop (didn't bet)
Seat 6: Maresque folded before Flop (didn't bet)



PokerStars Hand #239738660318:  Hold'em No Limit ($0.02/$0.05 USD) - 2022/11/08 16:28:46 ET
Table 'Eurymedon IV' 6-max Seat #3 is the button
Seat 1: Hass0342 ($2.82 in chips) 
Seat 2: cocoon2009 ($1.61 in chips) 
Seat 3: Scooty2Hotty ($5.10 in chips) 
Seat 4: masterok01 ($5.29 in chips) 
Seat 5: Lorpugo ($5.19 in chips) 
Seat 6: Maresque ($6.71 in chips) 
masterok01: posts small blind $0.02
Lorpugo: posts big blind $0.05
*** HOLE CARDS ***
Dealt to Lorpugo [3d Qs]
Maresque: folds 
Hass0342 has timed out
Hass0342: folds 
cocoon2009: raises $0.10 to $0.15
Scooty2Hotty: calls $0.15
masterok01: folds 
Lorpugo: folds 
*** FLOP *** [Qd Qh Jh]
cocoon2009: bets $0.18
Scooty2Hotty: folds 
Uncalled bet ($0.18) returned to cocoon2009
cocoon2009 collected $0.35 from pot
cocoon2009: doesn't show hand 
*** SUMMARY ***
Total pot $0.37 | Rake $0.02 
Board [Qd Qh Jh]
Seat 1: Hass0342 folded before Flop (didn't bet)
Seat 2: cocoon2009 collected ($0.35)
Seat 3: Scooty2Hotty (button) folded on the Flop
Seat 4: masterok01 (small blind) folded before Flop
Seat 5: Lorpugo (big blind) folded before Flop
Seat 6: Maresque folded before Flop (didn't bet)



PokerStars Hand #239738675960:  Hold'em No Limit ($0.02/$0.05 USD) - 2022/11/08 16:29:20 ET
Table 'Eurymedon IV' 6-max Seat #4 is the button
Seat 1: Hass0342 ($2.82 in chips) 
Seat 2: cocoon2009 ($1.81 in chips) 
Seat 3: Scooty2Hotty ($5 in chips) 
Seat 4: masterok01 ($5.27 in chips) 
Seat 5: Lorpugo ($5.14 in chips) 
Seat 6: Maresque ($6.71 in chips) 
Lorpugo: posts small blind $0.02
Maresque: posts big blind $0.05
*** HOLE CARDS ***
Dealt to Lorpugo [Th 7h]
Hass0342: calls $0.05
cocoon2009: calls $0.05
Scooty2Hotty: raises $0.20 to $0.25
masterok01: raises $0.45 to $0.70
Lorpugo: folds 
Maresque: folds 
Hass0342: folds 
cocoon2009: folds 
Scooty2Hotty: calls $0.45
*** FLOP *** [Kc Qs Td]
Scooty2Hotty: checks 
masterok01: bets $0.30
Scooty2Hotty: raises $0.69 to $0.99
masterok01: folds 
Uncalled bet ($0.69) returned to Scooty2Hotty
Scooty2Hotty collected $2.08 from pot
Scooty2Hotty: doesn't show hand 
*** SUMMARY ***
Total pot $2.17 | Rake $0.09 
Board [Kc Qs Td]
Seat 1: Hass0342 folded before Flop
Seat 2: cocoon2009 folded before Flop
Seat 3: Scooty2Hotty collected ($2.08)
Seat 4: masterok01 (button) folded on the Flop
Seat 5: Lorpugo (small blind) folded before Flop
Seat 6: Maresque (big blind) folded before Flop



PokerStars Hand #239738699817:  Hold'em No Limit ($0.02/$0.05 USD) - 2022/11/08 16:30:11 ET
Table 'Eurymedon IV' 6-max Seat #5 is the button
Seat 1: Hass0342 ($2.77 in chips) 
Seat 2: cocoon2009 ($1.76 in chips) 
Seat 3: Scooty2Hotty ($6.08 in chips) 
Seat 4: masterok01 ($5 in chips) 
Seat 5: Lorpugo ($5.12 in chips) 
Seat 6: Maresque ($6.66 in chips) 
Maresque: posts small blind $0.02
Hass0342: posts big blind $0.05
*** HOLE CARDS ***
Dealt to Lorpugo [3c 7d]
cocoon2009: folds 
Scooty2Hotty: folds 
masterok01: folds 
Lorpugo: folds 
Maresque: folds 
Uncalled bet ($0.03) returned to Hass0342
Hass0342 collected $0.04 from pot
*** SUMMARY ***
Total pot $0.04 | Rake $0 
Seat 1: Hass0342 (big blind) collected ($0.04)
Seat 2: cocoon2009 folded before Flop (didn't bet)
Seat 3: Scooty2Hotty folded before Flop (didn't bet)
Seat 4: masterok01 folded before Flop (didn't bet)
Seat 5: Lorpugo (button) folded before Flop (didn't bet)
Seat 6: Maresque (small blind) folded before Flop



PokerStars Hand #239738707361:  Hold'em No Limit ($0.02/$0.05 USD) - 2022/11/08 16:30:27 ET
Table 'Eurymedon IV' 6-max Seat #6 is the button
Seat 1: Hass0342 ($2.79 in chips) 
Seat 2: cocoon2009 ($1.76 in chips) 
Seat 3: Scooty2Hotty ($6.08 in chips) 
Seat 4: masterok01 ($5 in chips) 
Seat 5: Lorpugo ($5.12 in chips) 
Seat 6: Maresque ($6.64 in chips) 
Hass0342: posts small blind $0.02
cocoon2009: posts big blind $0.05
*** HOLE CARDS ***
Dealt to Lorpugo [3h Td]
Scooty2Hotty: folds 
masterok01: folds 
Lorpugo: folds 
Maresque: folds 
Hass0342: calls $0.03
cocoon2009: checks 
*** FLOP *** [4d Qh Kc]
Hass0342: checks 
cocoon2009: bets $0.05
Hass0342: calls $0.05
*** TURN *** [4d Qh Kc] [Kh]
Hass0342: checks 
cocoon2009: checks 
*** RIVER *** [4d Qh Kc Kh] [3s]
Hass0342: bets $0.19
cocoon2009: raises $0.19 to $0.38
Hass0342: folds 
Uncalled bet ($0.19) returned to cocoon2009
cocoon2009 collected $0.56 from pot
cocoon2009: doesn't show hand 
*** SUMMARY ***
Total pot $0.58 | Rake $0.02 
Board [4d Qh Kc Kh 3s]
Seat 1: Hass0342 (small blind) folded on the River
Seat 2: cocoon2009 (big blind) collected ($0.56)
Seat 3: Scooty2Hotty folded before Flop (didn't bet)
Seat 4: masterok01 folded before Flop (didn't bet)
Seat 5: Lorpugo folded before Flop (didn't bet)
Seat 6: Maresque (button) folded before Flop (didn't bet)



PokerStars Hand #239738727860:  Hold'em No Limit ($0.02/$0.05 USD) - 2022/11/08 16:31:11 ET
Table 'Eurymedon IV' 6-max Seat #1 is the button
Seat 1: Hass0342 ($2.50 in chips) 
Seat 2: cocoon2009 ($2.03 in chips) 
Seat 3: Scooty2Hotty ($6.08 in chips) 
Seat 4: masterok01 ($5 in chips) 
Seat 5: Lorpugo ($5.12 in chips) 
Seat 6: Maresque ($6.64 in chips) 
cocoon2009: posts small blind $0.02
Scooty2Hotty: posts big blind $0.05
*** HOLE CARDS ***
Dealt to Lorpugo [9c Ks]
masterok01: folds 
Lorpugo: folds 
Maresque: raises $0.07 to $0.12
Hass0342: folds 
cocoon2009: calls $0.10
Scooty2Hotty: folds 
*** FLOP *** [8h Js Td]
cocoon2009: checks 
Maresque: checks 
*** TURN *** [8h Js Td] [2h]
cocoon2009: bets $0.14
Maresque: calls $0.14
*** RIVER *** [8h Js Td 2h] [Kh]
cocoon2009: bets $0.28
Maresque: folds 
Uncalled bet ($0.28) returned to cocoon2009
cocoon2009 collected $0.55 from pot
cocoon2009: doesn't show hand 
*** SUMMARY ***
Total pot $0.57 | Rake $0.02 
Board [8h Js Td 2h Kh]
Seat 1: Hass0342 (button) folded before Flop (didn't bet)
Seat 2: cocoon2009 (small blind) collected ($0.55)
Seat 3: Scooty2Hotty (big blind) folded before Flop
Seat 4: masterok01 folded before Flop (didn't bet)
Seat 5: Lorpugo folded before Flop (didn't bet)
Seat 6: Maresque folded on the River



