PokerStars Hand #239649000902:  Hold'em No Limit ($0.01/$0.02 USD) - 2022/11/04 15:09:17 ET
Table 'Strackea III' 6-max Seat #4 is the button
Seat 2: matezernichter ($4.28 in chips) 
Seat 3: Overdiewings ($2.38 in chips) 
Seat 4: kapa6819 ($2.39 in chips) 
Seat 5: ollithetitan ($6.60 in chips) 
Seat 6: Lorpugo ($1.60 in chips) 
ollithetitan: posts small blind $0.01
Lorpugo: posts big blind $0.02
*** HOLE CARDS ***
Dealt to Lorpugo [4s Jd]
matezernichter: folds 
Overdiewings: raises $0.03 to $0.05
kapa6819: calls $0.05
ollithetitan: calls $0.04
Lorpugo: folds 
*** FLOP *** [5d 7h Ah]
ollithetitan: checks 
Overdiewings: checks 
kapa6819: bets $0.08
ollithetitan: folds 
Overdiewings: folds 
Uncalled bet ($0.08) returned to kapa6819
kapa6819 collected $0.16 from pot
*** SUMMARY ***
Total pot $0.17 | Rake $0.01 
Board [5d 7h Ah]
Seat 2: matezernichter folded before Flop (didn't bet)
Seat 3: Overdiewings folded on the Flop
Seat 4: kapa6819 (button) collected ($0.16)
Seat 5: ollithetitan (small blind) folded on the Flop
Seat 6: Lorpugo (big blind) folded before Flop



PokerStars Hand #239649019816:  Hold'em No Limit ($0.01/$0.02 USD) - 2022/11/04 15:10:08 ET
Table 'Strackea III' 6-max Seat #5 is the button
Seat 2: matezernichter ($4.28 in chips) 
Seat 3: Overdiewings ($2.33 in chips) 
Seat 4: kapa6819 ($2.50 in chips) 
Seat 5: ollithetitan ($6.55 in chips) 
Seat 6: Lorpugo ($1.58 in chips) 
Lorpugo: posts small blind $0.01
matezernichter: posts big blind $0.02
*** HOLE CARDS ***
Dealt to Lorpugo [8s 2d]
Overdiewings: folds 
kapa6819: raises $0.04 to $0.06
ollithetitan: folds 
Lorpugo: folds 
matezernichter: folds 
Uncalled bet ($0.04) returned to kapa6819
kapa6819 collected $0.05 from pot
*** SUMMARY ***
Total pot $0.05 | Rake $0 
Seat 2: matezernichter (big blind) folded before Flop
Seat 3: Overdiewings folded before Flop (didn't bet)
Seat 4: kapa6819 collected ($0.05)
Seat 5: ollithetitan (button) folded before Flop (didn't bet)
Seat 6: Lorpugo (small blind) folded before Flop



PokerStars Hand #239649026089:  Hold'em No Limit ($0.01/$0.02 USD) - 2022/11/04 15:10:25 ET
Table 'Strackea III' 6-max Seat #6 is the button
Seat 2: matezernichter ($4.26 in chips) 
Seat 3: Overdiewings ($2.33 in chips) 
Seat 4: kapa6819 ($2.53 in chips) 
Seat 5: ollithetitan ($6.55 in chips) 
Seat 6: Lorpugo ($1.57 in chips) 
matezernichter: posts small blind $0.01
Overdiewings: posts big blind $0.02
*** HOLE CARDS ***
Dealt to Lorpugo [2s 7h]
kapa6819: folds 
ollithetitan: folds 
Lorpugo: folds 
matezernichter: raises $0.04 to $0.06
Overdiewings: folds 
Uncalled bet ($0.04) returned to matezernichter
matezernichter collected $0.04 from pot
matezernichter: doesn't show hand 
*** SUMMARY ***
Total pot $0.04 | Rake $0 
Seat 2: matezernichter (small blind) collected ($0.04)
Seat 3: Overdiewings (big blind) folded before Flop
Seat 4: kapa6819 folded before Flop (didn't bet)
Seat 5: ollithetitan folded before Flop (didn't bet)
Seat 6: Lorpugo (button) folded before Flop (didn't bet)



PokerStars Hand #239649030758:  Hold'em No Limit ($0.01/$0.02 USD) - 2022/11/04 15:10:37 ET
Table 'Strackea III' 6-max Seat #2 is the button
Seat 2: matezernichter ($4.28 in chips) 
Seat 3: Overdiewings ($2.31 in chips) 
Seat 4: kapa6819 ($2.53 in chips) 
Seat 5: ollithetitan ($6.55 in chips) 
Seat 6: Lorpugo ($1.57 in chips) 
Overdiewings: posts small blind $0.01
kapa6819: posts big blind $0.02
*** HOLE CARDS ***
Dealt to Lorpugo [9h As]
ollithetitan: folds 
Lorpugo: raises $0.04 to $0.06
matezernichter: folds 
Overdiewings: raises $0.13 to $0.19
kapa6819: calls $0.17
Lorpugo: folds 
*** FLOP *** [Qh 8c Ts]
Overdiewings: bets $0.13
kapa6819: calls $0.13
*** TURN *** [Qh 8c Ts] [8h]
Overdiewings: checks 
kapa6819: bets $0.34
Overdiewings: calls $0.34
*** RIVER *** [Qh 8c Ts 8h] [5d]
Overdiewings: checks 
kapa6819: checks 
*** SHOW DOWN ***
Overdiewings: shows [Qs Ks] (two pair, Queens and Eights)
kapa6819: mucks hand 
Overdiewings collected $1.33 from pot
*** SUMMARY ***
Total pot $1.38 | Rake $0.05 
Board [Qh 8c Ts 8h 5d]
Seat 2: matezernichter (button) folded before Flop (didn't bet)
Seat 3: Overdiewings (small blind) showed [Qs Ks] and won ($1.33) with two pair, Queens and Eights
Seat 4: kapa6819 (big blind) mucked [Jc Td]
Seat 5: ollithetitan folded before Flop (didn't bet)
Seat 6: Lorpugo folded before Flop



PokerStars Hand #239649056364:  Hold'em No Limit ($0.01/$0.02 USD) - 2022/11/04 15:11:46 ET
Table 'Strackea III' 6-max Seat #3 is the button
Seat 2: matezernichter ($4.28 in chips) 
Seat 3: Overdiewings ($2.98 in chips) 
Seat 4: kapa6819 ($1.87 in chips) 
Seat 5: ollithetitan ($6.55 in chips) 
Seat 6: Lorpugo ($1.51 in chips) 
kapa6819: posts small blind $0.01
ollithetitan: posts big blind $0.02
*** HOLE CARDS ***
Dealt to Lorpugo [Tc 6c]
Lorpugo: folds 
matezernichter: folds 
Overdiewings: folds 
kapa6819: folds 
Uncalled bet ($0.01) returned to ollithetitan
ollithetitan collected $0.02 from pot
ollithetitan: doesn't show hand 
*** SUMMARY ***
Total pot $0.02 | Rake $0 
Seat 2: matezernichter folded before Flop (didn't bet)
Seat 3: Overdiewings (button) folded before Flop (didn't bet)
Seat 4: kapa6819 (small blind) folded before Flop
Seat 5: ollithetitan (big blind) collected ($0.02)
Seat 6: Lorpugo folded before Flop (didn't bet)



PokerStars Hand #239649059448:  Hold'em No Limit ($0.01/$0.02 USD) - 2022/11/04 15:11:54 ET
Table 'Strackea III' 6-max Seat #4 is the button
Seat 2: matezernichter ($4.28 in chips) 
Seat 3: Overdiewings ($2.98 in chips) 
Seat 4: kapa6819 ($1.86 in chips) 
Seat 5: ollithetitan ($6.56 in chips) 
Seat 6: Lorpugo ($1.51 in chips) 
ollithetitan: posts small blind $0.01
Lorpugo: posts big blind $0.02
*** HOLE CARDS ***
Dealt to Lorpugo [5d 3c]
matezernichter: folds 
Overdiewings: folds 
kapa6819: raises $0.04 to $0.06
ollithetitan: folds 
Lorpugo: folds 
Uncalled bet ($0.04) returned to kapa6819
kapa6819 collected $0.05 from pot
*** SUMMARY ***
Total pot $0.05 | Rake $0 
Seat 2: matezernichter folded before Flop (didn't bet)
Seat 3: Overdiewings folded before Flop (didn't bet)
Seat 4: kapa6819 (button) collected ($0.05)
Seat 5: ollithetitan (small blind) folded before Flop
Seat 6: Lorpugo (big blind) folded before Flop



PokerStars Hand #239649065232:  Hold'em No Limit ($0.01/$0.02 USD) - 2022/11/04 15:12:10 ET
Table 'Strackea III' 6-max Seat #5 is the button
Seat 2: matezernichter ($4.28 in chips) 
Seat 3: Overdiewings ($2.98 in chips) 
Seat 4: kapa6819 ($1.89 in chips) 
Seat 5: ollithetitan ($6.55 in chips) 
Seat 6: Lorpugo ($1.49 in chips) 
Lorpugo: posts small blind $0.01
matezernichter: posts big blind $0.02
*** HOLE CARDS ***
Dealt to Lorpugo [9s Ah]
Overdiewings: folds 
kapa6819: folds 
ollithetitan: raises $0.04 to $0.06
Lorpugo: raises $0.14 to $0.20
matezernichter: raises $0.36 to $0.56
ollithetitan: folds 
Lorpugo: folds 
Uncalled bet ($0.36) returned to matezernichter
matezernichter collected $0.46 from pot
matezernichter: doesn't show hand 
*** SUMMARY ***
Total pot $0.46 | Rake $0 
Seat 2: matezernichter (big blind) collected ($0.46)
Seat 3: Overdiewings folded before Flop (didn't bet)
Seat 4: kapa6819 folded before Flop (didn't bet)
Seat 5: ollithetitan (button) folded before Flop
Seat 6: Lorpugo (small blind) folded before Flop



PokerStars Hand #239649076170:  Hold'em No Limit ($0.01/$0.02 USD) - 2022/11/04 15:12:39 ET
Table 'Strackea III' 6-max Seat #6 is the button
Seat 2: matezernichter ($4.54 in chips) 
Seat 3: Overdiewings ($2.98 in chips) 
Seat 4: kapa6819 ($1.89 in chips) 
Seat 5: ollithetitan ($6.49 in chips) 
Seat 6: Lorpugo ($1.29 in chips) 
matezernichter: posts small blind $0.01
Overdiewings: posts big blind $0.02
*** HOLE CARDS ***
Dealt to Lorpugo [7h Jh]
kapa6819: calls $0.02
ollithetitan: folds 
Lorpugo: calls $0.02
matezernichter: folds 
Overdiewings: checks 
*** FLOP *** [Tc 4h 5d]
Overdiewings: checks 
kapa6819: checks 
Lorpugo: checks 
*** TURN *** [Tc 4h 5d] [6d]
Overdiewings: checks 
kapa6819: bets $0.02
Lorpugo: calls $0.02
Overdiewings: calls $0.02
*** RIVER *** [Tc 4h 5d 6d] [5h]
Overdiewings: checks 
kapa6819: checks 
Lorpugo: checks 
*** SHOW DOWN ***
Overdiewings: shows [3h 5c] (three of a kind, Fives)
kapa6819: mucks hand 
Lorpugo: mucks hand 
Overdiewings collected $0.13 from pot
*** SUMMARY ***
Total pot $0.13 | Rake $0 
Board [Tc 4h 5d 6d 5h]
Seat 2: matezernichter (small blind) folded before Flop
Seat 3: Overdiewings (big blind) showed [3h 5c] and won ($0.13) with three of a kind, Fives
Seat 4: kapa6819 mucked [9s 4s]
Seat 5: ollithetitan folded before Flop (didn't bet)
Seat 6: Lorpugo (button) mucked [7h Jh]



PokerStars Hand #239649092497:  Hold'em No Limit ($0.01/$0.02 USD) - 2022/11/04 15:13:23 ET
Table 'Strackea III' 6-max Seat #2 is the button
Seat 2: matezernichter ($4.53 in chips) 
Seat 3: Overdiewings ($3.07 in chips) 
Seat 4: kapa6819 ($1.85 in chips) 
Seat 5: ollithetitan ($6.49 in chips) 
Seat 6: Lorpugo ($1.25 in chips) 
Overdiewings: posts small blind $0.01
kapa6819: posts big blind $0.02
*** HOLE CARDS ***
Dealt to Lorpugo [5s Th]
ollithetitan: folds 
Lorpugo: folds 
matezernichter: folds 
Overdiewings: raises $0.03 to $0.05
kapa6819: folds 
Uncalled bet ($0.03) returned to Overdiewings
Overdiewings collected $0.04 from pot
*** SUMMARY ***
Total pot $0.04 | Rake $0 
Seat 2: matezernichter (button) folded before Flop (didn't bet)
Seat 3: Overdiewings (small blind) collected ($0.04)
Seat 4: kapa6819 (big blind) folded before Flop
Seat 5: ollithetitan folded before Flop (didn't bet)
Seat 6: Lorpugo folded before Flop (didn't bet)



PokerStars Hand #239649096218:  Hold'em No Limit ($0.01/$0.02 USD) - 2022/11/04 15:13:33 ET
Table 'Strackea III' 6-max Seat #3 is the button
Seat 2: matezernichter ($4.53 in chips) 
Seat 3: Overdiewings ($3.09 in chips) 
Seat 4: kapa6819 ($1.83 in chips) 
Seat 5: ollithetitan ($6.49 in chips) 
Seat 6: Lorpugo ($1.25 in chips) 
kapa6819: posts small blind $0.01
ollithetitan: posts big blind $0.02
*** HOLE CARDS ***
Dealt to Lorpugo [Td 8d]
Lorpugo: raises $0.04 to $0.06
matezernichter: raises $0.12 to $0.18
Overdiewings: folds 
kapa6819: folds 
ollithetitan: folds 
Lorpugo: calls $0.12
*** FLOP *** [Kc Qc 6d]
Lorpugo: checks 
matezernichter: bets $0.23
Lorpugo: folds 
Uncalled bet ($0.23) returned to matezernichter
matezernichter collected $0.38 from pot
matezernichter: doesn't show hand 
radupaco is disconnected 
*** SUMMARY ***
Total pot $0.39 | Rake $0.01 
Board [Kc Qc 6d]
Seat 2: matezernichter collected ($0.38)
Seat 3: Overdiewings (button) folded before Flop (didn't bet)
Seat 4: kapa6819 (small blind) folded before Flop
Seat 5: ollithetitan (big blind) folded before Flop
Seat 6: Lorpugo folded on the Flop



PokerStars Hand #239649113329:  Hold'em No Limit ($0.01/$0.02 USD) - 2022/11/04 15:14:19 ET
Table 'Strackea III' 6-max Seat #4 is the button
Seat 2: matezernichter ($4.73 in chips) 
Seat 3: Overdiewings ($3.09 in chips) 
Seat 4: kapa6819 ($1.82 in chips) 
Seat 5: ollithetitan ($6.47 in chips) 
Seat 6: Lorpugo ($1.82 in chips) 
ollithetitan: posts small blind $0.01
Lorpugo: posts big blind $0.02
*** HOLE CARDS ***
Dealt to Lorpugo [3c 9s]
matezernichter: folds 
Overdiewings: raises $0.03 to $0.05
kapa6819: folds 
ollithetitan: folds 
Lorpugo: folds 
Uncalled bet ($0.03) returned to Overdiewings
Overdiewings collected $0.05 from pot
*** SUMMARY ***
Total pot $0.05 | Rake $0 
Seat 2: matezernichter folded before Flop (didn't bet)
Seat 3: Overdiewings collected ($0.05)
Seat 4: kapa6819 (button) folded before Flop (didn't bet)
Seat 5: ollithetitan (small blind) folded before Flop
Seat 6: Lorpugo (big blind) folded before Flop



PokerStars Hand #239649118765:  Hold'em No Limit ($0.01/$0.02 USD) - 2022/11/04 15:14:33 ET
Table 'Strackea III' 6-max Seat #5 is the button
Seat 2: matezernichter ($4.73 in chips) 
Seat 3: Overdiewings ($3.12 in chips) 
Seat 4: kapa6819 ($1.82 in chips) 
Seat 5: ollithetitan ($6.46 in chips) 
Seat 6: Lorpugo ($1.80 in chips) 
Lorpugo: posts small blind $0.01
matezernichter: posts big blind $0.02
*** HOLE CARDS ***
Dealt to Lorpugo [3s 8d]
Overdiewings: folds 
kapa6819: raises $0.02 to $0.04
ollithetitan: calls $0.04
Lorpugo: folds 
matezernichter: folds 
*** FLOP *** [7c 2s Td]
kapa6819: checks 
ollithetitan: bets $0.07
kapa6819: calls $0.07
*** TURN *** [7c 2s Td] [5c]
kapa6819: checks 
ollithetitan: checks 
*** RIVER *** [7c 2s Td 5c] [Ks]
kapa6819: checks 
ollithetitan: checks 
*** SHOW DOWN ***
kapa6819: shows [3c Jc] (high card King)
ollithetitan: shows [8c 7d] (a pair of Sevens)
ollithetitan collected $0.24 from pot
radupaco leaves the table
*** SUMMARY ***
Total pot $0.25 | Rake $0.01 
Board [7c 2s Td 5c Ks]
Seat 2: matezernichter (big blind) folded before Flop
Seat 3: Overdiewings folded before Flop (didn't bet)
Seat 4: kapa6819 showed [3c Jc] and lost with high card King
Seat 5: ollithetitan (button) showed [8c 7d] and won ($0.24) with a pair of Sevens
Seat 6: Lorpugo (small blind) folded before Flop



PokerStars Hand #239649133024:  Hold'em No Limit ($0.01/$0.02 USD) - 2022/11/04 15:15:11 ET
Table 'Strackea III' 6-max Seat #6 is the button
Seat 2: matezernichter ($4.71 in chips) 
Seat 3: Overdiewings ($3.12 in chips) 
Seat 4: kapa6819 ($1.71 in chips) 
Seat 5: ollithetitan ($6.59 in chips) 
Seat 6: Lorpugo ($1.79 in chips) 
matezernichter: posts small blind $0.01
Overdiewings: posts big blind $0.02
*** HOLE CARDS ***
Dealt to Lorpugo [Kd 2s]
kapa6819: raises $0.02 to $0.04
ollithetitan: folds 
Lorpugo: folds 
matezernichter: folds 
Overdiewings: folds 
Uncalled bet ($0.02) returned to kapa6819
kapa6819 collected $0.05 from pot
*** SUMMARY ***
Total pot $0.05 | Rake $0 
Seat 2: matezernichter (small blind) folded before Flop
Seat 3: Overdiewings (big blind) folded before Flop
Seat 4: kapa6819 collected ($0.05)
Seat 5: ollithetitan folded before Flop (didn't bet)
Seat 6: Lorpugo (button) folded before Flop (didn't bet)



PokerStars Hand #239649139603:  Hold'em No Limit ($0.01/$0.02 USD) - 2022/11/04 15:15:28 ET
Table 'Strackea III' 6-max Seat #2 is the button
Seat 2: matezernichter ($4.70 in chips) 
Seat 3: Overdiewings ($3.10 in chips) 
Seat 4: kapa6819 ($1.74 in chips) 
Seat 5: ollithetitan ($6.59 in chips) 
Seat 6: Lorpugo ($1.79 in chips) 
Overdiewings: posts small blind $0.01
kapa6819: posts big blind $0.02
*** HOLE CARDS ***
Dealt to Lorpugo [2s 5c]
ollithetitan: folds 
Lorpugo: folds 
matezernichter: folds 
Overdiewings: folds 
Uncalled bet ($0.01) returned to kapa6819
kapa6819 collected $0.02 from pot
*** SUMMARY ***
Total pot $0.02 | Rake $0 
Seat 2: matezernichter (button) folded before Flop (didn't bet)
Seat 3: Overdiewings (small blind) folded before Flop
Seat 4: kapa6819 (big blind) collected ($0.02)
Seat 5: ollithetitan folded before Flop (didn't bet)
Seat 6: Lorpugo folded before Flop (didn't bet)



PokerStars Hand #239649142831:  Hold'em No Limit ($0.01/$0.02 USD) - 2022/11/04 15:15:37 ET
Table 'Strackea III' 6-max Seat #3 is the button
Seat 2: matezernichter ($4.70 in chips) 
Seat 3: Overdiewings ($3.09 in chips) 
Seat 4: kapa6819 ($1.75 in chips) 
Seat 5: ollithetitan ($6.59 in chips) 
Seat 6: Lorpugo ($1.79 in chips) 
kapa6819: posts small blind $0.01
ollithetitan: posts big blind $0.02
*** HOLE CARDS ***
Dealt to Lorpugo [Kh As]
BukaSenpai joins the table at seat #1 
Lorpugo: raises $0.04 to $0.06
matezernichter: folds 
Overdiewings: folds 
kapa6819: folds 
ollithetitan: folds 
Uncalled bet ($0.04) returned to Lorpugo
Lorpugo collected $0.05 from pot
Lorpugo: doesn't show hand 
*** SUMMARY ***
Total pot $0.05 | Rake $0 
Seat 2: matezernichter folded before Flop (didn't bet)
Seat 3: Overdiewings (button) folded before Flop (didn't bet)
Seat 4: kapa6819 (small blind) folded before Flop
Seat 5: ollithetitan (big blind) folded before Flop
Seat 6: Lorpugo collected ($0.05)



PokerStars Hand #239649149465:  Hold'em No Limit ($0.01/$0.02 USD) - 2022/11/04 15:15:54 ET
Table 'Strackea III' 6-max Seat #4 is the button
Seat 2: matezernichter ($4.70 in chips) 
Seat 3: Overdiewings ($3.09 in chips) 
Seat 4: kapa6819 ($1.74 in chips) 
Seat 5: ollithetitan ($6.57 in chips) 
Seat 6: Lorpugo ($1.82 in chips) 
ollithetitan: posts small blind $0.01
Lorpugo: posts big blind $0.02
BukaSenpai: sits out 
*** HOLE CARDS ***
Dealt to Lorpugo [Th 5s]
matezernichter: folds 
Overdiewings: folds 
kapa6819: folds 
ollithetitan: folds 
Uncalled bet ($0.01) returned to Lorpugo
Lorpugo collected $0.02 from pot
Lorpugo: doesn't show hand 
*** SUMMARY ***
Total pot $0.02 | Rake $0 
Seat 2: matezernichter folded before Flop (didn't bet)
Seat 3: Overdiewings folded before Flop (didn't bet)
Seat 4: kapa6819 (button) folded before Flop (didn't bet)
Seat 5: ollithetitan (small blind) folded before Flop
Seat 6: Lorpugo (big blind) collected ($0.02)



PokerStars Hand #239649151732:  Hold'em No Limit ($0.01/$0.02 USD) - 2022/11/04 15:16:01 ET
Table 'Strackea III' 6-max Seat #5 is the button
Seat 1: BukaSenpai ($2 in chips) 
Seat 2: matezernichter ($4.70 in chips) 
Seat 3: Overdiewings ($3.09 in chips) 
Seat 4: kapa6819 ($1.74 in chips) 
Seat 5: ollithetitan ($6.56 in chips) 
Seat 6: Lorpugo ($1.83 in chips) 
Lorpugo: posts small blind $0.01
BukaSenpai: posts big blind $0.02
*** HOLE CARDS ***
Dealt to Lorpugo [Ac 6h]
matezernichter: folds 
Overdiewings: folds 
kapa6819: calls $0.02
ollithetitan: folds 
Lorpugo: raises $0.08 to $0.10
BukaSenpai: folds 
kapa6819: calls $0.08
*** FLOP *** [6s Ah 6c]
Lorpugo: bets $0.14
kapa6819: calls $0.14
*** TURN *** [6s Ah 6c] [Jh]
Lorpugo: bets $0.16
kapa6819: folds 
Uncalled bet ($0.16) returned to Lorpugo
Lorpugo collected $0.48 from pot
Lorpugo: doesn't show hand 
*** SUMMARY ***
Total pot $0.50 | Rake $0.02 
Board [6s Ah 6c Jh]
Seat 1: BukaSenpai (big blind) folded before Flop
Seat 2: matezernichter folded before Flop (didn't bet)
Seat 3: Overdiewings folded before Flop (didn't bet)
Seat 4: kapa6819 folded on the Turn
Seat 5: ollithetitan (button) folded before Flop (didn't bet)
Seat 6: Lorpugo (small blind) collected ($0.48)



PokerStars Hand #239649171371:  Hold'em No Limit ($0.01/$0.02 USD) - 2022/11/04 15:16:52 ET
Table 'Strackea III' 6-max Seat #6 is the button
Seat 1: BukaSenpai ($2 in chips) 
Seat 2: matezernichter ($4.70 in chips) 
Seat 3: Overdiewings ($3.09 in chips) 
Seat 4: kapa6819 ($1.50 in chips) 
Seat 5: ollithetitan ($6.56 in chips) 
Seat 6: Lorpugo ($2.07 in chips) 
BukaSenpai: posts small blind $0.01
matezernichter: posts big blind $0.02
*** HOLE CARDS ***
Dealt to Lorpugo [2d 2c]
Overdiewings: folds 
kapa6819: raises $0.04 to $0.06
ollithetitan: calls $0.06
Lorpugo: calls $0.06
BukaSenpai: folds 
matezernichter: folds 
*** FLOP *** [6s 2s 5s]
kapa6819: checks 
ollithetitan: bets $0.14
Lorpugo: calls $0.14
kapa6819: folds 
*** TURN *** [6s 2s 5s] [Ks]
ollithetitan: checks 
Lorpugo: bets $0.31
ollithetitan: calls $0.31
*** RIVER *** [6s 2s 5s Ks] [Ad]
ollithetitan: checks 
Lorpugo: checks 
*** SHOW DOWN ***
ollithetitan: shows [Qs Ts] (a flush, King high)
Lorpugo: mucks hand 
ollithetitan collected $1.06 from pot
*** SUMMARY ***
Total pot $1.11 | Rake $0.05 
Board [6s 2s 5s Ks Ad]
Seat 1: BukaSenpai (small blind) folded before Flop
Seat 2: matezernichter (big blind) folded before Flop
Seat 3: Overdiewings folded before Flop (didn't bet)
Seat 4: kapa6819 folded on the Flop
Seat 5: ollithetitan showed [Qs Ts] and won ($1.06) with a flush, King high
Seat 6: Lorpugo (button) mucked [2d 2c]



PokerStars Hand #239649187840:  Hold'em No Limit ($0.01/$0.02 USD) - 2022/11/04 15:17:36 ET
Table 'Strackea III' 6-max Seat #1 is the button
Seat 1: BukaSenpai ($2 in chips) 
Seat 2: matezernichter ($4.68 in chips) 
Seat 3: Overdiewings ($3.09 in chips) 
Seat 4: kapa6819 ($1.44 in chips) 
Seat 5: ollithetitan ($7.11 in chips) 
Seat 6: Lorpugo ($1.56 in chips) 
matezernichter: posts small blind $0.01
Overdiewings: posts big blind $0.02
*** HOLE CARDS ***
Dealt to Lorpugo [2c Qs]
kapa6819: folds 
ollithetitan: folds 
Lorpugo: folds 
BukaSenpai: folds 
matezernichter: raises $0.04 to $0.06
Overdiewings: raises $0.13 to $0.19
matezernichter: calls $0.13
*** FLOP *** [Kd 2s 7s]
matezernichter: checks 
Overdiewings: bets $0.12
matezernichter: folds 
Uncalled bet ($0.12) returned to Overdiewings
Overdiewings collected $0.37 from pot
*** SUMMARY ***
Total pot $0.38 | Rake $0.01 
Board [Kd 2s 7s]
Seat 1: BukaSenpai (button) folded before Flop (didn't bet)
Seat 2: matezernichter (small blind) folded on the Flop
Seat 3: Overdiewings (big blind) collected ($0.37)
Seat 4: kapa6819 folded before Flop (didn't bet)
Seat 5: ollithetitan folded before Flop (didn't bet)
Seat 6: Lorpugo folded before Flop (didn't bet)



PokerStars Hand #239649204630:  Hold'em No Limit ($0.01/$0.02 USD) - 2022/11/04 15:18:21 ET
Table 'Strackea III' 6-max Seat #2 is the button
Seat 1: BukaSenpai ($2 in chips) 
Seat 2: matezernichter ($4.49 in chips) 
Seat 3: Overdiewings ($3.27 in chips) 
Seat 4: kapa6819 ($1.44 in chips) 
Seat 5: ollithetitan ($7.11 in chips) 
Seat 6: Lorpugo ($1.56 in chips) 
Overdiewings: posts small blind $0.01
kapa6819: posts big blind $0.02
*** HOLE CARDS ***
Dealt to Lorpugo [5d 9d]
ollithetitan: folds 
Lorpugo: folds 
BukaSenpai: folds 
matezernichter: folds 
Overdiewings: raises $0.03 to $0.05
kapa6819: calls $0.03
*** FLOP *** [Kc Qh 3d]
Overdiewings: bets $0.04
kapa6819: calls $0.04
*** TURN *** [Kc Qh 3d] [8c]
Overdiewings: bets $0.11
kapa6819: calls $0.11
*** RIVER *** [Kc Qh 3d 8c] [Ks]
Overdiewings: checks 
kapa6819: checks 
*** SHOW DOWN ***
Overdiewings: shows [Ad Ah] (two pair, Aces and Kings)
kapa6819: mucks hand 
Overdiewings collected $0.39 from pot
*** SUMMARY ***
Total pot $0.40 | Rake $0.01 
Board [Kc Qh 3d 8c Ks]
Seat 1: BukaSenpai folded before Flop (didn't bet)
Seat 2: matezernichter (button) folded before Flop (didn't bet)
Seat 3: Overdiewings (small blind) showed [Ad Ah] and won ($0.39) with two pair, Aces and Kings
Seat 4: kapa6819 (big blind) mucked [6h Ac]
Seat 5: ollithetitan folded before Flop (didn't bet)
Seat 6: Lorpugo folded before Flop (didn't bet)



PokerStars Hand #239649218473:  Hold'em No Limit ($0.01/$0.02 USD) - 2022/11/04 15:18:57 ET
Table 'Strackea III' 6-max Seat #3 is the button
Seat 1: BukaSenpai ($2 in chips) 
Seat 2: matezernichter ($4.49 in chips) 
Seat 3: Overdiewings ($3.46 in chips) 
Seat 4: kapa6819 ($1.24 in chips) 
Seat 5: ollithetitan ($7.11 in chips) 
Seat 6: Lorpugo ($1.56 in chips) 
kapa6819: posts small blind $0.01
ollithetitan: posts big blind $0.02
*** HOLE CARDS ***
Dealt to Lorpugo [8h 4d]
Lorpugo: folds 
BukaSenpai: folds 
matezernichter: folds 
Overdiewings has timed out
Overdiewings: folds 
kapa6819: raises $0.04 to $0.06
ollithetitan: calls $0.04
*** FLOP *** [Ks 2h Ad]
Overdiewings is disconnected 
kapa6819: bets $0.04
ollithetitan: calls $0.04
*** TURN *** [Ks 2h Ad] [5c]
kapa6819: bets $0.06
ollithetitan: calls $0.06
*** RIVER *** [Ks 2h Ad 5c] [Ts]
kapa6819: bets $0.31
ollithetitan: folds 
Uncalled bet ($0.31) returned to kapa6819
kapa6819 collected $0.31 from pot
*** SUMMARY ***
Total pot $0.32 | Rake $0.01 
Board [Ks 2h Ad 5c Ts]
Seat 1: BukaSenpai folded before Flop (didn't bet)
Seat 2: matezernichter folded before Flop (didn't bet)
Seat 3: Overdiewings (button) folded before Flop (didn't bet)
Seat 4: kapa6819 (small blind) collected ($0.31)
Seat 5: ollithetitan (big blind) folded on the River
Seat 6: Lorpugo folded before Flop (didn't bet)



PokerStars Hand #239649245595:  Hold'em No Limit ($0.01/$0.02 USD) - 2022/11/04 15:20:09 ET
Table 'Strackea III' 6-max Seat #4 is the button
Seat 1: BukaSenpai ($2 in chips) 
Seat 2: matezernichter ($4.49 in chips) 
Seat 3: Overdiewings ($3.46 in chips) 
Seat 4: kapa6819 ($1.39 in chips) 
Seat 5: ollithetitan ($6.95 in chips) 
Seat 6: Lorpugo ($1.56 in chips) 
ollithetitan: posts small blind $0.01
Lorpugo: posts big blind $0.02
*** HOLE CARDS ***
Dealt to Lorpugo [4h 8h]
BukaSenpai: folds 
matezernichter: folds 
Overdiewings: folds 
kapa6819: calls $0.02
ollithetitan: raises $0.08 to $0.10
Lorpugo: folds 
kapa6819: calls $0.08
*** FLOP *** [Ah 4c 7c]
ollithetitan: bets $0.14
kapa6819: folds 
Uncalled bet ($0.14) returned to ollithetitan
ollithetitan collected $0.21 from pot
ollithetitan: doesn't show hand 
*** SUMMARY ***
Total pot $0.22 | Rake $0.01 
Board [Ah 4c 7c]
Seat 1: BukaSenpai folded before Flop (didn't bet)
Seat 2: matezernichter folded before Flop (didn't bet)
Seat 3: Overdiewings folded before Flop (didn't bet)
Seat 4: kapa6819 (button) folded on the Flop
Seat 5: ollithetitan (small blind) collected ($0.21)
Seat 6: Lorpugo (big blind) folded before Flop



PokerStars Hand #239649256636:  Hold'em No Limit ($0.01/$0.02 USD) - 2022/11/04 15:20:38 ET
Table 'Strackea III' 6-max Seat #5 is the button
Seat 1: BukaSenpai ($2 in chips) 
Seat 2: matezernichter ($4.49 in chips) 
Seat 3: Overdiewings ($3.46 in chips) 
Seat 4: kapa6819 ($1.29 in chips) 
Seat 5: ollithetitan ($7.06 in chips) 
Seat 6: Lorpugo ($1.54 in chips) 
Lorpugo: posts small blind $0.01
BukaSenpai: posts big blind $0.02
*** HOLE CARDS ***
Dealt to Lorpugo [Tc Ah]
matezernichter: folds 
Overdiewings: folds 
kapa6819: folds 
ollithetitan: raises $0.04 to $0.06
Lorpugo: raises $0.14 to $0.20
BukaSenpai: folds 
ollithetitan: calls $0.14
*** FLOP *** [6s 8c 4s]
Lorpugo: checks 
ollithetitan: bets $0.20
Lorpugo: folds 
Uncalled bet ($0.20) returned to ollithetitan
ollithetitan collected $0.41 from pot
ollithetitan: doesn't show hand 
*** SUMMARY ***
Total pot $0.42 | Rake $0.01 
Board [6s 8c 4s]
Seat 1: BukaSenpai (big blind) folded before Flop
Seat 2: matezernichter folded before Flop (didn't bet)
Seat 3: Overdiewings folded before Flop (didn't bet)
Seat 4: kapa6819 folded before Flop (didn't bet)
Seat 5: ollithetitan (button) collected ($0.41)
Seat 6: Lorpugo (small blind) folded on the Flop



PokerStars Hand #239649280788:  Hold'em No Limit ($0.01/$0.02 USD) - 2022/11/04 15:21:42 ET
Table 'Strackea III' 6-max Seat #6 is the button
Seat 1: BukaSenpai ($2 in chips) 
Seat 2: matezernichter ($4.49 in chips) 
Seat 3: Overdiewings ($3.46 in chips) 
Seat 4: kapa6819 ($1.29 in chips) 
Seat 5: ollithetitan ($7.27 in chips) 
Seat 6: Lorpugo ($1.34 in chips) 
BukaSenpai: posts small blind $0.01
matezernichter: posts big blind $0.02
*** HOLE CARDS ***
Dealt to Lorpugo [2c Ts]
Overdiewings: raises $0.03 to $0.05
kapa6819: folds 
ollithetitan: folds 
Lorpugo: folds 
ollithetitan leaves the table
BukaSenpai: folds 
matezernichter: folds 
Uncalled bet ($0.03) returned to Overdiewings
Overdiewings collected $0.05 from pot
*** SUMMARY ***
Total pot $0.05 | Rake $0 
Seat 1: BukaSenpai (small blind) folded before Flop
Seat 2: matezernichter (big blind) folded before Flop
Seat 3: Overdiewings collected ($0.05)
Seat 4: kapa6819 folded before Flop (didn't bet)
Seat 5: ollithetitan folded before Flop (didn't bet)
Seat 6: Lorpugo (button) folded before Flop (didn't bet)



PokerStars Hand #239649285431:  Hold'em No Limit ($0.01/$0.02 USD) - 2022/11/04 15:21:54 ET
Table 'Strackea III' 6-max Seat #1 is the button
Seat 1: BukaSenpai ($2 in chips) 
Seat 2: matezernichter ($4.47 in chips) 
Seat 3: Overdiewings ($3.49 in chips) 
Seat 4: kapa6819 ($1.29 in chips) 
Seat 6: Lorpugo ($1.34 in chips) 
matezernichter: posts small blind $0.01
Overdiewings: posts big blind $0.02
*** HOLE CARDS ***
Dealt to Lorpugo [Ac 2d]
caiogs21 joins the table at seat #5 
kapa6819: raises $0.04 to $0.06
Lorpugo: folds 
BukaSenpai: folds 
matezernichter: folds 
Overdiewings: raises $0.13 to $0.19
kapa6819: calls $0.13
*** FLOP *** [3d Ts 4c]
Overdiewings: checks 
kapa6819: checks 
*** TURN *** [3d Ts 4c] [9s]
Overdiewings: bets $0.17
kapa6819: calls $0.17
*** RIVER *** [3d Ts 4c 9s] [7h]
Overdiewings: bets $0.49
kapa6819: folds 
Uncalled bet ($0.49) returned to Overdiewings
Overdiewings collected $0.70 from pot
*** SUMMARY ***
Total pot $0.73 | Rake $0.03 
Board [3d Ts 4c 9s 7h]
Seat 1: BukaSenpai (button) folded before Flop (didn't bet)
Seat 2: matezernichter (small blind) folded before Flop
Seat 3: Overdiewings (big blind) collected ($0.70)
Seat 4: kapa6819 folded on the River
Seat 6: Lorpugo folded before Flop (didn't bet)



PokerStars Hand #239649302623:  Hold'em No Limit ($0.01/$0.02 USD) - 2022/11/04 15:22:40 ET
Table 'Strackea III' 6-max Seat #2 is the button
Seat 1: BukaSenpai ($2 in chips) 
Seat 2: matezernichter ($4.46 in chips) 
Seat 3: Overdiewings ($3.83 in chips) 
Seat 4: kapa6819 ($0.93 in chips) 
Seat 6: Lorpugo ($1.34 in chips) 
Overdiewings: posts small blind $0.01
kapa6819: posts big blind $0.02
caiogs21: sits out 
*** HOLE CARDS ***
Dealt to Lorpugo [2c 8h]
Lorpugo: folds 
BukaSenpai: folds 
matezernichter: folds 
Overdiewings: raises $0.03 to $0.05
kapa6819: folds 
Uncalled bet ($0.03) returned to Overdiewings
Overdiewings collected $0.04 from pot
*** SUMMARY ***
Total pot $0.04 | Rake $0 
Seat 1: BukaSenpai folded before Flop (didn't bet)
Seat 2: matezernichter (button) folded before Flop (didn't bet)
Seat 3: Overdiewings (small blind) collected ($0.04)
Seat 4: kapa6819 (big blind) folded before Flop
Seat 6: Lorpugo folded before Flop (didn't bet)



PokerStars Hand #239649306499:  Hold'em No Limit ($0.01/$0.02 USD) - 2022/11/04 15:22:50 ET
Table 'Strackea III' 6-max Seat #3 is the button
Seat 1: BukaSenpai ($2 in chips) 
Seat 2: matezernichter ($4.46 in chips) 
Seat 3: Overdiewings ($3.85 in chips) 
Seat 4: kapa6819 ($0.91 in chips) 
Seat 5: caiogs21 ($2 in chips) 
Seat 6: Lorpugo ($1.34 in chips) 
kapa6819: posts small blind $0.01
caiogs21: posts big blind $0.02
*** HOLE CARDS ***
Dealt to Lorpugo [Js 6d]
Lorpugo: folds 
BukaSenpai: raises $0.03 to $0.05
matezernichter: folds 
Overdiewings: folds 
kapa6819: folds 
caiogs21: raises $0.15 to $0.20
BukaSenpai: folds 
Uncalled bet ($0.15) returned to caiogs21
caiogs21 collected $0.11 from pot
caiogs21: doesn't show hand 
*** SUMMARY ***
Total pot $0.11 | Rake $0 
Seat 1: BukaSenpai folded before Flop
Seat 2: matezernichter folded before Flop (didn't bet)
Seat 3: Overdiewings (button) folded before Flop (didn't bet)
Seat 4: kapa6819 (small blind) folded before Flop
Seat 5: caiogs21 (big blind) collected ($0.11)
Seat 6: Lorpugo folded before Flop (didn't bet)



PokerStars Hand #239649316762:  Hold'em No Limit ($0.01/$0.02 USD) - 2022/11/04 15:23:18 ET
Table 'Strackea III' 6-max Seat #4 is the button
Seat 1: BukaSenpai ($2 in chips) 
Seat 2: matezernichter ($4.46 in chips) 
Seat 3: Overdiewings ($3.85 in chips) 
Seat 4: kapa6819 ($0.90 in chips) 
Seat 5: caiogs21 ($2.06 in chips) 
Seat 6: Lorpugo ($1.34 in chips) 
caiogs21: posts small blind $0.01
Lorpugo: posts big blind $0.02
*** HOLE CARDS ***
Dealt to Lorpugo [3d Kh]
BukaSenpai: folds 
matezernichter: folds 
Overdiewings: raises $0.03 to $0.05
kapa6819: calls $0.05
caiogs21: calls $0.04
Lorpugo: folds 
*** FLOP *** [9d 2c Ks]
caiogs21: checks 
Overdiewings: checks 
kapa6819: checks 
*** TURN *** [9d 2c Ks] [Js]
caiogs21: checks 
Overdiewings: checks 
kapa6819: checks 
*** RIVER *** [9d 2c Ks Js] [Jd]
caiogs21: checks 
Overdiewings: checks 
kapa6819: checks 
*** SHOW DOWN ***
caiogs21: shows [9h 6h] (two pair, Jacks and Nines)
Overdiewings: mucks hand 
kapa6819: mucks hand 
caiogs21 collected $0.16 from pot
*** SUMMARY ***
Total pot $0.17 | Rake $0.01 
Board [9d 2c Ks Js Jd]
Seat 1: BukaSenpai folded before Flop (didn't bet)
Seat 2: matezernichter folded before Flop (didn't bet)
Seat 3: Overdiewings mucked [8s Ac]
Seat 4: kapa6819 (button) mucked [Ad 8h]
Seat 5: caiogs21 (small blind) showed [9h 6h] and won ($0.16) with two pair, Jacks and Nines
Seat 6: Lorpugo (big blind) folded before Flop



PokerStars Hand #239649334231:  Hold'em No Limit ($0.01/$0.02 USD) - 2022/11/04 15:24:04 ET
Table 'Strackea III' 6-max Seat #5 is the button
Seat 1: BukaSenpai ($2 in chips) 
Seat 2: matezernichter ($4.46 in chips) 
Seat 3: Overdiewings ($3.80 in chips) 
Seat 4: kapa6819 ($0.85 in chips) 
Seat 5: caiogs21 ($2.17 in chips) 
Seat 6: Lorpugo ($1.32 in chips) 
Lorpugo: posts small blind $0.01
BukaSenpai: posts big blind $0.02
*** HOLE CARDS ***
Dealt to Lorpugo [Js 2c]
matezernichter: folds 
Overdiewings: folds 
kapa6819: folds 
caiogs21: raises $0.04 to $0.06
Lorpugo: folds 
BukaSenpai: folds 
Uncalled bet ($0.04) returned to caiogs21
caiogs21 collected $0.05 from pot
caiogs21: doesn't show hand 
*** SUMMARY ***
Total pot $0.05 | Rake $0 
Seat 1: BukaSenpai (big blind) folded before Flop
Seat 2: matezernichter folded before Flop (didn't bet)
Seat 3: Overdiewings folded before Flop (didn't bet)
Seat 4: kapa6819 folded before Flop (didn't bet)
Seat 5: caiogs21 (button) collected ($0.05)
Seat 6: Lorpugo (small blind) folded before Flop



PokerStars Hand #239649341546:  Hold'em No Limit ($0.01/$0.02 USD) - 2022/11/04 15:24:24 ET
Table 'Strackea III' 6-max Seat #6 is the button
Seat 1: BukaSenpai ($2 in chips) 
Seat 2: matezernichter ($4.46 in chips) 
Seat 3: Overdiewings ($3.80 in chips) 
Seat 4: kapa6819 ($0.85 in chips) 
Seat 5: caiogs21 ($2.20 in chips) 
Seat 6: Lorpugo ($1.31 in chips) 
BukaSenpai: posts small blind $0.01
matezernichter: posts big blind $0.02
*** HOLE CARDS ***
Dealt to Lorpugo [4s 5h]
Overdiewings: folds 
kapa6819: raises $0.04 to $0.06
caiogs21: folds 
Lorpugo: folds 
BukaSenpai: folds 
matezernichter: folds 
Uncalled bet ($0.04) returned to kapa6819
kapa6819 collected $0.05 from pot
*** SUMMARY ***
Total pot $0.05 | Rake $0 
Seat 1: BukaSenpai (small blind) folded before Flop
Seat 2: matezernichter (big blind) folded before Flop
Seat 3: Overdiewings folded before Flop (didn't bet)
Seat 4: kapa6819 collected ($0.05)
Seat 5: caiogs21 folded before Flop (didn't bet)
Seat 6: Lorpugo (button) folded before Flop (didn't bet)



PokerStars Hand #239649348552:  Hold'em No Limit ($0.01/$0.02 USD) - 2022/11/04 15:24:43 ET
Table 'Strackea III' 6-max Seat #1 is the button
Seat 1: BukaSenpai ($2 in chips) 
Seat 2: matezernichter ($4.44 in chips) 
Seat 3: Overdiewings ($3.80 in chips) 
Seat 4: kapa6819 ($0.88 in chips) 
Seat 5: caiogs21 ($2.20 in chips) 
Seat 6: Lorpugo ($1.31 in chips) 
matezernichter: posts small blind $0.01
Overdiewings: posts big blind $0.02
*** HOLE CARDS ***
Dealt to Lorpugo [3h 9s]
kapa6819: raises $0.04 to $0.06
caiogs21: folds 
Lorpugo: folds 
BukaSenpai: raises $0.12 to $0.18
matezernichter: folds 
Overdiewings: folds 
kapa6819: raises $0.70 to $0.88 and is all-in
BukaSenpai: calls $0.70
*** FLOP *** [Jh Jc 7d]
*** TURN *** [Jh Jc 7d] [Td]
*** RIVER *** [Jh Jc 7d Td] [8h]
*** SHOW DOWN ***
kapa6819: shows [As Jd] (three of a kind, Jacks)
BukaSenpai: shows [Ah Kc] (a pair of Jacks)
kapa6819 collected $1.73 from pot
*** SUMMARY ***
Total pot $1.79 | Rake $0.06 
Board [Jh Jc 7d Td 8h]
Seat 1: BukaSenpai (button) showed [Ah Kc] and lost with a pair of Jacks
Seat 2: matezernichter (small blind) folded before Flop
Seat 3: Overdiewings (big blind) folded before Flop
Seat 4: kapa6819 showed [As Jd] and won ($1.73) with three of a kind, Jacks
Seat 5: caiogs21 folded before Flop (didn't bet)
Seat 6: Lorpugo folded before Flop (didn't bet)



PokerStars Hand #239649361195:  Hold'em No Limit ($0.01/$0.02 USD) - 2022/11/04 15:25:16 ET
Table 'Strackea III' 6-max Seat #2 is the button
Seat 1: BukaSenpai ($2 in chips) 
Seat 2: matezernichter ($4.43 in chips) 
Seat 3: Overdiewings ($3.78 in chips) 
Seat 4: kapa6819 ($1.73 in chips) 
Seat 5: caiogs21 ($2.20 in chips) 
Seat 6: Lorpugo ($1.31 in chips) 
Overdiewings: posts small blind $0.01
kapa6819: posts big blind $0.02
*** HOLE CARDS ***
Dealt to Lorpugo [5h 8c]
caiogs21: folds 
Lorpugo: folds 
BukaSenpai: folds 
matezernichter: raises $0.04 to $0.06
Overdiewings: folds 
kapa6819: calls $0.04
*** FLOP *** [8d 3h 5d]
kapa6819: checks 
matezernichter: bets $0.08
kapa6819: folds 
Uncalled bet ($0.08) returned to matezernichter
matezernichter collected $0.13 from pot
matezernichter: doesn't show hand 
*** SUMMARY ***
Total pot $0.13 | Rake $0 
Board [8d 3h 5d]
Seat 1: BukaSenpai folded before Flop (didn't bet)
Seat 2: matezernichter (button) collected ($0.13)
Seat 3: Overdiewings (small blind) folded before Flop
Seat 4: kapa6819 (big blind) folded on the Flop
Seat 5: caiogs21 folded before Flop (didn't bet)
Seat 6: Lorpugo folded before Flop (didn't bet)



PokerStars Hand #239649373957:  Hold'em No Limit ($0.01/$0.02 USD) - 2022/11/04 15:25:51 ET
Table 'Strackea III' 6-max Seat #3 is the button
Seat 1: BukaSenpai ($2 in chips) 
Seat 2: matezernichter ($4.50 in chips) 
Seat 3: Overdiewings ($3.77 in chips) 
Seat 4: kapa6819 ($1.67 in chips) 
Seat 5: caiogs21 ($2.20 in chips) 
Seat 6: Lorpugo ($1.31 in chips) 
kapa6819: posts small blind $0.01
caiogs21: posts big blind $0.02
*** HOLE CARDS ***
Dealt to Lorpugo [4d 6c]
Lorpugo: folds 
BukaSenpai: raises $0.03 to $0.05
matezernichter: folds 
Overdiewings: raises $0.13 to $0.18
kapa6819: folds 
caiogs21: folds 
BukaSenpai: calls $0.13
*** FLOP *** [Qs Ad 4s]
BukaSenpai: checks 
Overdiewings: checks 
*** TURN *** [Qs Ad 4s] [5d]
BukaSenpai: bets $0.13
Overdiewings: calls $0.13
*** RIVER *** [Qs Ad 4s 5d] [4h]
BukaSenpai: bets $0.21
Overdiewings: folds 
Uncalled bet ($0.21) returned to BukaSenpai
BukaSenpai collected $0.63 from pot
BukaSenpai: doesn't show hand 
*** SUMMARY ***
Total pot $0.65 | Rake $0.02 
Board [Qs Ad 4s 5d 4h]
Seat 1: BukaSenpai collected ($0.63)
Seat 2: matezernichter folded before Flop (didn't bet)
Seat 3: Overdiewings (button) folded on the River
Seat 4: kapa6819 (small blind) folded before Flop
Seat 5: caiogs21 (big blind) folded before Flop
Seat 6: Lorpugo folded before Flop (didn't bet)



PokerStars Hand #239649389963:  Hold'em No Limit ($0.01/$0.02 USD) - 2022/11/04 15:26:34 ET
Table 'Strackea III' 6-max Seat #4 is the button
Seat 1: BukaSenpai ($2.32 in chips) 
Seat 2: matezernichter ($4.50 in chips) 
Seat 3: Overdiewings ($3.46 in chips) 
Seat 4: kapa6819 ($1.66 in chips) 
Seat 5: caiogs21 ($2.18 in chips) 
Seat 6: Lorpugo ($1.31 in chips) 
caiogs21: posts small blind $0.01
Lorpugo: posts big blind $0.02
*** HOLE CARDS ***
Dealt to Lorpugo [6s Qc]
BukaSenpai: raises $0.03 to $0.05
matezernichter: folds 
Overdiewings: folds 
kapa6819: folds 
caiogs21: folds 
Lorpugo: folds 
Uncalled bet ($0.03) returned to BukaSenpai
BukaSenpai collected $0.05 from pot
BukaSenpai: doesn't show hand 
*** SUMMARY ***
Total pot $0.05 | Rake $0 
Seat 1: BukaSenpai collected ($0.05)
Seat 2: matezernichter folded before Flop (didn't bet)
Seat 3: Overdiewings folded before Flop (didn't bet)
Seat 4: kapa6819 (button) folded before Flop (didn't bet)
Seat 5: caiogs21 (small blind) folded before Flop
Seat 6: Lorpugo (big blind) folded before Flop



PokerStars Hand #239649395053:  Hold'em No Limit ($0.01/$0.02 USD) - 2022/11/04 15:26:47 ET
Table 'Strackea III' 6-max Seat #5 is the button
Seat 1: BukaSenpai ($2.35 in chips) 
Seat 2: matezernichter ($4.50 in chips) 
Seat 3: Overdiewings ($3.46 in chips) 
Seat 4: kapa6819 ($1.66 in chips) 
Seat 5: caiogs21 ($2.17 in chips) 
Seat 6: Lorpugo ($1.29 in chips) 
Lorpugo: posts small blind $0.01
BukaSenpai: posts big blind $0.02
*** HOLE CARDS ***
Dealt to Lorpugo [Js 3d]
matezernichter: folds 
Overdiewings: folds 
kapa6819: folds 
caiogs21: raises $0.04 to $0.06
Lorpugo: folds 
BukaSenpai: folds 
Uncalled bet ($0.04) returned to caiogs21
caiogs21 collected $0.05 from pot
caiogs21: doesn't show hand 
*** SUMMARY ***
Total pot $0.05 | Rake $0 
Seat 1: BukaSenpai (big blind) folded before Flop
Seat 2: matezernichter folded before Flop (didn't bet)
Seat 3: Overdiewings folded before Flop (didn't bet)
Seat 4: kapa6819 folded before Flop (didn't bet)
Seat 5: caiogs21 (button) collected ($0.05)
Seat 6: Lorpugo (small blind) folded before Flop



PokerStars Hand #239649399980:  Hold'em No Limit ($0.01/$0.02 USD) - 2022/11/04 15:27:01 ET
Table 'Strackea III' 6-max Seat #6 is the button
Seat 1: BukaSenpai ($2.33 in chips) 
Seat 2: matezernichter ($4.50 in chips) 
Seat 3: Overdiewings ($3.46 in chips) 
Seat 4: kapa6819 ($1.66 in chips) 
Seat 5: caiogs21 ($2.20 in chips) 
Seat 6: Lorpugo ($1.28 in chips) 
BukaSenpai: posts small blind $0.01
matezernichter: posts big blind $0.02
*** HOLE CARDS ***
Dealt to Lorpugo [Tc 3s]
Overdiewings: folds 
kapa6819: folds 
caiogs21: folds 
Lorpugo: folds 
BukaSenpai: folds 
Uncalled bet ($0.01) returned to matezernichter
matezernichter collected $0.02 from pot
matezernichter: doesn't show hand 
*** SUMMARY ***
Total pot $0.02 | Rake $0 
Seat 1: BukaSenpai (small blind) folded before Flop
Seat 2: matezernichter (big blind) collected ($0.02)
Seat 3: Overdiewings folded before Flop (didn't bet)
Seat 4: kapa6819 folded before Flop (didn't bet)
Seat 5: caiogs21 folded before Flop (didn't bet)
Seat 6: Lorpugo (button) folded before Flop (didn't bet)



PokerStars Hand #239649403629:  Hold'em No Limit ($0.01/$0.02 USD) - 2022/11/04 15:27:10 ET
Table 'Strackea III' 6-max Seat #1 is the button
Seat 1: BukaSenpai ($2.32 in chips) 
Seat 2: matezernichter ($4.51 in chips) 
Seat 3: Overdiewings ($3.46 in chips) 
Seat 4: kapa6819 ($1.66 in chips) 
Seat 5: caiogs21 ($2.20 in chips) 
Seat 6: Lorpugo ($1.28 in chips) 
matezernichter: posts small blind $0.01
Overdiewings: posts big blind $0.02
*** HOLE CARDS ***
Dealt to Lorpugo [3s Jc]
kapa6819: folds 
caiogs21: folds 
Lorpugo: folds 
BukaSenpai: raises $0.02 to $0.04
matezernichter: folds 
Overdiewings: calls $0.02
*** FLOP *** [4s 2c 2s]
Overdiewings: checks 
BukaSenpai: checks 
*** TURN *** [4s 2c 2s] [6c]
Overdiewings: checks 
BukaSenpai: bets $0.06
Overdiewings: folds 
Uncalled bet ($0.06) returned to BukaSenpai
BukaSenpai collected $0.09 from pot
BukaSenpai: doesn't show hand 
*** SUMMARY ***
Total pot $0.09 | Rake $0 
Board [4s 2c 2s 6c]
Seat 1: BukaSenpai (button) collected ($0.09)
Seat 2: matezernichter (small blind) folded before Flop
Seat 3: Overdiewings (big blind) folded on the Turn
Seat 4: kapa6819 folded before Flop (didn't bet)
Seat 5: caiogs21 folded before Flop (didn't bet)
Seat 6: Lorpugo folded before Flop (didn't bet)



PokerStars Hand #239649416656:  Hold'em No Limit ($0.01/$0.02 USD) - 2022/11/04 15:27:45 ET
Table 'Strackea III' 6-max Seat #2 is the button
Seat 1: BukaSenpai ($2.37 in chips) 
Seat 2: matezernichter ($4.50 in chips) 
Seat 3: Overdiewings ($3.42 in chips) 
Seat 4: kapa6819 ($1.66 in chips) 
Seat 5: caiogs21 ($2.20 in chips) 
Seat 6: Lorpugo ($1.28 in chips) 
Overdiewings: posts small blind $0.01
kapa6819: posts big blind $0.02
*** HOLE CARDS ***
Dealt to Lorpugo [As Tc]
caiogs21: raises $0.04 to $0.06
Lorpugo: folds 
BukaSenpai: folds 
matezernichter: calls $0.06
Overdiewings: folds 
kapa6819: calls $0.04
*** FLOP *** [Js 9h 7d]
kapa6819: checks 
caiogs21: checks 
matezernichter: checks 
*** TURN *** [Js 9h 7d] [Ah]
kapa6819: checks 
caiogs21: bets $0.02
matezernichter: calls $0.02
kapa6819: folds 
*** RIVER *** [Js 9h 7d Ah] [3d]
caiogs21: bets $0.14
matezernichter: folds 
Uncalled bet ($0.14) returned to caiogs21
caiogs21 collected $0.22 from pot
caiogs21: doesn't show hand 
*** SUMMARY ***
Total pot $0.23 | Rake $0.01 
Board [Js 9h 7d Ah 3d]
Seat 1: BukaSenpai folded before Flop (didn't bet)
Seat 2: matezernichter (button) folded on the River
Seat 3: Overdiewings (small blind) folded before Flop
Seat 4: kapa6819 (big blind) folded on the Turn
Seat 5: caiogs21 collected ($0.22)
Seat 6: Lorpugo folded before Flop (didn't bet)



PokerStars Hand #239649430405:  Hold'em No Limit ($0.01/$0.02 USD) - 2022/11/04 15:28:22 ET
Table 'Strackea III' 6-max Seat #3 is the button
Seat 1: BukaSenpai ($2.37 in chips) 
Seat 2: matezernichter ($4.42 in chips) 
Seat 3: Overdiewings ($3.41 in chips) 
Seat 4: kapa6819 ($1.60 in chips) 
Seat 5: caiogs21 ($2.34 in chips) 
Seat 6: Lorpugo ($1.28 in chips) 
kapa6819: posts small blind $0.01
caiogs21: posts big blind $0.02
*** HOLE CARDS ***
Dealt to Lorpugo [7d Jd]
Lorpugo: folds 
BukaSenpai: folds 
matezernichter: raises $0.04 to $0.06
Overdiewings: folds 
kapa6819: calls $0.05
caiogs21: folds 
*** FLOP *** [8c Jh 8s]
kapa6819: checks 
matezernichter: bets $0.08
kapa6819: calls $0.08
*** TURN *** [8c Jh 8s] [4s]
kapa6819: checks 
matezernichter: checks 
*** RIVER *** [8c Jh 8s 4s] [Ah]
kapa6819: checks 
matezernichter: checks 
*** SHOW DOWN ***
kapa6819: shows [Qd Tc] (a pair of Eights)
matezernichter: shows [Qh Td] (a pair of Eights)
kapa6819 collected $0.15 from pot
matezernichter collected $0.14 from pot
*** SUMMARY ***
Total pot $0.30 | Rake $0.01 
Board [8c Jh 8s 4s Ah]
Seat 1: BukaSenpai folded before Flop (didn't bet)
Seat 2: matezernichter showed [Qh Td] and won ($0.14) with a pair of Eights
Seat 3: Overdiewings (button) folded before Flop (didn't bet)
Seat 4: kapa6819 (small blind) showed [Qd Tc] and won ($0.15) with a pair of Eights
Seat 5: caiogs21 (big blind) folded before Flop
Seat 6: Lorpugo folded before Flop (didn't bet)



PokerStars Hand #239649452260:  Hold'em No Limit ($0.01/$0.02 USD) - 2022/11/04 15:29:21 ET
Table 'Strackea III' 6-max Seat #4 is the button
Seat 1: BukaSenpai ($2.37 in chips) 
Seat 2: matezernichter ($4.42 in chips) 
Seat 3: Overdiewings ($3.41 in chips) 
Seat 4: kapa6819 ($1.61 in chips) 
Seat 5: caiogs21 ($2.32 in chips) 
Seat 6: Lorpugo ($1.28 in chips) 
caiogs21: posts small blind $0.01
Lorpugo: posts big blind $0.02
*** HOLE CARDS ***
Dealt to Lorpugo [Jc 6d]
BukaSenpai: folds 
matezernichter: folds 
Overdiewings: raises $0.03 to $0.05
kapa6819: folds 
caiogs21: folds 
Lorpugo: folds 
Uncalled bet ($0.03) returned to Overdiewings
Overdiewings collected $0.05 from pot
*** SUMMARY ***
Total pot $0.05 | Rake $0 
Seat 1: BukaSenpai folded before Flop (didn't bet)
Seat 2: matezernichter folded before Flop (didn't bet)
Seat 3: Overdiewings collected ($0.05)
Seat 4: kapa6819 (button) folded before Flop (didn't bet)
Seat 5: caiogs21 (small blind) folded before Flop
Seat 6: Lorpugo (big blind) folded before Flop



PokerStars Hand #239649458961:  Hold'em No Limit ($0.01/$0.02 USD) - 2022/11/04 15:29:39 ET
Table 'Strackea III' 6-max Seat #5 is the button
Seat 1: BukaSenpai ($2.37 in chips) 
Seat 2: matezernichter ($4.42 in chips) 
Seat 3: Overdiewings ($3.44 in chips) 
Seat 4: kapa6819 ($1.61 in chips) 
Seat 5: caiogs21 ($2.31 in chips) 
Seat 6: Lorpugo ($1.26 in chips) 
Lorpugo: posts small blind $0.01
BukaSenpai: posts big blind $0.02
*** HOLE CARDS ***
Dealt to Lorpugo [Ac Qs]
matezernichter: folds 
Overdiewings: folds 
kapa6819: raises $0.04 to $0.06
caiogs21: folds 
Lorpugo: raises $0.14 to $0.20
BukaSenpai: folds 
kapa6819: calls $0.14
*** FLOP *** [Qh 2d 4c]
Lorpugo: bets $0.14
kapa6819: calls $0.14
*** TURN *** [Qh 2d 4c] [Ks]
Lorpugo: checks 
kapa6819: checks 
*** RIVER *** [Qh 2d 4c Ks] [Kd]
Lorpugo: bets $0.22
kapa6819: folds 
Uncalled bet ($0.22) returned to Lorpugo
Lorpugo collected $0.68 from pot
Lorpugo: doesn't show hand 
*** SUMMARY ***
Total pot $0.70 | Rake $0.02 
Board [Qh 2d 4c Ks Kd]
Seat 1: BukaSenpai (big blind) folded before Flop
Seat 2: matezernichter folded before Flop (didn't bet)
Seat 3: Overdiewings folded before Flop (didn't bet)
Seat 4: kapa6819 folded on the River
Seat 5: caiogs21 (button) folded before Flop (didn't bet)
Seat 6: Lorpugo (small blind) collected ($0.68)



PokerStars Hand #239649483505:  Hold'em No Limit ($0.01/$0.02 USD) - 2022/11/04 15:30:44 ET
Table 'Strackea III' 6-max Seat #6 is the button
Seat 1: BukaSenpai ($2.35 in chips) 
Seat 2: matezernichter ($4.42 in chips) 
Seat 3: Overdiewings ($3.44 in chips) 
Seat 4: kapa6819 ($1.27 in chips) 
Seat 5: caiogs21 ($2.31 in chips) 
Seat 6: Lorpugo ($1.60 in chips) 
BukaSenpai: posts small blind $0.01
matezernichter: posts big blind $0.02
*** HOLE CARDS ***
Dealt to Lorpugo [6d 4s]
Overdiewings: folds 
kapa6819: folds 
caiogs21: folds 
Lorpugo: folds 
BukaSenpai: folds 
Uncalled bet ($0.01) returned to matezernichter
matezernichter collected $0.02 from pot
matezernichter: doesn't show hand 
*** SUMMARY ***
Total pot $0.02 | Rake $0 
Seat 1: BukaSenpai (small blind) folded before Flop
Seat 2: matezernichter (big blind) collected ($0.02)
Seat 3: Overdiewings folded before Flop (didn't bet)
Seat 4: kapa6819 folded before Flop (didn't bet)
Seat 5: caiogs21 folded before Flop (didn't bet)
Seat 6: Lorpugo (button) folded before Flop (didn't bet)



PokerStars Hand #239649488543:  Hold'em No Limit ($0.01/$0.02 USD) - 2022/11/04 15:30:58 ET
Table 'Strackea III' 6-max Seat #1 is the button
Seat 1: BukaSenpai ($2.34 in chips) 
Seat 2: matezernichter ($4.43 in chips) 
Seat 3: Overdiewings ($3.44 in chips) 
Seat 4: kapa6819 ($1.27 in chips) 
Seat 5: caiogs21 ($2.31 in chips) 
Seat 6: Lorpugo ($1.60 in chips) 
matezernichter: posts small blind $0.01
Overdiewings: posts big blind $0.02
*** HOLE CARDS ***
Dealt to Lorpugo [5d 4s]
kapa6819: folds 
caiogs21: folds 
Lorpugo: folds 
BukaSenpai: folds 
matezernichter: raises $0.04 to $0.06
Overdiewings: folds 
Uncalled bet ($0.04) returned to matezernichter
matezernichter collected $0.04 from pot
matezernichter: doesn't show hand 
*** SUMMARY ***
Total pot $0.04 | Rake $0 
Seat 1: BukaSenpai (button) folded before Flop (didn't bet)
Seat 2: matezernichter (small blind) collected ($0.04)
Seat 3: Overdiewings (big blind) folded before Flop
Seat 4: kapa6819 folded before Flop (didn't bet)
Seat 5: caiogs21 folded before Flop (didn't bet)
Seat 6: Lorpugo folded before Flop (didn't bet)



PokerStars Hand #239649495147:  Hold'em No Limit ($0.01/$0.02 USD) - 2022/11/04 15:31:15 ET
Table 'Strackea III' 6-max Seat #2 is the button
Seat 1: BukaSenpai ($2.34 in chips) 
Seat 2: matezernichter ($4.45 in chips) 
Seat 3: Overdiewings ($3.42 in chips) 
Seat 4: kapa6819 ($1.27 in chips) 
Seat 5: caiogs21 ($2.31 in chips) 
Seat 6: Lorpugo ($1.60 in chips) 
Overdiewings: posts small blind $0.01
kapa6819: posts big blind $0.02
*** HOLE CARDS ***
Dealt to Lorpugo [Jc 4s]
caiogs21: raises $0.05 to $0.07
Lorpugo: folds 
BukaSenpai: folds 
matezernichter: folds 
Overdiewings: folds 
kapa6819: calls $0.05
*** FLOP *** [Qh Ts Qc]
kapa6819: checks 
caiogs21: bets $0.06
kapa6819: calls $0.06
*** TURN *** [Qh Ts Qc] [Jh]
kapa6819: checks 
caiogs21: bets $0.10
kapa6819: calls $0.10
*** RIVER *** [Qh Ts Qc Jh] [5d]
kapa6819: checks 
caiogs21: checks 
*** SHOW DOWN ***
kapa6819: shows [As 7h] (a pair of Queens)
caiogs21: shows [Ah Js] (two pair, Queens and Jacks)
caiogs21 collected $0.45 from pot
*** SUMMARY ***
Total pot $0.47 | Rake $0.02 
Board [Qh Ts Qc Jh 5d]
Seat 1: BukaSenpai folded before Flop (didn't bet)
Seat 2: matezernichter (button) folded before Flop (didn't bet)
Seat 3: Overdiewings (small blind) folded before Flop
Seat 4: kapa6819 (big blind) showed [As 7h] and lost with a pair of Queens
Seat 5: caiogs21 showed [Ah Js] and won ($0.45) with two pair, Queens and Jacks
Seat 6: Lorpugo folded before Flop (didn't bet)



PokerStars Hand #239649511023:  Hold'em No Limit ($0.01/$0.02 USD) - 2022/11/04 15:31:58 ET
Table 'Strackea III' 6-max Seat #3 is the button
Seat 1: BukaSenpai ($2.34 in chips) 
Seat 2: matezernichter ($4.45 in chips) 
Seat 3: Overdiewings ($3.41 in chips) 
Seat 4: kapa6819 ($1.04 in chips) 
Seat 5: caiogs21 ($2.53 in chips) 
Seat 6: Lorpugo ($1.60 in chips) 
kapa6819: posts small blind $0.01
caiogs21: posts big blind $0.02
*** HOLE CARDS ***
Dealt to Lorpugo [9d 6d]
Lorpugo: folds 
BukaSenpai: folds 
matezernichter: folds 
Overdiewings: raises $0.03 to $0.05
kapa6819: folds 
caiogs21: calls $0.03
*** FLOP *** [6c 5c 7d]
caiogs21: checks 
Overdiewings: bets $0.04
caiogs21: raises $0.10 to $0.14
Overdiewings: folds 
Uncalled bet ($0.10) returned to caiogs21
caiogs21 collected $0.18 from pot
caiogs21: doesn't show hand 
*** SUMMARY ***
Total pot $0.19 | Rake $0.01 
Board [6c 5c 7d]
Seat 1: BukaSenpai folded before Flop (didn't bet)
Seat 2: matezernichter folded before Flop (didn't bet)
Seat 3: Overdiewings (button) folded on the Flop
Seat 4: kapa6819 (small blind) folded before Flop
Seat 5: caiogs21 (big blind) collected ($0.18)
Seat 6: Lorpugo folded before Flop (didn't bet)



PokerStars Hand #239649521383:  Hold'em No Limit ($0.01/$0.02 USD) - 2022/11/04 15:32:25 ET
Table 'Strackea III' 6-max Seat #4 is the button
Seat 1: BukaSenpai ($2.34 in chips) 
Seat 2: matezernichter ($4.45 in chips) 
Seat 3: Overdiewings ($3.32 in chips) 
Seat 4: kapa6819 ($1.03 in chips) 
Seat 5: caiogs21 ($2.62 in chips) 
Seat 6: Lorpugo ($1.60 in chips) 
caiogs21: posts small blind $0.01
Lorpugo: posts big blind $0.02
*** HOLE CARDS ***
Dealt to Lorpugo [2s Ts]
BukaSenpai: folds 
matezernichter: folds 
Overdiewings: raises $0.03 to $0.05
kapa6819: folds 
caiogs21: folds 
Lorpugo: folds 
Uncalled bet ($0.03) returned to Overdiewings
Overdiewings collected $0.05 from pot
*** SUMMARY ***
Total pot $0.05 | Rake $0 
Seat 1: BukaSenpai folded before Flop (didn't bet)
Seat 2: matezernichter folded before Flop (didn't bet)
Seat 3: Overdiewings collected ($0.05)
Seat 4: kapa6819 (button) folded before Flop (didn't bet)
Seat 5: caiogs21 (small blind) folded before Flop
Seat 6: Lorpugo (big blind) folded before Flop



PokerStars Hand #239649525775:  Hold'em No Limit ($0.01/$0.02 USD) - 2022/11/04 15:32:37 ET
Table 'Strackea III' 6-max Seat #5 is the button
Seat 1: BukaSenpai ($2.34 in chips) 
Seat 2: matezernichter ($4.45 in chips) 
Seat 3: Overdiewings ($3.35 in chips) 
Seat 4: kapa6819 ($1.03 in chips) 
Seat 5: caiogs21 ($2.61 in chips) 
Seat 6: Lorpugo ($1.58 in chips) 
Lorpugo: posts small blind $0.01
BukaSenpai: posts big blind $0.02
*** HOLE CARDS ***
Dealt to Lorpugo [Kh 4s]
matezernichter: folds 
Overdiewings: raises $0.03 to $0.05
kapa6819: calls $0.05
caiogs21: folds 
Lorpugo: folds 
BukaSenpai: folds 
*** FLOP *** [4h 4c 3s]
Overdiewings: bets $0.04
kapa6819: calls $0.04
*** TURN *** [4h 4c 3s] [Tc]
Overdiewings: bets $0.09
kapa6819: folds 
Uncalled bet ($0.09) returned to Overdiewings
Overdiewings collected $0.20 from pot
*** SUMMARY ***
Total pot $0.21 | Rake $0.01 
Board [4h 4c 3s Tc]
Seat 1: BukaSenpai (big blind) folded before Flop
Seat 2: matezernichter folded before Flop (didn't bet)
Seat 3: Overdiewings collected ($0.20)
Seat 4: kapa6819 folded on the Turn
Seat 5: caiogs21 (button) folded before Flop (didn't bet)
Seat 6: Lorpugo (small blind) folded before Flop



PokerStars Hand #239649534646:  Hold'em No Limit ($0.01/$0.02 USD) - 2022/11/04 15:33:01 ET
Table 'Strackea III' 6-max Seat #6 is the button
Seat 1: BukaSenpai ($2.32 in chips) 
Seat 2: matezernichter ($4.45 in chips) 
Seat 3: Overdiewings ($3.46 in chips) 
Seat 4: kapa6819 ($0.94 in chips) 
Seat 5: caiogs21 ($2.61 in chips) 
Seat 6: Lorpugo ($1.57 in chips) 
BukaSenpai: posts small blind $0.01
matezernichter: posts big blind $0.02
*** HOLE CARDS ***
Dealt to Lorpugo [4c Kd]
Overdiewings: folds 
kapa6819: folds 
caiogs21: raises $0.04 to $0.06
Lorpugo: folds 
BukaSenpai: folds 
matezernichter: calls $0.04
*** FLOP *** [Ts Ac Td]
matezernichter: checks 
caiogs21: bets $0.07
matezernichter: calls $0.07
*** TURN *** [Ts Ac Td] [4h]
matezernichter: checks 
caiogs21: checks 
*** RIVER *** [Ts Ac Td 4h] [9d]
matezernichter: checks 
caiogs21: checks 
*** SHOW DOWN ***
matezernichter: shows [Jc Qh] (a pair of Tens)
caiogs21: mucks hand 
matezernichter collected $0.26 from pot
*** SUMMARY ***
Total pot $0.27 | Rake $0.01 
Board [Ts Ac Td 4h 9d]
Seat 1: BukaSenpai (small blind) folded before Flop
Seat 2: matezernichter (big blind) showed [Jc Qh] and won ($0.26) with a pair of Tens
Seat 3: Overdiewings folded before Flop (didn't bet)
Seat 4: kapa6819 folded before Flop (didn't bet)
Seat 5: caiogs21 mucked [8d 7d]
Seat 6: Lorpugo (button) folded before Flop (didn't bet)



PokerStars Hand #239649549601:  Hold'em No Limit ($0.01/$0.02 USD) - 2022/11/04 15:33:41 ET
Table 'Strackea III' 6-max Seat #1 is the button
Seat 1: BukaSenpai ($2.31 in chips) 
Seat 2: matezernichter ($4.58 in chips) 
Seat 3: Overdiewings ($3.46 in chips) 
Seat 4: kapa6819 ($0.94 in chips) 
Seat 5: caiogs21 ($2.48 in chips) 
Seat 6: Lorpugo ($1.57 in chips) 
matezernichter: posts small blind $0.01
Overdiewings: posts big blind $0.02
*** HOLE CARDS ***
Dealt to Lorpugo [Th Qd]
kapa6819: raises $0.04 to $0.06
caiogs21: folds 
Lorpugo: folds 
BukaSenpai: folds 
matezernichter: folds 
Overdiewings: folds 
Uncalled bet ($0.04) returned to kapa6819
kapa6819 collected $0.05 from pot
*** SUMMARY ***
Total pot $0.05 | Rake $0 
Seat 1: BukaSenpai (button) folded before Flop (didn't bet)
Seat 2: matezernichter (small blind) folded before Flop
Seat 3: Overdiewings (big blind) folded before Flop
Seat 4: kapa6819 collected ($0.05)
Seat 5: caiogs21 folded before Flop (didn't bet)
Seat 6: Lorpugo folded before Flop (didn't bet)



PokerStars Hand #239649554605:  Hold'em No Limit ($0.01/$0.02 USD) - 2022/11/04 15:33:54 ET
Table 'Strackea III' 6-max Seat #2 is the button
Seat 1: BukaSenpai ($2.31 in chips) 
Seat 2: matezernichter ($4.57 in chips) 
Seat 3: Overdiewings ($3.44 in chips) 
Seat 4: kapa6819 ($0.97 in chips) 
Seat 5: caiogs21 ($2.48 in chips) 
Seat 6: Lorpugo ($1.57 in chips) 
Overdiewings: posts small blind $0.01
kapa6819: posts big blind $0.02
*** HOLE CARDS ***
Dealt to Lorpugo [9h 6c]
caiogs21: raises $0.05 to $0.07
Lorpugo: folds 
BukaSenpai: folds 
matezernichter: folds 
Overdiewings: folds 
kapa6819: folds 
Uncalled bet ($0.05) returned to caiogs21
caiogs21 collected $0.05 from pot
caiogs21: doesn't show hand 
*** SUMMARY ***
Total pot $0.05 | Rake $0 
Seat 1: BukaSenpai folded before Flop (didn't bet)
Seat 2: matezernichter (button) folded before Flop (didn't bet)
Seat 3: Overdiewings (small blind) folded before Flop
Seat 4: kapa6819 (big blind) folded before Flop
Seat 5: caiogs21 collected ($0.05)
Seat 6: Lorpugo folded before Flop (didn't bet)



PokerStars Hand #239649559767:  Hold'em No Limit ($0.01/$0.02 USD) - 2022/11/04 15:34:07 ET
Table 'Strackea III' 6-max Seat #3 is the button
Seat 1: BukaSenpai ($2.31 in chips) 
Seat 2: matezernichter ($4.57 in chips) 
Seat 3: Overdiewings ($3.43 in chips) 
Seat 4: kapa6819 ($0.95 in chips) 
Seat 5: caiogs21 ($2.51 in chips) 
Seat 6: Lorpugo ($1.57 in chips) 
kapa6819: posts small blind $0.01
caiogs21: posts big blind $0.02
*** HOLE CARDS ***
Dealt to Lorpugo [As 5c]
Lorpugo: folds 
BukaSenpai: raises $0.03 to $0.05
matezernichter: raises $0.11 to $0.16
Overdiewings: folds 
kapa6819: folds 
caiogs21: folds 
BukaSenpai: folds 
Uncalled bet ($0.11) returned to matezernichter
matezernichter collected $0.13 from pot
matezernichter: doesn't show hand 
*** SUMMARY ***
Total pot $0.13 | Rake $0 
Seat 1: BukaSenpai folded before Flop
Seat 2: matezernichter collected ($0.13)
Seat 3: Overdiewings (button) folded before Flop (didn't bet)
Seat 4: kapa6819 (small blind) folded before Flop
Seat 5: caiogs21 (big blind) folded before Flop
Seat 6: Lorpugo folded before Flop (didn't bet)



PokerStars Hand #239649566090:  Hold'em No Limit ($0.01/$0.02 USD) - 2022/11/04 15:34:24 ET
Table 'Strackea III' 6-max Seat #4 is the button
Seat 1: BukaSenpai ($2.26 in chips) 
Seat 2: matezernichter ($4.65 in chips) 
Seat 3: Overdiewings ($3.43 in chips) 
Seat 4: kapa6819 ($0.94 in chips) 
Seat 5: caiogs21 ($2.49 in chips) 
Seat 6: Lorpugo ($1.57 in chips) 
caiogs21: posts small blind $0.01
Lorpugo: posts big blind $0.02
*** HOLE CARDS ***
Dealt to Lorpugo [4c Td]
BukaSenpai: folds 
matezernichter: folds 
Overdiewings: folds 
kapa6819: raises $0.04 to $0.06
caiogs21: folds 
Lorpugo: folds 
Uncalled bet ($0.04) returned to kapa6819
kapa6819 collected $0.05 from pot
*** SUMMARY ***
Total pot $0.05 | Rake $0 
Seat 1: BukaSenpai folded before Flop (didn't bet)
Seat 2: matezernichter folded before Flop (didn't bet)
Seat 3: Overdiewings folded before Flop (didn't bet)
Seat 4: kapa6819 (button) collected ($0.05)
Seat 5: caiogs21 (small blind) folded before Flop
Seat 6: Lorpugo (big blind) folded before Flop



PokerStars Hand #239649570834:  Hold'em No Limit ($0.01/$0.02 USD) - 2022/11/04 15:34:37 ET
Table 'Strackea III' 6-max Seat #5 is the button
Seat 1: BukaSenpai ($2.26 in chips) 
Seat 2: matezernichter ($4.65 in chips) 
Seat 3: Overdiewings ($3.43 in chips) 
Seat 4: kapa6819 ($0.97 in chips) 
Seat 5: caiogs21 ($2.48 in chips) 
Seat 6: Lorpugo ($1.55 in chips) 
Lorpugo: posts small blind $0.01
BukaSenpai: posts big blind $0.02
*** HOLE CARDS ***
Dealt to Lorpugo [2c 9d]
matezernichter: folds 
Overdiewings: folds 
kapa6819: raises $0.04 to $0.06
caiogs21: folds 
Lorpugo: folds 
BukaSenpai: raises $0.12 to $0.18
kapa6819: calls $0.12
*** FLOP *** [6d 4s Ah]
BukaSenpai: bets $0.12
kapa6819: calls $0.12
*** TURN *** [6d 4s Ah] [4h]
BukaSenpai: checks 
kapa6819: checks 
*** RIVER *** [6d 4s Ah 4h] [9c]
BukaSenpai: checks 
kapa6819: checks 
*** SHOW DOWN ***
BukaSenpai: shows [Qc Qh] (two pair, Queens and Fours)
kapa6819: mucks hand 
BukaSenpai collected $0.59 from pot
*** SUMMARY ***
Total pot $0.61 | Rake $0.02 
Board [6d 4s Ah 4h 9c]
Seat 1: BukaSenpai (big blind) showed [Qc Qh] and won ($0.59) with two pair, Queens and Fours
Seat 2: matezernichter folded before Flop (didn't bet)
Seat 3: Overdiewings folded before Flop (didn't bet)
Seat 4: kapa6819 mucked [Tc Ts]
Seat 5: caiogs21 (button) folded before Flop (didn't bet)
Seat 6: Lorpugo (small blind) folded before Flop



PokerStars Hand #239649587861:  Hold'em No Limit ($0.01/$0.02 USD) - 2022/11/04 15:35:22 ET
Table 'Strackea III' 6-max Seat #6 is the button
Seat 1: BukaSenpai ($2.55 in chips) 
Seat 2: matezernichter ($4.65 in chips) 
Seat 3: Overdiewings ($3.43 in chips) 
Seat 4: kapa6819 ($0.67 in chips) 
Seat 5: caiogs21 ($2.48 in chips) 
Seat 6: Lorpugo ($1.54 in chips) 
BukaSenpai: posts small blind $0.01
matezernichter: posts big blind $0.02
*** HOLE CARDS ***
Dealt to Lorpugo [Qc 5s]
Overdiewings: folds 
kapa6819: folds 
caiogs21: folds 
Lorpugo: folds 
BukaSenpai: folds 
Uncalled bet ($0.01) returned to matezernichter
matezernichter collected $0.02 from pot
matezernichter: doesn't show hand 
*** SUMMARY ***
Total pot $0.02 | Rake $0 
Seat 1: BukaSenpai (small blind) folded before Flop
Seat 2: matezernichter (big blind) collected ($0.02)
Seat 3: Overdiewings folded before Flop (didn't bet)
Seat 4: kapa6819 folded before Flop (didn't bet)
Seat 5: caiogs21 folded before Flop (didn't bet)
Seat 6: Lorpugo (button) folded before Flop (didn't bet)



PokerStars Hand #239649592827:  Hold'em No Limit ($0.01/$0.02 USD) - 2022/11/04 15:35:35 ET
Table 'Strackea III' 6-max Seat #1 is the button
Seat 1: BukaSenpai ($2.54 in chips) 
Seat 2: matezernichter ($4.66 in chips) 
Seat 3: Overdiewings ($3.43 in chips) 
Seat 4: kapa6819 ($0.67 in chips) 
Seat 5: caiogs21 ($2.48 in chips) 
Seat 6: Lorpugo ($1.54 in chips) 
matezernichter: posts small blind $0.01
Overdiewings: posts big blind $0.02
*** HOLE CARDS ***
Dealt to Lorpugo [2d Ac]
kapa6819: folds 
caiogs21: folds 
Lorpugo: raises $0.04 to $0.06
BukaSenpai: folds 
matezernichter: folds 
Overdiewings: folds 
Uncalled bet ($0.04) returned to Lorpugo
Lorpugo collected $0.05 from pot
Lorpugo: doesn't show hand 
*** SUMMARY ***
Total pot $0.05 | Rake $0 
Seat 1: BukaSenpai (button) folded before Flop (didn't bet)
Seat 2: matezernichter (small blind) folded before Flop
Seat 3: Overdiewings (big blind) folded before Flop
Seat 4: kapa6819 folded before Flop (didn't bet)
Seat 5: caiogs21 folded before Flop (didn't bet)
Seat 6: Lorpugo collected ($0.05)



PokerStars Hand #239649597986:  Hold'em No Limit ($0.01/$0.02 USD) - 2022/11/04 15:35:49 ET
Table 'Strackea III' 6-max Seat #2 is the button
Seat 1: BukaSenpai ($2.54 in chips) 
Seat 2: matezernichter ($4.65 in chips) 
Seat 3: Overdiewings ($3.41 in chips) 
Seat 4: kapa6819 ($0.67 in chips) 
Seat 5: caiogs21 ($2.48 in chips) 
Seat 6: Lorpugo ($1.57 in chips) 
Overdiewings: posts small blind $0.01
kapa6819: posts big blind $0.02
*** HOLE CARDS ***
Dealt to Lorpugo [Ks Jh]
caiogs21: folds 
Lorpugo: raises $0.04 to $0.06
BukaSenpai: folds 
matezernichter: folds 
Overdiewings: folds 
kapa6819: folds 
Uncalled bet ($0.04) returned to Lorpugo
Lorpugo collected $0.05 from pot
Lorpugo: doesn't show hand 
*** SUMMARY ***
Total pot $0.05 | Rake $0 
Seat 1: BukaSenpai folded before Flop (didn't bet)
Seat 2: matezernichter (button) folded before Flop (didn't bet)
Seat 3: Overdiewings (small blind) folded before Flop
Seat 4: kapa6819 (big blind) folded before Flop
Seat 5: caiogs21 folded before Flop (didn't bet)
Seat 6: Lorpugo collected ($0.05)



PokerStars Hand #239649604427:  Hold'em No Limit ($0.01/$0.02 USD) - 2022/11/04 15:36:06 ET
Table 'Strackea III' 6-max Seat #3 is the button
Seat 1: BukaSenpai ($2.54 in chips) 
Seat 2: matezernichter ($4.65 in chips) 
Seat 3: Overdiewings ($3.40 in chips) 
Seat 4: kapa6819 ($0.65 in chips) 
Seat 5: caiogs21 ($2.48 in chips) 
Seat 6: Lorpugo ($1.60 in chips) 
kapa6819: posts small blind $0.01
caiogs21: posts big blind $0.02
*** HOLE CARDS ***
Dealt to Lorpugo [3d 8d]
Lorpugo: folds 
BukaSenpai: folds 
matezernichter: raises $0.04 to $0.06
Overdiewings: folds 
kapa6819: folds 
caiogs21: folds 
Uncalled bet ($0.04) returned to matezernichter
matezernichter collected $0.05 from pot
matezernichter: doesn't show hand 
*** SUMMARY ***
Total pot $0.05 | Rake $0 
Seat 1: BukaSenpai folded before Flop (didn't bet)
Seat 2: matezernichter collected ($0.05)
Seat 3: Overdiewings (button) folded before Flop (didn't bet)
Seat 4: kapa6819 (small blind) folded before Flop
Seat 5: caiogs21 (big blind) folded before Flop
Seat 6: Lorpugo folded before Flop (didn't bet)



PokerStars Hand #239649609742:  Hold'em No Limit ($0.01/$0.02 USD) - 2022/11/04 15:36:20 ET
Table 'Strackea III' 6-max Seat #4 is the button
Seat 1: BukaSenpai ($2.54 in chips) 
Seat 2: matezernichter ($4.68 in chips) 
Seat 3: Overdiewings ($3.40 in chips) 
Seat 4: kapa6819 ($0.64 in chips) 
Seat 5: caiogs21 ($2.46 in chips) 
Seat 6: Lorpugo ($1.60 in chips) 
caiogs21: posts small blind $0.01
Lorpugo: posts big blind $0.02
*** HOLE CARDS ***
Dealt to Lorpugo [6d Kc]
BukaSenpai: folds 
matezernichter: folds 
Overdiewings: folds 
kapa6819: calls $0.02
caiogs21: raises $0.04 to $0.06
Lorpugo: folds 
kapa6819: calls $0.04
*** FLOP *** [Ad 7s 6s]
caiogs21: checks 
kapa6819: checks 
*** TURN *** [Ad 7s 6s] [7c]
caiogs21: checks 
kapa6819: checks 
*** RIVER *** [Ad 7s 6s 7c] [Ks]
caiogs21: bets $0.07
kapa6819: folds 
Uncalled bet ($0.07) returned to caiogs21
caiogs21 collected $0.14 from pot
caiogs21: doesn't show hand 
*** SUMMARY ***
Total pot $0.14 | Rake $0 
Board [Ad 7s 6s 7c Ks]
Seat 1: BukaSenpai folded before Flop (didn't bet)
Seat 2: matezernichter folded before Flop (didn't bet)
Seat 3: Overdiewings folded before Flop (didn't bet)
Seat 4: kapa6819 (button) folded on the River
Seat 5: caiogs21 (small blind) collected ($0.14)
Seat 6: Lorpugo (big blind) folded before Flop



PokerStars Hand #239649621384:  Hold'em No Limit ($0.01/$0.02 USD) - 2022/11/04 15:36:51 ET
Table 'Strackea III' 6-max Seat #5 is the button
Seat 1: BukaSenpai ($2.54 in chips) 
Seat 2: matezernichter ($4.68 in chips) 
Seat 3: Overdiewings ($3.40 in chips) 
Seat 4: kapa6819 ($0.58 in chips) 
Seat 5: caiogs21 ($2.54 in chips) 
Seat 6: Lorpugo ($1.58 in chips) 
Lorpugo: posts small blind $0.01
BukaSenpai: posts big blind $0.02
*** HOLE CARDS ***
Dealt to Lorpugo [Ts 7h]
matezernichter: folds 
Overdiewings: folds 
kapa6819: raises $0.04 to $0.06
caiogs21: folds 
Lorpugo: folds 
BukaSenpai: calls $0.04
*** FLOP *** [As 2h 4h]
BukaSenpai: checks 
kapa6819: bets $0.06
BukaSenpai: calls $0.06
*** TURN *** [As 2h 4h] [7s]
BukaSenpai: checks 
kapa6819: bets $0.12
BukaSenpai: calls $0.12
*** RIVER *** [As 2h 4h 7s] [Ac]
BukaSenpai: checks 
kapa6819: bets $0.23
BukaSenpai: calls $0.23
*** SHOW DOWN ***
kapa6819: shows [6h 6s] (two pair, Aces and Sixes)
BukaSenpai: shows [9d Ah] (three of a kind, Aces)
BukaSenpai collected $0.92 from pot
*** SUMMARY ***
Total pot $0.95 | Rake $0.03 
Board [As 2h 4h 7s Ac]
Seat 1: BukaSenpai (big blind) showed [9d Ah] and won ($0.92) with three of a kind, Aces
Seat 2: matezernichter folded before Flop (didn't bet)
Seat 3: Overdiewings folded before Flop (didn't bet)
Seat 4: kapa6819 showed [6h 6s] and lost with two pair, Aces and Sixes
Seat 5: caiogs21 (button) folded before Flop (didn't bet)
Seat 6: Lorpugo (small blind) folded before Flop



PokerStars Hand #239649637650:  Hold'em No Limit ($0.01/$0.02 USD) - 2022/11/04 15:37:34 ET
Table 'Strackea III' 6-max Seat #6 is the button
Seat 1: BukaSenpai ($2.99 in chips) 
Seat 2: matezernichter ($4.68 in chips) 
Seat 3: Overdiewings ($3.40 in chips) 
Seat 4: kapa6819 ($0.11 in chips) 
Seat 5: caiogs21 ($2.54 in chips) 
Seat 6: Lorpugo ($1.57 in chips) 
BukaSenpai: posts small blind $0.01
matezernichter: posts big blind $0.02
*** HOLE CARDS ***
Dealt to Lorpugo [2h 7h]
Overdiewings: folds 
kapa6819: folds 
caiogs21: folds 
Lorpugo: folds 
BukaSenpai: folds 
Uncalled bet ($0.01) returned to matezernichter
matezernichter collected $0.02 from pot
matezernichter: doesn't show hand 
*** SUMMARY ***
Total pot $0.02 | Rake $0 
Seat 1: BukaSenpai (small blind) folded before Flop
Seat 2: matezernichter (big blind) collected ($0.02)
Seat 3: Overdiewings folded before Flop (didn't bet)
Seat 4: kapa6819 folded before Flop (didn't bet)
Seat 5: caiogs21 folded before Flop (didn't bet)
Seat 6: Lorpugo (button) folded before Flop (didn't bet)



PokerStars Hand #239649644533:  Hold'em No Limit ($0.01/$0.02 USD) - 2022/11/04 15:37:52 ET
Table 'Strackea III' 6-max Seat #1 is the button
Seat 1: BukaSenpai ($2.98 in chips) 
Seat 2: matezernichter ($4.69 in chips) 
Seat 3: Overdiewings ($3.40 in chips) 
Seat 4: kapa6819 ($0.11 in chips) 
Seat 5: caiogs21 ($2.54 in chips) 
Seat 6: Lorpugo ($1.57 in chips) 
matezernichter: posts small blind $0.01
Overdiewings: posts big blind $0.02
*** HOLE CARDS ***
Dealt to Lorpugo [9c Ad]
kapa6819: folds 
caiogs21: raises $0.04 to $0.06
Lorpugo: calls $0.06
BukaSenpai: folds 
matezernichter: folds 
Overdiewings: folds 
*** FLOP *** [8s Qs 6d]
caiogs21: checks 
Lorpugo: checks 
*** TURN *** [8s Qs 6d] [2s]
caiogs21: checks 
Lorpugo: checks 
*** RIVER *** [8s Qs 6d 2s] [9h]
caiogs21: checks 
Lorpugo: checks 
*** SHOW DOWN ***
caiogs21: shows [7d 7c] (a pair of Sevens)
Lorpugo: shows [9c Ad] (a pair of Nines)
Lorpugo collected $0.14 from pot
*** SUMMARY ***
Total pot $0.15 | Rake $0.01 
Board [8s Qs 6d 2s 9h]
Seat 1: BukaSenpai (button) folded before Flop (didn't bet)
Seat 2: matezernichter (small blind) folded before Flop
Seat 3: Overdiewings (big blind) folded before Flop
Seat 4: kapa6819 folded before Flop (didn't bet)
Seat 5: caiogs21 showed [7d 7c] and lost with a pair of Sevens
Seat 6: Lorpugo showed [9c Ad] and won ($0.14) with a pair of Nines



PokerStars Hand #239649657877:  Hold'em No Limit ($0.01/$0.02 USD) - 2022/11/04 15:38:28 ET
Table 'Strackea III' 6-max Seat #2 is the button
Seat 1: BukaSenpai ($2.98 in chips) 
Seat 2: matezernichter ($4.68 in chips) 
Seat 3: Overdiewings ($3.38 in chips) 
Seat 4: kapa6819 ($2 in chips) 
Seat 5: caiogs21 ($2.48 in chips) 
Seat 6: Lorpugo ($1.65 in chips) 
Overdiewings: posts small blind $0.01
kapa6819: posts big blind $0.02
*** HOLE CARDS ***
Dealt to Lorpugo [5c 7h]
caiogs21: raises $0.05 to $0.07
Lorpugo: folds 
BukaSenpai: folds 
matezernichter: folds 
Overdiewings: folds 
kapa6819: folds 
Uncalled bet ($0.05) returned to caiogs21
caiogs21 collected $0.05 from pot
caiogs21: doesn't show hand 
*** SUMMARY ***
Total pot $0.05 | Rake $0 
Seat 1: BukaSenpai folded before Flop (didn't bet)
Seat 2: matezernichter (button) folded before Flop (didn't bet)
Seat 3: Overdiewings (small blind) folded before Flop
Seat 4: kapa6819 (big blind) folded before Flop
Seat 5: caiogs21 collected ($0.05)
Seat 6: Lorpugo folded before Flop (didn't bet)



PokerStars Hand #239649663692:  Hold'em No Limit ($0.01/$0.02 USD) - 2022/11/04 15:38:43 ET
Table 'Strackea III' 6-max Seat #3 is the button
Seat 1: BukaSenpai ($2.98 in chips) 
Seat 2: matezernichter ($4.68 in chips) 
Seat 3: Overdiewings ($3.37 in chips) 
Seat 4: kapa6819 ($1.98 in chips) 
Seat 5: caiogs21 ($2.51 in chips) 
Seat 6: Lorpugo ($1.65 in chips) 
kapa6819: posts small blind $0.01
caiogs21: posts big blind $0.02
*** HOLE CARDS ***
Dealt to Lorpugo [Ah Th]
Lorpugo: raises $0.04 to $0.06
BukaSenpai: folds 
matezernichter: folds 
Overdiewings: folds 
kapa6819: raises $0.14 to $0.20
caiogs21: folds 
Lorpugo: calls $0.14
*** FLOP *** [Ts 9d 4d]
kapa6819: bets $0.20
Lorpugo: calls $0.20
*** TURN *** [Ts 9d 4d] [7h]
kapa6819: bets $0.79
Lorpugo: raises $0.46 to $1.25 and is all-in
kapa6819: calls $0.46
*** RIVER *** [Ts 9d 4d 7h] [2d]
*** SHOW DOWN ***
kapa6819: shows [Ac Qc] (high card Ace)
Lorpugo: shows [Ah Th] (a pair of Tens)
Lorpugo collected $3.20 from pot
*** SUMMARY ***
Total pot $3.32 | Rake $0.12 
Board [Ts 9d 4d 7h 2d]
Seat 1: BukaSenpai folded before Flop (didn't bet)
Seat 2: matezernichter folded before Flop (didn't bet)
Seat 3: Overdiewings (button) folded before Flop (didn't bet)
Seat 4: kapa6819 (small blind) showed [Ac Qc] and lost with high card Ace
Seat 5: caiogs21 (big blind) folded before Flop
Seat 6: Lorpugo showed [Ah Th] and won ($3.20) with a pair of Tens



PokerStars Hand #239649686641:  Hold'em No Limit ($0.01/$0.02 USD) - 2022/11/04 15:39:44 ET
Table 'Strackea III' 6-max Seat #4 is the button
Seat 1: BukaSenpai ($2.98 in chips) 
Seat 2: matezernichter ($4.68 in chips) 
Seat 3: Overdiewings ($3.37 in chips) 
Seat 4: kapa6819 ($0.33 in chips) 
Seat 5: caiogs21 ($2.49 in chips) 
Seat 6: Lorpugo ($3.20 in chips) 
caiogs21: posts small blind $0.01
Lorpugo: posts big blind $0.02
*** HOLE CARDS ***
Dealt to Lorpugo [9s 6d]
BukaSenpai: folds 
matezernichter: folds 
Overdiewings: folds 
kapa6819: raises $0.02 to $0.04
caiogs21: calls $0.03
Lorpugo: calls $0.02
*** FLOP *** [4h 3s Td]
caiogs21: checks 
Lorpugo: bets $0.04
kapa6819: calls $0.04
caiogs21: raises $0.13 to $0.17
Lorpugo: folds 
kapa6819: folds 
Uncalled bet ($0.13) returned to caiogs21
caiogs21 collected $0.23 from pot
caiogs21: doesn't show hand 
*** SUMMARY ***
Total pot $0.24 | Rake $0.01 
Board [4h 3s Td]
Seat 1: BukaSenpai folded before Flop (didn't bet)
Seat 2: matezernichter folded before Flop (didn't bet)
Seat 3: Overdiewings folded before Flop (didn't bet)
Seat 4: kapa6819 (button) folded on the Flop
Seat 5: caiogs21 (small blind) collected ($0.23)
Seat 6: Lorpugo (big blind) folded on the Flop



PokerStars Hand #239649701219:  Hold'em No Limit ($0.01/$0.02 USD) - 2022/11/04 15:40:23 ET
Table 'Strackea III' 6-max Seat #5 is the button
Seat 1: BukaSenpai ($2.98 in chips) 
Seat 2: matezernichter ($4.68 in chips) 
Seat 3: Overdiewings ($3.37 in chips) 
Seat 4: kapa6819 ($0.25 in chips) 
Seat 5: caiogs21 ($2.64 in chips) 
Seat 6: Lorpugo ($3.12 in chips) 
Lorpugo: posts small blind $0.01
BukaSenpai: posts big blind $0.02
*** HOLE CARDS ***
Dealt to Lorpugo [3s 6c]
matezernichter: raises $0.04 to $0.06
Overdiewings: folds 
kapa6819: calls $0.06
caiogs21: folds 
Lorpugo: folds 
BukaSenpai: folds 
*** FLOP *** [7c 2d 3c]
matezernichter: bets $0.08
kapa6819: calls $0.08
*** TURN *** [7c 2d 3c] [Ts]
matezernichter: checks 
kapa6819: bets $0.11 and is all-in
matezernichter: folds 
Uncalled bet ($0.11) returned to kapa6819
kapa6819 collected $0.30 from pot
*** SUMMARY ***
Total pot $0.31 | Rake $0.01 
Board [7c 2d 3c Ts]
Seat 1: BukaSenpai (big blind) folded before Flop
Seat 2: matezernichter folded on the Turn
Seat 3: Overdiewings folded before Flop (didn't bet)
Seat 4: kapa6819 collected ($0.30)
Seat 5: caiogs21 (button) folded before Flop (didn't bet)
Seat 6: Lorpugo (small blind) folded before Flop



PokerStars Hand #239649712971:  Hold'em No Limit ($0.01/$0.02 USD) - 2022/11/04 15:40:54 ET
Table 'Strackea III' 6-max Seat #6 is the button
Seat 1: BukaSenpai ($2.96 in chips) 
Seat 2: matezernichter ($4.54 in chips) 
Seat 3: Overdiewings ($3.37 in chips) 
Seat 4: kapa6819 ($0.41 in chips) 
Seat 5: caiogs21 ($2.64 in chips) 
Seat 6: Lorpugo ($3.11 in chips) 
BukaSenpai: posts small blind $0.01
matezernichter: posts big blind $0.02
*** HOLE CARDS ***
Dealt to Lorpugo [Jd 9s]
Overdiewings: raises $0.03 to $0.05
kapa6819: calls $0.05
caiogs21: folds 
Lorpugo: folds 
BukaSenpai: folds 
matezernichter: folds 
*** FLOP *** [Kd Td 2h]
Overdiewings: bets $0.04
kapa6819: raises $0.04 to $0.08
Overdiewings: raises $0.31 to $0.39
kapa6819: calls $0.28 and is all-in
Uncalled bet ($0.03) returned to Overdiewings
*** TURN *** [Kd Td 2h] [Ts]
*** RIVER *** [Kd Td 2h Ts] [As]
*** SHOW DOWN ***
Overdiewings: shows [Qh Kh] (two pair, Kings and Tens)
kapa6819: shows [2d 8d] (two pair, Tens and Deuces)
Overdiewings collected $0.82 from pot
*** SUMMARY ***
Total pot $0.85 | Rake $0.03 
Board [Kd Td 2h Ts As]
Seat 1: BukaSenpai (small blind) folded before Flop
Seat 2: matezernichter (big blind) folded before Flop
Seat 3: Overdiewings showed [Qh Kh] and won ($0.82) with two pair, Kings and Tens
Seat 4: kapa6819 showed [2d 8d] and lost with two pair, Tens and Deuces
Seat 5: caiogs21 folded before Flop (didn't bet)
Seat 6: Lorpugo (button) folded before Flop (didn't bet)



PokerStars Hand #239649731991:  Hold'em No Limit ($0.01/$0.02 USD) - 2022/11/04 15:41:44 ET
Table 'Strackea III' 6-max Seat #1 is the button
Seat 1: BukaSenpai ($2.95 in chips) 
Seat 2: matezernichter ($4.52 in chips) 
Seat 3: Overdiewings ($3.78 in chips) 
Seat 5: caiogs21 ($2.64 in chips) 
Seat 6: Lorpugo ($3.11 in chips) 
matezernichter: posts small blind $0.01
Overdiewings: posts big blind $0.02
*** HOLE CARDS ***
Dealt to Lorpugo [9h Ts]
caiogs21: folds 
kapa6819 leaves the table
Lorpugo: raises $0.04 to $0.06
BukaSenpai: folds 
Muszkli299 joins the table at seat #4 
matezernichter: folds 
Overdiewings: folds 
Uncalled bet ($0.04) returned to Lorpugo
Lorpugo collected $0.05 from pot
*** SUMMARY ***
Total pot $0.05 | Rake $0 
Seat 1: BukaSenpai (button) folded before Flop (didn't bet)
Seat 2: matezernichter (small blind) folded before Flop
Seat 3: Overdiewings (big blind) folded before Flop
Seat 5: caiogs21 folded before Flop (didn't bet)
Seat 6: Lorpugo collected ($0.05)



PokerStars Hand #239649739235:  Hold'em No Limit ($0.01/$0.02 USD) - 2022/11/04 15:42:03 ET
Table 'Strackea III' 6-max Seat #2 is the button
Seat 1: BukaSenpai ($2.95 in chips) 
Seat 2: matezernichter ($4.51 in chips) 
Seat 3: Overdiewings ($3.76 in chips) 
Seat 4: Muszkli299 ($2 in chips) 
Seat 5: caiogs21 ($2.64 in chips) 
Seat 6: Lorpugo ($3.14 in chips) 
Overdiewings: posts small blind $0.01
Muszkli299: posts big blind $0.02
*** HOLE CARDS ***
Dealt to Lorpugo [6c Qs]
caiogs21: folds 
Lorpugo: folds 
BukaSenpai: folds 
matezernichter: folds 
Overdiewings: folds 
Uncalled bet ($0.01) returned to Muszkli299
Muszkli299 collected $0.02 from pot
Muszkli299: doesn't show hand 
*** SUMMARY ***
Total pot $0.02 | Rake $0 
Seat 1: BukaSenpai folded before Flop (didn't bet)
Seat 2: matezernichter (button) folded before Flop (didn't bet)
Seat 3: Overdiewings (small blind) folded before Flop
Seat 4: Muszkli299 (big blind) collected ($0.02)
Seat 5: caiogs21 folded before Flop (didn't bet)
Seat 6: Lorpugo folded before Flop (didn't bet)



PokerStars Hand #239649745288:  Hold'em No Limit ($0.01/$0.02 USD) - 2022/11/04 15:42:19 ET
Table 'Strackea III' 6-max Seat #3 is the button
Seat 1: BukaSenpai ($2.95 in chips) 
Seat 2: matezernichter ($4.51 in chips) 
Seat 3: Overdiewings ($3.75 in chips) 
Seat 4: Muszkli299 ($2.01 in chips) 
Seat 5: caiogs21 ($2.64 in chips) 
Seat 6: Lorpugo ($3.14 in chips) 
Muszkli299: posts small blind $0.01
caiogs21: posts big blind $0.02
*** HOLE CARDS ***
Dealt to Lorpugo [Ac Jc]
Lorpugo: raises $0.04 to $0.06
BukaSenpai: folds 
matezernichter: folds 
Overdiewings: folds 
Muszkli299: folds 
caiogs21: folds 
Uncalled bet ($0.04) returned to Lorpugo
Lorpugo collected $0.05 from pot
Lorpugo: doesn't show hand 
*** SUMMARY ***
Total pot $0.05 | Rake $0 
Seat 1: BukaSenpai folded before Flop (didn't bet)
Seat 2: matezernichter folded before Flop (didn't bet)
Seat 3: Overdiewings (button) folded before Flop (didn't bet)
Seat 4: Muszkli299 (small blind) folded before Flop
Seat 5: caiogs21 (big blind) folded before Flop
Seat 6: Lorpugo collected ($0.05)



PokerStars Hand #239649748883:  Hold'em No Limit ($0.01/$0.02 USD) - 2022/11/04 15:42:29 ET
Table 'Strackea III' 6-max Seat #4 is the button
Seat 1: BukaSenpai ($2.95 in chips) 
Seat 2: matezernichter ($4.51 in chips) 
Seat 3: Overdiewings ($3.75 in chips) 
Seat 4: Muszkli299 ($2 in chips) 
Seat 5: caiogs21 ($2.62 in chips) 
Seat 6: Lorpugo ($3.17 in chips) 
caiogs21: posts small blind $0.01
Lorpugo: posts big blind $0.02
*** HOLE CARDS ***
Dealt to Lorpugo [6h 6d]
BukaSenpai: raises $0.03 to $0.05
matezernichter: calls $0.05
Overdiewings: folds 
Muszkli299: calls $0.05
caiogs21: folds 
Lorpugo: calls $0.03
*** FLOP *** [4h 2d Tc]
Lorpugo: checks 
BukaSenpai: checks 
matezernichter: checks 
Muszkli299: checks 
*** TURN *** [4h 2d Tc] [Kc]
Lorpugo: checks 
BukaSenpai: bets $0.10
matezernichter: folds 
Muszkli299: folds 
Lorpugo: folds 
Uncalled bet ($0.10) returned to BukaSenpai
BukaSenpai collected $0.20 from pot
BukaSenpai: doesn't show hand 
*** SUMMARY ***
Total pot $0.21 | Rake $0.01 
Board [4h 2d Tc Kc]
Seat 1: BukaSenpai collected ($0.20)
Seat 2: matezernichter folded on the Turn
Seat 3: Overdiewings folded before Flop (didn't bet)
Seat 4: Muszkli299 (button) folded on the Turn
Seat 5: caiogs21 (small blind) folded before Flop
Seat 6: Lorpugo (big blind) folded on the Turn



PokerStars Hand #239649763523:  Hold'em No Limit ($0.01/$0.02 USD) - 2022/11/04 15:43:08 ET
Table 'Strackea III' 6-max Seat #5 is the button
Seat 2: matezernichter ($4.46 in chips) 
Seat 3: Overdiewings ($3.75 in chips) 
Seat 4: Muszkli299 ($2 in chips) 
Seat 5: caiogs21 ($2.61 in chips) 
Seat 6: Lorpugo ($3.12 in chips) 
Lorpugo: posts small blind $0.01
BukaSenpai: is sitting out 
matezernichter: posts big blind $0.02
*** HOLE CARDS ***
Dealt to Lorpugo [6s 4s]
Overdiewings: folds 
BukaSenpai leaves the table
Muszkli299: folds 
caiogs21: folds 
Lorpugo: raises $0.04 to $0.06
matezernichter: folds 
Uncalled bet ($0.04) returned to Lorpugo
Lorpugo collected $0.04 from pot
Lorpugo: doesn't show hand 
*** SUMMARY ***
Total pot $0.04 | Rake $0 
Seat 2: matezernichter (big blind) folded before Flop
Seat 3: Overdiewings folded before Flop (didn't bet)
Seat 4: Muszkli299 folded before Flop (didn't bet)
Seat 5: caiogs21 (button) folded before Flop (didn't bet)
Seat 6: Lorpugo (small blind) collected ($0.04)



PokerStars Hand #239649768960:  Hold'em No Limit ($0.01/$0.02 USD) - 2022/11/04 15:43:22 ET
Table 'Strackea III' 6-max Seat #6 is the button
Seat 2: matezernichter ($4.44 in chips) 
Seat 3: Overdiewings ($3.75 in chips) 
Seat 4: Muszkli299 ($2 in chips) 
Seat 5: caiogs21 ($2.61 in chips) 
Seat 6: Lorpugo ($3.14 in chips) 
matezernichter: posts small blind $0.01
Overdiewings: posts big blind $0.02
*** HOLE CARDS ***
Dealt to Lorpugo [8d 3h]
Muszkli299: raises $0.04 to $0.06
caiogs21: calls $0.06
Lorpugo: folds 
matezernichter: folds 
Overdiewings: folds 
*** FLOP *** [6s Jc Js]
Muszkli299: checks 
caiogs21: checks 
*** TURN *** [6s Jc Js] [5h]
Muszkli299: checks 
caiogs21: checks 
*** RIVER *** [6s Jc Js 5h] [8h]
Muszkli299: checks 
caiogs21: checks 
*** SHOW DOWN ***
Muszkli299: shows [Kh Ah] (a pair of Jacks)
caiogs21: mucks hand 
Muszkli299 collected $0.14 from pot
*** SUMMARY ***
Total pot $0.15 | Rake $0.01 
Board [6s Jc Js 5h 8h]
Seat 2: matezernichter (small blind) folded before Flop
Seat 3: Overdiewings (big blind) folded before Flop
Seat 4: Muszkli299 showed [Kh Ah] and won ($0.14) with a pair of Jacks
Seat 5: caiogs21 mucked [9c Ac]
Seat 6: Lorpugo (button) folded before Flop (didn't bet)



PokerStars Hand #239649780967:  Hold'em No Limit ($0.01/$0.02 USD) - 2022/11/04 15:43:54 ET
Table 'Strackea III' 6-max Seat #2 is the button
Seat 2: matezernichter ($4.43 in chips) 
Seat 3: Overdiewings ($3.73 in chips) 
Seat 4: Muszkli299 ($2.08 in chips) 
Seat 5: caiogs21 ($2.55 in chips) 
Seat 6: Lorpugo ($3.14 in chips) 
Overdiewings: posts small blind $0.01
Muszkli299: posts big blind $0.02
*** HOLE CARDS ***
Dealt to Lorpugo [9h 2d]
caiogs21: folds 
Lorpugo: folds 
matezernichter: folds 
Overdiewings: raises $0.03 to $0.05
Muszkli299: calls $0.03
*** FLOP *** [Jh 3c 6d]
Overdiewings: bets $0.03
Muszkli299: folds 
Uncalled bet ($0.03) returned to Overdiewings
Overdiewings collected $0.10 from pot
*** SUMMARY ***
Total pot $0.10 | Rake $0 
Board [Jh 3c 6d]
Seat 2: matezernichter (button) folded before Flop (didn't bet)
Seat 3: Overdiewings (small blind) collected ($0.10)
Seat 4: Muszkli299 (big blind) folded on the Flop
Seat 5: caiogs21 folded before Flop (didn't bet)
Seat 6: Lorpugo folded before Flop (didn't bet)



PokerStars Hand #239649788127:  Hold'em No Limit ($0.01/$0.02 USD) - 2022/11/04 15:44:13 ET
Table 'Strackea III' 6-max Seat #3 is the button
Seat 2: matezernichter ($4.43 in chips) 
Seat 3: Overdiewings ($3.78 in chips) 
Seat 4: Muszkli299 ($2.03 in chips) 
Seat 5: caiogs21 ($2.55 in chips) 
Seat 6: Lorpugo ($3.14 in chips) 
Muszkli299: posts small blind $0.01
caiogs21: posts big blind $0.02
*** HOLE CARDS ***
Dealt to Lorpugo [Js 2s]
Karim84-berlin joins the table at seat #1 
Lorpugo: folds 
matezernichter: raises $0.04 to $0.06
Overdiewings: folds 
Muszkli299: folds 
caiogs21: folds 
Uncalled bet ($0.04) returned to matezernichter
matezernichter collected $0.05 from pot
matezernichter: doesn't show hand 
*** SUMMARY ***
Total pot $0.05 | Rake $0 
Seat 2: matezernichter collected ($0.05)
Seat 3: Overdiewings (button) folded before Flop (didn't bet)
Seat 4: Muszkli299 (small blind) folded before Flop
Seat 5: caiogs21 (big blind) folded before Flop
Seat 6: Lorpugo folded before Flop (didn't bet)



PokerStars Hand #239649797882:  Hold'em No Limit ($0.01/$0.02 USD) - 2022/11/04 15:44:39 ET
Table 'Strackea III' 6-max Seat #4 is the button
Seat 2: matezernichter ($4.46 in chips) 
Seat 3: Overdiewings ($3.78 in chips) 
Seat 4: Muszkli299 ($2.02 in chips) 
Seat 5: caiogs21 ($2.53 in chips) 
Seat 6: Lorpugo ($3.14 in chips) 
caiogs21: posts small blind $0.01
Lorpugo: posts big blind $0.02
Karim84-berlin: sits out 
*** HOLE CARDS ***
Dealt to Lorpugo [2h Ac]
matezernichter: folds 
Overdiewings: folds 
Muszkli299: folds 
caiogs21: raises $0.04 to $0.06
Lorpugo: raises $0.12 to $0.18
caiogs21: calls $0.12
*** FLOP *** [9d 2d 2s]
caiogs21: checks 
Lorpugo: bets $0.23
caiogs21: folds 
Uncalled bet ($0.23) returned to Lorpugo
Lorpugo collected $0.35 from pot
Lorpugo: doesn't show hand 
*** SUMMARY ***
Total pot $0.36 | Rake $0.01 
Board [9d 2d 2s]
Seat 2: matezernichter folded before Flop (didn't bet)
Seat 3: Overdiewings folded before Flop (didn't bet)
Seat 4: Muszkli299 (button) folded before Flop (didn't bet)
Seat 5: caiogs21 (small blind) folded on the Flop
Seat 6: Lorpugo (big blind) collected ($0.35)



PokerStars Hand #239649809057:  Hold'em No Limit ($0.01/$0.02 USD) - 2022/11/04 15:45:09 ET
Table 'Strackea III' 6-max Seat #5 is the button
Seat 1: Karim84-berlin ($2 in chips) 
Seat 2: matezernichter ($4.46 in chips) 
Seat 3: Overdiewings ($3.78 in chips) 
Seat 4: Muszkli299 ($2.02 in chips) 
Seat 5: caiogs21 ($2.35 in chips) 
Seat 6: Lorpugo ($3.31 in chips) 
Lorpugo: posts small blind $0.01
Karim84-berlin: posts big blind $0.02
*** HOLE CARDS ***
Dealt to Lorpugo [6s Ks]
matezernichter: folds 
Overdiewings: folds 
Muszkli299: calls $0.02
caiogs21: folds 
Lorpugo: calls $0.01
Karim84-berlin: checks 
*** FLOP *** [9c 4c Kh]
Lorpugo: checks 
Karim84-berlin: checks 
Muszkli299: checks 
*** TURN *** [9c 4c Kh] [6d]
Lorpugo: bets $0.04
Karim84-berlin: folds 
Muszkli299: folds 
Uncalled bet ($0.04) returned to Lorpugo
Lorpugo collected $0.06 from pot
Lorpugo: doesn't show hand 
*** SUMMARY ***
Total pot $0.06 | Rake $0 
Board [9c 4c Kh 6d]
Seat 1: Karim84-berlin (big blind) folded on the Turn
Seat 2: matezernichter folded before Flop (didn't bet)
Seat 3: Overdiewings folded before Flop (didn't bet)
Seat 4: Muszkli299 folded on the Turn
Seat 5: caiogs21 (button) folded before Flop (didn't bet)
Seat 6: Lorpugo (small blind) collected ($0.06)



PokerStars Hand #239649825434:  Hold'em No Limit ($0.01/$0.02 USD) - 2022/11/04 15:45:52 ET
Table 'Strackea III' 6-max Seat #6 is the button
Seat 1: Karim84-berlin ($2 in chips) 
Seat 2: matezernichter ($4.46 in chips) 
Seat 3: Overdiewings ($3.78 in chips) 
Seat 4: Muszkli299 ($2 in chips) 
Seat 5: caiogs21 ($2.35 in chips) 
Seat 6: Lorpugo ($3.35 in chips) 
Karim84-berlin: posts small blind $0.01
matezernichter: posts big blind $0.02
*** HOLE CARDS ***
Dealt to Lorpugo [5c 9c]
Overdiewings: folds 
Muszkli299: calls $0.02
caiogs21: folds 
Lorpugo: folds 
Karim84-berlin: raises $0.02 to $0.04
matezernichter: calls $0.02
Muszkli299: calls $0.02
*** FLOP *** [3s 8c Ks]
Karim84-berlin: bets $0.08
matezernichter: calls $0.08
Muszkli299: folds 
*** TURN *** [3s 8c Ks] [3h]
Karim84-berlin: bets $0.16
matezernichter: raises $0.24 to $0.40
Karim84-berlin: folds 
Uncalled bet ($0.24) returned to matezernichter
matezernichter collected $0.58 from pot
matezernichter: doesn't show hand 
*** SUMMARY ***
Total pot $0.60 | Rake $0.02 
Board [3s 8c Ks 3h]
Seat 1: Karim84-berlin (small blind) folded on the Turn
Seat 2: matezernichter (big blind) collected ($0.58)
Seat 3: Overdiewings folded before Flop (didn't bet)
Seat 4: Muszkli299 folded on the Flop
Seat 5: caiogs21 folded before Flop (didn't bet)
Seat 6: Lorpugo (button) folded before Flop (didn't bet)



PokerStars Hand #239649843596:  Hold'em No Limit ($0.01/$0.02 USD) - 2022/11/04 15:46:41 ET
Table 'Strackea III' 6-max Seat #1 is the button
Seat 1: Karim84-berlin ($2 in chips) 
Seat 2: matezernichter ($4.76 in chips) 
Seat 3: Overdiewings ($3.78 in chips) 
Seat 4: Muszkli299 ($2 in chips) 
Seat 5: caiogs21 ($2.35 in chips) 
Seat 6: Lorpugo ($3.35 in chips) 
matezernichter: posts small blind $0.01
Overdiewings: posts big blind $0.02
*** HOLE CARDS ***
Dealt to Lorpugo [9s 8c]
Muszkli299: calls $0.02
caiogs21: folds 
Lorpugo: folds 
Karim84-berlin: folds 
matezernichter: folds 
Overdiewings: raises $0.08 to $0.10
Muszkli299: calls $0.08
*** FLOP *** [7s Jh 5d]
Overdiewings: bets $0.09
Muszkli299: calls $0.09
*** TURN *** [7s Jh 5d] [Qs]
Overdiewings: bets $0.19
Muszkli299: calls $0.19
*** RIVER *** [7s Jh 5d Qs] [Qc]
Overdiewings: checks 
Muszkli299: bets $0.52
Overdiewings: folds 
Uncalled bet ($0.52) returned to Muszkli299
Muszkli299 collected $0.74 from pot
Muszkli299: doesn't show hand 
*** SUMMARY ***
Total pot $0.77 | Rake $0.03 
Board [7s Jh 5d Qs Qc]
Seat 1: Karim84-berlin (button) folded before Flop (didn't bet)
Seat 2: matezernichter (small blind) folded before Flop
Seat 3: Overdiewings (big blind) folded on the River
Seat 4: Muszkli299 collected ($0.74)
Seat 5: caiogs21 folded before Flop (didn't bet)
Seat 6: Lorpugo folded before Flop (didn't bet)



PokerStars Hand #239649865732:  Hold'em No Limit ($0.01/$0.02 USD) - 2022/11/04 15:47:40 ET
Table 'Strackea III' 6-max Seat #2 is the button
Seat 1: Karim84-berlin ($2 in chips) 
Seat 2: matezernichter ($4.75 in chips) 
Seat 3: Overdiewings ($3.40 in chips) 
Seat 4: Muszkli299 ($2.36 in chips) 
Seat 5: caiogs21 ($2.35 in chips) 
Seat 6: Lorpugo ($3.35 in chips) 
Overdiewings: posts small blind $0.01
Muszkli299: posts big blind $0.02
*** HOLE CARDS ***
Dealt to Lorpugo [Ts Jc]
caiogs21: folds 
Lorpugo: raises $0.04 to $0.06
Karim84-berlin: folds 
matezernichter: calls $0.06
Overdiewings: folds 
Muszkli299: folds 
*** FLOP *** [Td 8h 5h]
Muszkli299 leaves the table
Lorpugo: bets $0.09
matezernichter: calls $0.09
*** TURN *** [Td 8h 5h] [5s]
vanja@ps joins the table at seat #4 
Lorpugo: bets $0.21
matezernichter: folds 
Uncalled bet ($0.21) returned to Lorpugo
Lorpugo collected $0.32 from pot
Lorpugo: doesn't show hand 
*** SUMMARY ***
Total pot $0.33 | Rake $0.01 
Board [Td 8h 5h 5s]
Seat 1: Karim84-berlin folded before Flop (didn't bet)
Seat 2: matezernichter (button) folded on the Turn
Seat 3: Overdiewings (small blind) folded before Flop
Seat 4: Muszkli299 (big blind) folded before Flop
Seat 5: caiogs21 folded before Flop (didn't bet)
Seat 6: Lorpugo collected ($0.32)



PokerStars Hand #239649880464:  Hold'em No Limit ($0.01/$0.02 USD) - 2022/11/04 15:48:19 ET
Table 'Strackea III' 6-max Seat #3 is the button
Seat 1: Karim84-berlin ($2 in chips) 
Seat 2: matezernichter ($4.60 in chips) 
Seat 3: Overdiewings ($3.39 in chips) 
Seat 5: caiogs21 ($2.35 in chips) 
Seat 6: Lorpugo ($3.52 in chips) 
caiogs21: posts small blind $0.01
Lorpugo: posts big blind $0.02
*** HOLE CARDS ***
Dealt to Lorpugo [Kc 6s]
Karim84-berlin: folds 
matezernichter: folds 
Overdiewings: folds 
caiogs21: folds 
Uncalled bet ($0.01) returned to Lorpugo
Lorpugo collected $0.02 from pot
Lorpugo: doesn't show hand 
*** SUMMARY ***
Total pot $0.02 | Rake $0 
Seat 1: Karim84-berlin folded before Flop (didn't bet)
Seat 2: matezernichter folded before Flop (didn't bet)
Seat 3: Overdiewings (button) folded before Flop (didn't bet)
Seat 5: caiogs21 (small blind) folded before Flop
Seat 6: Lorpugo (big blind) collected ($0.02)



PokerStars Hand #239649884964:  Hold'em No Limit ($0.01/$0.02 USD) - 2022/11/04 15:48:31 ET
Table 'Strackea III' 6-max Seat #5 is the button
Seat 1: Karim84-berlin ($2 in chips) 
Seat 2: matezernichter ($4.60 in chips) 
Seat 3: Overdiewings ($3.39 in chips) 
Seat 5: caiogs21 ($2.34 in chips) 
Seat 6: Lorpugo ($3.53 in chips) 
Lorpugo: posts small blind $0.01
Karim84-berlin: posts big blind $0.02
vanja@ps: sits out 
*** HOLE CARDS ***
Dealt to Lorpugo [Qc 2s]
matezernichter: folds 
Overdiewings: folds 
caiogs21: folds 
Lorpugo: raises $0.04 to $0.06
Karim84-berlin: folds 
Uncalled bet ($0.04) returned to Lorpugo
Lorpugo collected $0.04 from pot
Lorpugo: doesn't show hand 
*** SUMMARY ***
Total pot $0.04 | Rake $0 
Seat 1: Karim84-berlin (big blind) folded before Flop
Seat 2: matezernichter folded before Flop (didn't bet)
Seat 3: Overdiewings folded before Flop (didn't bet)
Seat 5: caiogs21 (button) folded before Flop (didn't bet)
Seat 6: Lorpugo (small blind) collected ($0.04)



PokerStars Hand #239649889521:  Hold'em No Limit ($0.01/$0.02 USD) - 2022/11/04 15:48:43 ET
Table 'Strackea III' 6-max Seat #6 is the button
Seat 1: Karim84-berlin ($2 in chips) 
Seat 2: matezernichter ($4.60 in chips) 
Seat 3: Overdiewings ($3.39 in chips) 
Seat 5: caiogs21 ($2.34 in chips) 
Seat 6: Lorpugo ($3.55 in chips) 
Karim84-berlin: posts small blind $0.01
matezernichter: posts big blind $0.02
vanja@ps: sits out 
*** HOLE CARDS ***
Dealt to Lorpugo [2h 2d]
Overdiewings: folds 
caiogs21: raises $0.04 to $0.06
Lorpugo: calls $0.06
Karim84-berlin: folds 
matezernichter: calls $0.04
*** FLOP *** [7s Qh Jh]
matezernichter: checks 
caiogs21: checks 
Lorpugo: checks 
*** TURN *** [7s Qh Jh] [Ad]
matezernichter: bets $0.11
caiogs21: calls $0.11
Lorpugo: folds 
*** RIVER *** [7s Qh Jh Ad] [5h]
matezernichter: checks 
caiogs21: checks 
*** SHOW DOWN ***
matezernichter: shows [Td Ac] (a pair of Aces)
caiogs21: mucks hand 
matezernichter collected $0.40 from pot
*** SUMMARY ***
Total pot $0.41 | Rake $0.01 
Board [7s Qh Jh Ad 5h]
Seat 1: Karim84-berlin (small blind) folded before Flop
Seat 2: matezernichter (big blind) showed [Td Ac] and won ($0.40) with a pair of Aces
Seat 3: Overdiewings folded before Flop (didn't bet)
Seat 5: caiogs21 mucked [Jc Ts]
Seat 6: Lorpugo (button) folded on the Turn



PokerStars Hand #239649905190:  Hold'em No Limit ($0.01/$0.02 USD) - 2022/11/04 15:49:25 ET
Table 'Strackea III' 6-max Seat #1 is the button
Seat 1: Karim84-berlin ($2 in chips) 
Seat 2: matezernichter ($4.83 in chips) 
Seat 3: Overdiewings ($3.39 in chips) 
Seat 5: caiogs21 ($2.17 in chips) 
Seat 6: Lorpugo ($3.49 in chips) 
matezernichter: posts small blind $0.01
Overdiewings: posts big blind $0.02
vanja@ps: sits out 
*** HOLE CARDS ***
Dealt to Lorpugo [9s 6c]
caiogs21: folds 
Lorpugo: folds 
Karim84-berlin: calls $0.02
matezernichter: folds 
Overdiewings: checks 
*** FLOP *** [Js Ad Jh]
Overdiewings: checks 
Karim84-berlin: checks 
*** TURN *** [Js Ad Jh] [7d]
Overdiewings: bets $0.04
Karim84-berlin: folds 
Uncalled bet ($0.04) returned to Overdiewings
Overdiewings collected $0.05 from pot
*** SUMMARY ***
Total pot $0.05 | Rake $0 
Board [Js Ad Jh 7d]
Seat 1: Karim84-berlin (button) folded on the Turn
Seat 2: matezernichter (small blind) folded before Flop
Seat 3: Overdiewings (big blind) collected ($0.05)
Seat 5: caiogs21 folded before Flop (didn't bet)
Seat 6: Lorpugo folded before Flop (didn't bet)



PokerStars Hand #239649914431:  Hold'em No Limit ($0.01/$0.02 USD) - 2022/11/04 15:49:50 ET
Table 'Strackea III' 6-max Seat #2 is the button
Seat 1: Karim84-berlin ($2 in chips) 
Seat 2: matezernichter ($4.82 in chips) 
Seat 3: Overdiewings ($3.42 in chips) 
Seat 4: vanja@ps ($1.60 in chips) 
Seat 5: caiogs21 ($2.17 in chips) 
Seat 6: Lorpugo ($3.49 in chips) 
Overdiewings: posts small blind $0.01
vanja@ps: posts big blind $0.02
*** HOLE CARDS ***
Dealt to Lorpugo [Ah 8s]
caiogs21: raises $0.04 to $0.06
Lorpugo: folds 
Karim84-berlin: folds 
matezernichter: folds 
Overdiewings: folds 
vanja@ps: folds 
Uncalled bet ($0.04) returned to caiogs21
caiogs21 collected $0.05 from pot
caiogs21: doesn't show hand 
*** SUMMARY ***
Total pot $0.05 | Rake $0 
Seat 1: Karim84-berlin folded before Flop (didn't bet)
Seat 2: matezernichter (button) folded before Flop (didn't bet)
Seat 3: Overdiewings (small blind) folded before Flop
Seat 4: vanja@ps (big blind) folded before Flop
Seat 5: caiogs21 collected ($0.05)
Seat 6: Lorpugo folded before Flop (didn't bet)



PokerStars Hand #239649919525:  Hold'em No Limit ($0.01/$0.02 USD) - 2022/11/04 15:50:03 ET
Table 'Strackea III' 6-max Seat #3 is the button
Seat 1: Karim84-berlin ($2 in chips) 
Seat 2: matezernichter ($4.82 in chips) 
Seat 3: Overdiewings ($3.41 in chips) 
Seat 4: vanja@ps ($1.58 in chips) 
Seat 5: caiogs21 ($2.20 in chips) 
Seat 6: Lorpugo ($3.49 in chips) 
vanja@ps: posts small blind $0.01
caiogs21: posts big blind $0.02
*** HOLE CARDS ***
Dealt to Lorpugo [2h 2c]
Lorpugo: raises $0.02 to $0.04
Karim84-berlin: folds 
matezernichter: folds 
Overdiewings: calls $0.04
vanja@ps: folds 
caiogs21: calls $0.02
*** FLOP *** [Qh 9s 3s]
caiogs21: checks 
Lorpugo: checks 
Overdiewings: checks 
*** TURN *** [Qh 9s 3s] [6s]
caiogs21: bets $0.07
Lorpugo: folds 
Overdiewings: folds 
Uncalled bet ($0.07) returned to caiogs21
caiogs21 collected $0.13 from pot
caiogs21: doesn't show hand 
*** SUMMARY ***
Total pot $0.13 | Rake $0 
Board [Qh 9s 3s 6s]
Seat 1: Karim84-berlin folded before Flop (didn't bet)
Seat 2: matezernichter folded before Flop (didn't bet)
Seat 3: Overdiewings (button) folded on the Turn
Seat 4: vanja@ps (small blind) folded before Flop
Seat 5: caiogs21 (big blind) collected ($0.13)
Seat 6: Lorpugo folded on the Turn



PokerStars Hand #239649930272:  Hold'em No Limit ($0.01/$0.02 USD) - 2022/11/04 15:50:32 ET
Table 'Strackea III' 6-max Seat #4 is the button
Seat 1: Karim84-berlin ($2 in chips) 
Seat 2: matezernichter ($4.82 in chips) 
Seat 3: Overdiewings ($3.37 in chips) 
Seat 4: vanja@ps ($1.57 in chips) 
Seat 5: caiogs21 ($2.29 in chips) 
Seat 6: Lorpugo ($3.45 in chips) 
caiogs21: posts small blind $0.01
Lorpugo: posts big blind $0.02
*** HOLE CARDS ***
Dealt to Lorpugo [8d Kh]
Karim84-berlin: raises $0.04 to $0.06
matezernichter: folds 
Overdiewings: folds 
vanja@ps: folds 
caiogs21: calls $0.05
Lorpugo: folds 
*** FLOP *** [5h Kd 3d]
caiogs21: checks 
Karim84-berlin: bets $0.10
caiogs21: folds 
Uncalled bet ($0.10) returned to Karim84-berlin
Karim84-berlin collected $0.14 from pot
*** SUMMARY ***
Total pot $0.14 | Rake $0 
Board [5h Kd 3d]
Seat 1: Karim84-berlin collected ($0.14)
Seat 2: matezernichter folded before Flop (didn't bet)
Seat 3: Overdiewings folded before Flop (didn't bet)
Seat 4: vanja@ps (button) folded before Flop (didn't bet)
Seat 5: caiogs21 (small blind) folded on the Flop
Seat 6: Lorpugo (big blind) folded before Flop



PokerStars Hand #239649943968:  Hold'em No Limit ($0.01/$0.02 USD) - 2022/11/04 15:51:08 ET
Table 'Strackea III' 6-max Seat #5 is the button
Seat 1: Karim84-berlin ($2.08 in chips) 
Seat 2: matezernichter ($4.82 in chips) 
Seat 3: Overdiewings ($3.37 in chips) 
Seat 4: vanja@ps ($1.57 in chips) 
Seat 5: caiogs21 ($2.23 in chips) 
Seat 6: Lorpugo ($3.43 in chips) 
Lorpugo: posts small blind $0.01
Karim84-berlin: posts big blind $0.02
*** HOLE CARDS ***
Dealt to Lorpugo [7s 3h]
matezernichter: folds 
Overdiewings: folds 
vanja@ps: raises $0.04 to $0.06
caiogs21: folds 
Lorpugo: folds 
Karim84-berlin: folds 
Uncalled bet ($0.04) returned to vanja@ps
vanja@ps collected $0.05 from pot
*** SUMMARY ***
Total pot $0.05 | Rake $0 
Seat 1: Karim84-berlin (big blind) folded before Flop
Seat 2: matezernichter folded before Flop (didn't bet)
Seat 3: Overdiewings folded before Flop (didn't bet)
Seat 4: vanja@ps collected ($0.05)
Seat 5: caiogs21 (button) folded before Flop (didn't bet)
Seat 6: Lorpugo (small blind) folded before Flop



PokerStars Hand #239649950236:  Hold'em No Limit ($0.01/$0.02 USD) - 2022/11/04 15:51:24 ET
Table 'Strackea III' 6-max Seat #6 is the button
Seat 1: Karim84-berlin ($2.06 in chips) 
Seat 2: matezernichter ($4.82 in chips) 
Seat 3: Overdiewings ($3.37 in chips) 
Seat 4: vanja@ps ($1.60 in chips) 
Seat 5: caiogs21 ($2.23 in chips) 
Seat 6: Lorpugo ($3.42 in chips) 
Karim84-berlin: posts small blind $0.01
matezernichter: posts big blind $0.02
*** HOLE CARDS ***
Dealt to Lorpugo [Kd Qh]
Overdiewings: folds 
vanja@ps: folds 
caiogs21: raises $0.04 to $0.06
Lorpugo: raises $0.12 to $0.18
Karim84-berlin: folds 
matezernichter: folds 
caiogs21: calls $0.12
*** FLOP *** [4d 8c 3d]
caiogs21: checks 
Lorpugo: checks 
*** TURN *** [4d 8c 3d] [9c]
caiogs21: bets $0.20
Lorpugo: folds 
Uncalled bet ($0.20) returned to caiogs21
caiogs21 collected $0.38 from pot
caiogs21: doesn't show hand 
*** SUMMARY ***
Total pot $0.39 | Rake $0.01 
Board [4d 8c 3d 9c]
Seat 1: Karim84-berlin (small blind) folded before Flop
Seat 2: matezernichter (big blind) folded before Flop
Seat 3: Overdiewings folded before Flop (didn't bet)
Seat 4: vanja@ps folded before Flop (didn't bet)
Seat 5: caiogs21 collected ($0.38)
Seat 6: Lorpugo (button) folded on the Turn



PokerStars Hand #239649966555:  Hold'em No Limit ($0.01/$0.02 USD) - 2022/11/04 15:52:08 ET
Table 'Strackea III' 6-max Seat #1 is the button
Seat 1: Karim84-berlin ($2.05 in chips) 
Seat 2: matezernichter ($4.80 in chips) 
Seat 4: vanja@ps ($1.60 in chips) 
Seat 5: caiogs21 ($2.43 in chips) 
Seat 6: Lorpugo ($3.24 in chips) 
matezernichter: posts small blind $0.01
Overdiewings: is sitting out 
vanja@ps: posts big blind $0.02
*** HOLE CARDS ***
Dealt to Lorpugo [9s 6s]
Overdiewings leaves the table
caiogs21: folds 
Lorpugo: raises $0.04 to $0.06
Karim84-berlin: raises $0.08 to $0.14
matezernichter: folds 
vanja@ps: folds 
Lorpugo: calls $0.08
*** FLOP *** [Tc Js Ts]
Lorpugo: checks 
Karim84-berlin: bets $0.26
Lorpugo: calls $0.26
*** TURN *** [Tc Js Ts] [Jd]
Lorpugo: checks 
Karim84-berlin: checks 
*** RIVER *** [Tc Js Ts Jd] [Kc]
Lorpugo: bets $0.40
Karim84-berlin: folds [Kh As]
Uncalled bet ($0.40) returned to Lorpugo
Lorpugo collected $0.80 from pot
Lorpugo: doesn't show hand 
*** SUMMARY ***
Total pot $0.83 | Rake $0.03 
Board [Tc Js Ts Jd Kc]
Seat 1: Karim84-berlin (button) folded on the River
Seat 2: matezernichter (small blind) folded before Flop
Seat 4: vanja@ps (big blind) folded before Flop
Seat 5: caiogs21 folded before Flop (didn't bet)
Seat 6: Lorpugo collected ($0.80)



PokerStars Hand #239649999660:  Hold'em No Limit ($0.01/$0.02 USD) - 2022/11/04 15:53:36 ET
Table 'Strackea III' 6-max Seat #2 is the button
Seat 1: Karim84-berlin ($2 in chips) 
Seat 2: matezernichter ($4.79 in chips) 
Seat 4: vanja@ps ($1.58 in chips) 
Seat 5: caiogs21 ($2.43 in chips) 
Seat 6: Lorpugo ($3.64 in chips) 
vanja@ps: posts small blind $0.01
caiogs21: posts big blind $0.02
*** HOLE CARDS ***
Dealt to Lorpugo [Ad 8s]
Lorpugo: raises $0.04 to $0.06
Karim84-berlin: calls $0.06
matezernichter: folds 
vanja@ps: folds 
caiogs21: folds 
*** FLOP *** [7c 9c 3d]
Lorpugo: checks 
Karim84-berlin: bets $0.02
Lorpugo: calls $0.02
*** TURN *** [7c 9c 3d] [Ac]
Lorpugo: checks 
Karim84-berlin: bets $0.18
Lorpugo: calls $0.18
*** RIVER *** [7c 9c 3d Ac] [9s]
Lorpugo: checks 
Karim84-berlin: bets $0.53
jeevanvishwas joins the table at seat #3 
Lorpugo: calls $0.53
*** SHOW DOWN ***
Karim84-berlin: shows [6c 5c] (a flush, Ace high)
Lorpugo: mucks hand 
Karim84-berlin collected $1.53 from pot
*** SUMMARY ***
Total pot $1.61 | Rake $0.08 
Board [7c 9c 3d Ac 9s]
Seat 1: Karim84-berlin showed [6c 5c] and won ($1.53) with a flush, Ace high
Seat 2: matezernichter (button) folded before Flop (didn't bet)
Seat 4: vanja@ps (small blind) folded before Flop
Seat 5: caiogs21 (big blind) folded before Flop
Seat 6: Lorpugo mucked [Ad 8s]



PokerStars Hand #239650025042:  Hold'em No Limit ($0.01/$0.02 USD) - 2022/11/04 15:54:43 ET
Table 'Strackea III' 6-max Seat #4 is the button
Seat 1: Karim84-berlin ($2.74 in chips) 
Seat 2: matezernichter ($4.79 in chips) 
Seat 3: jeevanvishwas ($1.60 in chips) 
Seat 4: vanja@ps ($1.57 in chips) 
Seat 5: caiogs21 ($2.41 in chips) 
Seat 6: Lorpugo ($2.85 in chips) 
caiogs21: posts small blind $0.01
Lorpugo: posts big blind $0.02
jeevanvishwas: posts big blind $0.02
*** HOLE CARDS ***
Dealt to Lorpugo [8h Jd]
Karim84-berlin: folds 
matezernichter: folds 
jeevanvishwas: checks 
vanja@ps: raises $0.10 to $0.12
caiogs21: folds 
Lorpugo: folds 
jeevanvishwas: folds 
Uncalled bet ($0.10) returned to vanja@ps
vanja@ps collected $0.07 from pot
*** SUMMARY ***
Total pot $0.07 | Rake $0 
Seat 1: Karim84-berlin folded before Flop (didn't bet)
Seat 2: matezernichter folded before Flop (didn't bet)
Seat 3: jeevanvishwas folded before Flop (didn't bet)
Seat 4: vanja@ps (button) collected ($0.07)
Seat 5: caiogs21 (small blind) folded before Flop
Seat 6: Lorpugo (big blind) folded before Flop



PokerStars Hand #239650035242:  Hold'em No Limit ($0.01/$0.02 USD) - 2022/11/04 15:55:11 ET
Table 'Strackea III' 6-max Seat #5 is the button
Seat 1: Karim84-berlin ($2.74 in chips) 
Seat 2: matezernichter ($4.79 in chips) 
Seat 3: jeevanvishwas ($1.58 in chips) 
Seat 4: vanja@ps ($1.62 in chips) 
Seat 5: caiogs21 ($2.40 in chips) 
Seat 6: Lorpugo ($2.83 in chips) 
Lorpugo: posts small blind $0.01
Karim84-berlin: posts big blind $0.02
*** HOLE CARDS ***
Dealt to Lorpugo [Ts Ad]
matezernichter: folds 
jeevanvishwas: folds 
vanja@ps: folds 
caiogs21: folds 
Lorpugo: raises $0.04 to $0.06
Karim84-berlin: raises $0.08 to $0.14
Lorpugo: calls $0.08
*** FLOP *** [7h Tc 7d]
Lorpugo: checks 
Karim84-berlin: bets $0.20
Lorpugo: calls $0.20
*** TURN *** [7h Tc 7d] [7c]
Lorpugo: checks 
Karim84-berlin: checks 
*** RIVER *** [7h Tc 7d 7c] [6s]
Lorpugo: bets $0.44
Karim84-berlin: folds [As Kc]
Uncalled bet ($0.44) returned to Lorpugo
Lorpugo collected $0.66 from pot
Lorpugo: doesn't show hand 
*** SUMMARY ***
Total pot $0.68 | Rake $0.02 
Board [7h Tc 7d 7c 6s]
Seat 1: Karim84-berlin (big blind) folded on the River
Seat 2: matezernichter folded before Flop (didn't bet)
Seat 3: jeevanvishwas folded before Flop (didn't bet)
Seat 4: vanja@ps folded before Flop (didn't bet)
Seat 5: caiogs21 (button) folded before Flop (didn't bet)
Seat 6: Lorpugo (small blind) collected ($0.66)



PokerStars Hand #239650051059:  Hold'em No Limit ($0.01/$0.02 USD) - 2022/11/04 15:56:07 ET
Table 'Strackea III' 6-max Seat #6 is the button
Seat 1: Karim84-berlin ($2.40 in chips) 
Seat 3: jeevanvishwas ($1.58 in chips) 
Seat 4: vanja@ps ($1.62 in chips) 
Seat 5: caiogs21 ($2.40 in chips) 
Seat 6: Lorpugo ($3.15 in chips) 
Karim84-berlin: posts small blind $0.01
matezernichter: is sitting out 
jeevanvishwas: posts big blind $0.02
*** HOLE CARDS ***
Dealt to Lorpugo [2h Qh]
vanja@ps: folds 
caiogs21: folds 
Lorpugo: raises $0.04 to $0.06
Karim84-berlin: folds 
jeevanvishwas: folds 
Uncalled bet ($0.04) returned to Lorpugo
Lorpugo collected $0.05 from pot
Lorpugo: doesn't show hand 
*** SUMMARY ***
Total pot $0.05 | Rake $0 
Seat 1: Karim84-berlin (small blind) folded before Flop
Seat 3: jeevanvishwas (big blind) folded before Flop
Seat 4: vanja@ps folded before Flop (didn't bet)
Seat 5: caiogs21 folded before Flop (didn't bet)
Seat 6: Lorpugo (button) collected ($0.05)



PokerStars Hand #239650055901:  Hold'em No Limit ($0.01/$0.02 USD) - 2022/11/04 15:56:25 ET
Table 'Strackea III' 6-max Seat #1 is the button
Seat 1: Karim84-berlin ($2.39 in chips) 
Seat 3: jeevanvishwas ($1.56 in chips) 
Seat 4: vanja@ps ($1.62 in chips) 
Seat 5: caiogs21 ($2.40 in chips) 
Seat 6: Lorpugo ($3.18 in chips) 
jeevanvishwas: posts small blind $0.01
vanja@ps: posts big blind $0.02
*** HOLE CARDS ***
Dealt to Lorpugo [5s 4s]
caiogs21: folds 
Lorpugo: raises $0.04 to $0.06
Karim84-berlin: folds 
jeevanvishwas: folds 
vanja@ps: folds 
Uncalled bet ($0.04) returned to Lorpugo
Lorpugo collected $0.05 from pot
Lorpugo: doesn't show hand 
*** SUMMARY ***
Total pot $0.05 | Rake $0 
Seat 1: Karim84-berlin (button) folded before Flop (didn't bet)
Seat 3: jeevanvishwas (small blind) folded before Flop
Seat 4: vanja@ps (big blind) folded before Flop
Seat 5: caiogs21 folded before Flop (didn't bet)
Seat 6: Lorpugo collected ($0.05)



PokerStars Hand #239650062359:  Hold'em No Limit ($0.01/$0.02 USD) - 2022/11/04 15:56:49 ET
Table 'Strackea III' 6-max Seat #3 is the button
Seat 1: Karim84-berlin ($2.39 in chips) 
Seat 3: jeevanvishwas ($1.55 in chips) 
Seat 4: vanja@ps ($1.60 in chips) 
Seat 5: caiogs21 ($2.40 in chips) 
Seat 6: Lorpugo ($3.21 in chips) 
vanja@ps: posts small blind $0.01
caiogs21: posts big blind $0.02
*** HOLE CARDS ***
Dealt to Lorpugo [Kh Ah]
Lorpugo: raises $0.04 to $0.06
Karim84-berlin: folds 
jeevanvishwas: folds 
vanja@ps: folds 
caiogs21: calls $0.04
*** FLOP *** [9s As 8h]
caiogs21: checks 
Lorpugo: bets $0.04
caiogs21: calls $0.04
*** TURN *** [9s As 8h] [Jc]
caiogs21: checks 
Lorpugo: bets $0.13
caiogs21: raises $0.17 to $0.30
Lorpugo: calls $0.17
*** RIVER *** [9s As 8h Jc] [6d]
caiogs21: checks 
Lorpugo: checks 
*** SHOW DOWN ***
caiogs21: shows [Tc Ad] (a pair of Aces)
Lorpugo: shows [Kh Ah] (a pair of Aces - King kicker)
Lorpugo collected $0.78 from pot
*** SUMMARY ***
Total pot $0.81 | Rake $0.03 
Board [9s As 8h Jc 6d]
Seat 1: Karim84-berlin folded before Flop (didn't bet)
Seat 3: jeevanvishwas (button) folded before Flop (didn't bet)
Seat 4: vanja@ps (small blind) folded before Flop
Seat 5: caiogs21 (big blind) showed [Tc Ad] and lost with a pair of Aces
Seat 6: Lorpugo showed [Kh Ah] and won ($0.78) with a pair of Aces



PokerStars Hand #239650077713:  Hold'em No Limit ($0.01/$0.02 USD) - 2022/11/04 15:57:46 ET
Table 'Strackea III' 6-max Seat #4 is the button
Seat 1: Karim84-berlin ($2.39 in chips) 
Seat 3: jeevanvishwas ($1.55 in chips) 
Seat 4: vanja@ps ($1.59 in chips) 
Seat 5: caiogs21 ($2 in chips) 
Seat 6: Lorpugo ($3.59 in chips) 
caiogs21: posts small blind $0.01
Lorpugo: posts big blind $0.02
*** HOLE CARDS ***
Dealt to Lorpugo [Ac Kc]
Karim84-berlin: folds 
jeevanvishwas: folds 
vanja@ps: raises $0.04 to $0.06
caiogs21: folds 
Lorpugo: raises $0.13 to $0.19
vanja@ps: calls $0.13
*** FLOP *** [7c 5h Kh]
Lorpugo: bets $0.19
vanja@ps: folds 
Uncalled bet ($0.19) returned to Lorpugo
Lorpugo collected $0.38 from pot
Lorpugo: doesn't show hand 
*** SUMMARY ***
Total pot $0.39 | Rake $0.01 
Board [7c 5h Kh]
Seat 1: Karim84-berlin folded before Flop (didn't bet)
Seat 3: jeevanvishwas folded before Flop (didn't bet)
Seat 4: vanja@ps (button) folded on the Flop
Seat 5: caiogs21 (small blind) folded before Flop
Seat 6: Lorpugo (big blind) collected ($0.38)



PokerStars Hand #239650091567:  Hold'em No Limit ($0.01/$0.02 USD) - 2022/11/04 15:58:36 ET
Table 'Strackea III' 6-max Seat #5 is the button
Seat 1: Karim84-berlin ($2.39 in chips) 
Seat 3: jeevanvishwas ($1.55 in chips) 
Seat 4: vanja@ps ($1.40 in chips) 
Seat 5: caiogs21 ($1.99 in chips) 
Seat 6: Lorpugo ($3.78 in chips) 
Lorpugo: posts small blind $0.01
Karim84-berlin: posts big blind $0.02
*** HOLE CARDS ***
Dealt to Lorpugo [3c Tc]
jeevanvishwas: folds 
vanja@ps has timed out
vanja@ps: folds 
caiogs21: folds 
Lorpugo: raises $0.04 to $0.06
Karim84-berlin: calls $0.04
*** FLOP *** [2c 6c 2h]
Lorpugo: bets $0.08
Karim84-berlin: calls $0.08
*** TURN *** [2c 6c 2h] [3d]
Lorpugo: bets $0.18
Karim84-berlin: calls $0.18
*** RIVER *** [2c 6c 2h 3d] [Th]
Lorpugo: checks 
Karim84-berlin: bets $0.60
Lorpugo: calls $0.60
*** SHOW DOWN ***
Karim84-berlin: shows [Ah Kc] (a pair of Deuces)
Lorpugo: shows [3c Tc] (two pair, Tens and Threes)
Lorpugo collected $1.78 from pot
*** SUMMARY ***
Total pot $1.84 | Rake $0.06 
Board [2c 6c 2h 3d Th]
Seat 1: Karim84-berlin (big blind) showed [Ah Kc] and lost with a pair of Deuces
Seat 3: jeevanvishwas folded before Flop (didn't bet)
Seat 4: vanja@ps folded before Flop (didn't bet)
Seat 5: caiogs21 (button) folded before Flop (didn't bet)
Seat 6: Lorpugo (small blind) showed [3c Tc] and won ($1.78) with two pair, Tens and Threes



PokerStars Hand #239650107480:  Hold'em No Limit ($0.01/$0.02 USD) - 2022/11/04 15:59:34 ET
Table 'Strackea III' 6-max Seat #6 is the button
Seat 1: Karim84-berlin ($2 in chips) 
Seat 3: jeevanvishwas ($1.55 in chips) 
Seat 4: vanja@ps ($1.40 in chips) 
Seat 5: caiogs21 ($1.99 in chips) 
Seat 6: Lorpugo ($4.64 in chips) 
Karim84-berlin: posts small blind $0.01
jeevanvishwas: posts big blind $0.02
*** HOLE CARDS ***
Dealt to Lorpugo [Ah Kc]
vanja@ps: folds 
caiogs21: folds 
Lorpugo: raises $0.04 to $0.06
Karim84-berlin: folds 
jeevanvishwas: folds 
Uncalled bet ($0.04) returned to Lorpugo
Karim84-berlin leaves the table
Lorpugo collected $0.05 from pot
Lorpugo: doesn't show hand 
*** SUMMARY ***
Total pot $0.05 | Rake $0 
Seat 1: Karim84-berlin (small blind) folded before Flop
Seat 3: jeevanvishwas (big blind) folded before Flop
Seat 4: vanja@ps folded before Flop (didn't bet)
Seat 5: caiogs21 folded before Flop (didn't bet)
Seat 6: Lorpugo (button) collected ($0.05)



PokerStars Hand #239650112615:  Hold'em No Limit ($0.01/$0.02 USD) - 2022/11/04 15:59:52 ET
Table 'Strackea III' 6-max Seat #3 is the button
Seat 3: jeevanvishwas ($1.53 in chips) 
Seat 4: vanja@ps ($1.40 in chips) 
Seat 5: caiogs21 ($1.99 in chips) 
Seat 6: Lorpugo ($4.67 in chips) 
vanja@ps: posts small blind $0.01
caiogs21: posts big blind $0.02
matezernichter: sits out 
*** HOLE CARDS ***
Dealt to Lorpugo [8c 7c]
Lorpugo: raises $0.04 to $0.06
jeevanvishwas: folds 
vanja@ps: folds 
Koroborok joins the table at seat #1 
caiogs21: raises $0.12 to $0.18
Lorpugo: calls $0.12
*** FLOP *** [Js Jc 7d]
caiogs21: checks 
Lorpugo: bets $0.12
caiogs21: calls $0.12
*** TURN *** [Js Jc 7d] [8d]
caiogs21: checks 
Lorpugo: bets $0.19
caiogs21: calls $0.19
*** RIVER *** [Js Jc 7d 8d] [4h]
caiogs21: checks 
Lorpugo: checks 
*** SHOW DOWN ***
caiogs21: shows [Ad Ac] (two pair, Aces and Jacks)
Lorpugo: mucks hand 
caiogs21 collected $0.96 from pot
*** SUMMARY ***
Total pot $0.99 | Rake $0.03 
Board [Js Jc 7d 8d 4h]
Seat 3: jeevanvishwas (button) folded before Flop (didn't bet)
Seat 4: vanja@ps (small blind) folded before Flop
Seat 5: caiogs21 (big blind) showed [Ad Ac] and won ($0.96) with two pair, Aces and Jacks
Seat 6: Lorpugo mucked [8c 7c]



PokerStars Hand #239650127620:  Hold'em No Limit ($0.01/$0.02 USD) - 2022/11/04 16:00:42 ET
Table 'Strackea III' 6-max Seat #4 is the button
Seat 1: Koroborok ($1.60 in chips) 
Seat 3: jeevanvishwas ($1.53 in chips) 
Seat 4: vanja@ps ($1.39 in chips) 
Seat 5: caiogs21 ($2.46 in chips) 
Seat 6: Lorpugo ($4.18 in chips) 
caiogs21: posts small blind $0.01
Lorpugo: posts big blind $0.02
Koroborok: posts big blind $0.02
matezernichter: sits out 
*** HOLE CARDS ***
Dealt to Lorpugo [5h 7c]
Koroborok: raises $0.02 to $0.04
jeevanvishwas: folds 
vanja@ps: folds 
caiogs21: folds 
Lorpugo: calls $0.02
*** FLOP *** [Kd 4s 8h]
Lorpugo: checks 
Koroborok: checks 
*** TURN *** [Kd 4s 8h] [7d]
Lorpugo: bets $0.06
Koroborok: folds 
Uncalled bet ($0.06) returned to Lorpugo
Lorpugo collected $0.09 from pot
Lorpugo: doesn't show hand 
*** SUMMARY ***
Total pot $0.09 | Rake $0 
Board [Kd 4s 8h 7d]
Seat 1: Koroborok folded on the Turn
Seat 3: jeevanvishwas folded before Flop (didn't bet)
Seat 4: vanja@ps (button) folded before Flop (didn't bet)
Seat 5: caiogs21 (small blind) folded before Flop
Seat 6: Lorpugo (big blind) collected ($0.09)



PokerStars Hand #239650139957:  Hold'em No Limit ($0.01/$0.02 USD) - 2022/11/04 16:01:20 ET
Table 'Strackea III' 6-max Seat #5 is the button
Seat 1: Koroborok ($1.56 in chips) 
Seat 3: jeevanvishwas ($1.53 in chips) 
Seat 4: vanja@ps ($1.39 in chips) 
Seat 5: caiogs21 ($2.45 in chips) 
Seat 6: Lorpugo ($4.23 in chips) 
Lorpugo: posts small blind $0.01
Koroborok: posts big blind $0.02
matezernichter: sits out 
*** HOLE CARDS ***
Dealt to Lorpugo [Kd Jc]
jeevanvishwas: calls $0.02
vanja@ps: folds 
caiogs21: folds 
Lorpugo: calls $0.01
Koroborok: checks 
*** FLOP *** [Ks 3d 4d]
Lorpugo: checks 
Koroborok: checks 
jeevanvishwas: checks 
*** TURN *** [Ks 3d 4d] [Qc]
Lorpugo: checks 
Koroborok: bets $0.02
jeevanvishwas: calls $0.02
Lorpugo: raises $0.06 to $0.08
Koroborok: calls $0.06
jeevanvishwas: folds 
*** RIVER *** [Ks 3d 4d Qc] [2s]
Lorpugo: bets $0.15
Koroborok: calls $0.15
*** SHOW DOWN ***
Lorpugo: shows [Kd Jc] (a pair of Kings)
Koroborok: mucks hand 
Lorpugo collected $0.52 from pot
*** SUMMARY ***
Total pot $0.54 | Rake $0.02 
Board [Ks 3d 4d Qc 2s]
Seat 1: Koroborok (big blind) mucked [Qs Th]
Seat 3: jeevanvishwas folded on the Turn
Seat 4: vanja@ps folded before Flop (didn't bet)
Seat 5: caiogs21 (button) folded before Flop (didn't bet)
Seat 6: Lorpugo (small blind) showed [Kd Jc] and won ($0.52) with a pair of Kings



PokerStars Hand #239650159563:  Hold'em No Limit ($0.01/$0.02 USD) - 2022/11/04 16:02:15 ET
Table 'Strackea III' 6-max Seat #6 is the button
Seat 1: Koroborok ($1.31 in chips) 
Seat 2: matezernichter ($4.79 in chips) 
Seat 3: jeevanvishwas ($1.49 in chips) 
Seat 4: vanja@ps ($1.39 in chips) 
Seat 5: caiogs21 ($2.45 in chips) 
Seat 6: Lorpugo ($4.50 in chips) 
Koroborok: posts small blind $0.01
matezernichter: posts big blind $0.02
*** HOLE CARDS ***
Dealt to Lorpugo [Ts Js]
jeevanvishwas: folds 
vanja@ps: folds 
caiogs21: raises $0.04 to $0.06
Lorpugo: calls $0.06
Koroborok: folds 
matezernichter: folds 
*** FLOP *** [2h 3d Kh]
caiogs21: bets $0.07
Lorpugo: folds 
Uncalled bet ($0.07) returned to caiogs21
caiogs21 collected $0.14 from pot
caiogs21: doesn't show hand 
*** SUMMARY ***
Total pot $0.15 | Rake $0.01 
Board [2h 3d Kh]
Seat 1: Koroborok (small blind) folded before Flop
Seat 2: matezernichter (big blind) folded before Flop
Seat 3: jeevanvishwas folded before Flop (didn't bet)
Seat 4: vanja@ps folded before Flop (didn't bet)
Seat 5: caiogs21 collected ($0.14)
Seat 6: Lorpugo (button) folded on the Flop



PokerStars Hand #239650176009:  Hold'em No Limit ($0.01/$0.02 USD) - 2022/11/04 16:02:58 ET
Table 'Strackea III' 6-max Seat #1 is the button
Seat 1: Koroborok ($1.30 in chips) 
Seat 2: matezernichter ($4.77 in chips) 
Seat 3: jeevanvishwas ($1.49 in chips) 
Seat 4: vanja@ps ($1.39 in chips) 
Seat 5: caiogs21 ($2.53 in chips) 
Seat 6: Lorpugo ($4.44 in chips) 
matezernichter: posts small blind $0.01
jeevanvishwas: posts big blind $0.02
*** HOLE CARDS ***
Dealt to Lorpugo [Qc 2d]
vanja@ps: folds 
caiogs21: folds 
Lorpugo: folds 
Koroborok: raises $0.02 to $0.04
matezernichter: folds 
jeevanvishwas: calls $0.02
*** FLOP *** [Qd Kd Js]
jeevanvishwas: checks 
Koroborok: bets $0.02
jeevanvishwas: raises $0.02 to $0.04
Koroborok: raises $0.02 to $0.06
jeevanvishwas: calls $0.02
*** TURN *** [Qd Kd Js] [2c]
jeevanvishwas: checks 
Koroborok: bets $0.02
jeevanvishwas: calls $0.02
*** RIVER *** [Qd Kd Js 2c] [3h]
jeevanvishwas: checks 
Koroborok: bets $0.12
jeevanvishwas: folds 
Uncalled bet ($0.12) returned to Koroborok
Koroborok collected $0.24 from pot
*** SUMMARY ***
Total pot $0.25 | Rake $0.01 
Board [Qd Kd Js 2c 3h]
Seat 1: Koroborok (button) collected ($0.24)
Seat 2: matezernichter (small blind) folded before Flop
Seat 3: jeevanvishwas (big blind) folded on the River
Seat 4: vanja@ps folded before Flop (didn't bet)
Seat 5: caiogs21 folded before Flop (didn't bet)
Seat 6: Lorpugo folded before Flop (didn't bet)



PokerStars Hand #239650194142:  Hold'em No Limit ($0.01/$0.02 USD) - 2022/11/04 16:03:45 ET
Table 'Strackea III' 6-max Seat #2 is the button
Seat 1: Koroborok ($1.42 in chips) 
Seat 2: matezernichter ($4.76 in chips) 
Seat 3: jeevanvishwas ($1.37 in chips) 
Seat 4: vanja@ps ($1.39 in chips) 
Seat 5: caiogs21 ($2.53 in chips) 
Seat 6: Lorpugo ($4.44 in chips) 
jeevanvishwas: posts small blind $0.01
vanja@ps: posts big blind $0.02
*** HOLE CARDS ***
Dealt to Lorpugo [Ah 8s]
caiogs21: folds 
Lorpugo: raises $0.04 to $0.06
Koroborok: folds 
matezernichter: folds 
jeevanvishwas: folds 
vanja@ps: folds 
Uncalled bet ($0.04) returned to Lorpugo
Lorpugo collected $0.05 from pot
Lorpugo: doesn't show hand 
*** SUMMARY ***
Total pot $0.05 | Rake $0 
Seat 1: Koroborok folded before Flop (didn't bet)
Seat 2: matezernichter (button) folded before Flop (didn't bet)
Seat 3: jeevanvishwas (small blind) folded before Flop
Seat 4: vanja@ps (big blind) folded before Flop
Seat 5: caiogs21 folded before Flop (didn't bet)
Seat 6: Lorpugo collected ($0.05)



PokerStars Hand #239650203188:  Hold'em No Limit ($0.01/$0.02 USD) - 2022/11/04 16:04:09 ET
Table 'Strackea III' 6-max Seat #3 is the button
Seat 1: Koroborok ($1.42 in chips) 
Seat 2: matezernichter ($4.76 in chips) 
Seat 3: jeevanvishwas ($1.36 in chips) 
Seat 4: vanja@ps ($1.37 in chips) 
Seat 5: caiogs21 ($2.53 in chips) 
Seat 6: Lorpugo ($4.47 in chips) 
vanja@ps: posts small blind $0.01
caiogs21: posts big blind $0.02
*** HOLE CARDS ***
Dealt to Lorpugo [Js 2s]
Lorpugo: folds 
Koroborok: folds 
matezernichter: folds 
jeevanvishwas: folds 
vanja@ps: raises $0.02 to $0.04
caiogs21: folds 
Uncalled bet ($0.02) returned to vanja@ps
vanja@ps collected $0.04 from pot
*** SUMMARY ***
Total pot $0.04 | Rake $0 
Seat 1: Koroborok folded before Flop (didn't bet)
Seat 2: matezernichter folded before Flop (didn't bet)
Seat 3: jeevanvishwas (button) folded before Flop (didn't bet)
Seat 4: vanja@ps (small blind) collected ($0.04)
Seat 5: caiogs21 (big blind) folded before Flop
Seat 6: Lorpugo folded before Flop (didn't bet)



PokerStars Hand #239650212530:  Hold'em No Limit ($0.01/$0.02 USD) - 2022/11/04 16:04:33 ET
Table 'Strackea III' 6-max Seat #4 is the button
Seat 1: Koroborok ($1.42 in chips) 
Seat 2: matezernichter ($4.76 in chips) 
Seat 3: jeevanvishwas ($1.36 in chips) 
Seat 4: vanja@ps ($1.39 in chips) 
Seat 5: caiogs21 ($2.51 in chips) 
Seat 6: Lorpugo ($4.47 in chips) 
caiogs21: posts small blind $0.01
Lorpugo: posts big blind $0.02
*** HOLE CARDS ***
Dealt to Lorpugo [Ac 7s]
Koroborok: raises $0.02 to $0.04
matezernichter: folds 
jeevanvishwas: folds 
vanja@ps: folds 
caiogs21: folds 
Lorpugo: calls $0.02
*** FLOP *** [2s 5c 3d]
Lorpugo: checks 
Koroborok: checks 
*** TURN *** [2s 5c 3d] [4h]
Lorpugo: bets $0.05
Koroborok: calls $0.05
*** RIVER *** [2s 5c 3d 4h] [2d]
Lorpugo: checks 
Koroborok: bets $0.09
Lorpugo: calls $0.09
*** SHOW DOWN ***
Koroborok: shows [6c 9c] (a straight, Deuce to Six)
Lorpugo: mucks hand 
Koroborok collected $0.36 from pot
*** SUMMARY ***
Total pot $0.37 | Rake $0.01 
Board [2s 5c 3d 4h 2d]
Seat 1: Koroborok showed [6c 9c] and won ($0.36) with a straight, Deuce to Six
Seat 2: matezernichter folded before Flop (didn't bet)
Seat 3: jeevanvishwas folded before Flop (didn't bet)
Seat 4: vanja@ps (button) folded before Flop (didn't bet)
Seat 5: caiogs21 (small blind) folded before Flop
Seat 6: Lorpugo (big blind) mucked [Ac 7s]



PokerStars Hand #239650234350:  Hold'em No Limit ($0.01/$0.02 USD) - 2022/11/04 16:05:30 ET
Table 'Strackea III' 6-max Seat #5 is the button
Seat 1: Koroborok ($1.60 in chips) 
Seat 2: matezernichter ($4.76 in chips) 
Seat 3: jeevanvishwas ($1.36 in chips) 
Seat 4: vanja@ps ($1.39 in chips) 
Seat 5: caiogs21 ($2.50 in chips) 
Seat 6: Lorpugo ($4.29 in chips) 
Lorpugo: posts small blind $0.01
Koroborok: posts big blind $0.02
*** HOLE CARDS ***
Dealt to Lorpugo [7c Qh]
matezernichter: folds 
jeevanvishwas: folds 
vanja@ps: raises $0.04 to $0.06
caiogs21: folds 
Lorpugo: folds 
Koroborok: folds 
Uncalled bet ($0.04) returned to vanja@ps
vanja@ps collected $0.05 from pot
*** SUMMARY ***
Total pot $0.05 | Rake $0 
Seat 1: Koroborok (big blind) folded before Flop
Seat 2: matezernichter folded before Flop (didn't bet)
Seat 3: jeevanvishwas folded before Flop (didn't bet)
Seat 4: vanja@ps collected ($0.05)
Seat 5: caiogs21 (button) folded before Flop (didn't bet)
Seat 6: Lorpugo (small blind) folded before Flop



PokerStars Hand #239650248192:  Hold'em No Limit ($0.01/$0.02 USD) - 2022/11/04 16:06:05 ET
Table 'Strackea III' 6-max Seat #6 is the button
Seat 1: Koroborok ($1.58 in chips) 
Seat 2: matezernichter ($4.76 in chips) 
Seat 3: jeevanvishwas ($1.36 in chips) 
Seat 4: vanja@ps ($1.42 in chips) 
Seat 5: caiogs21 ($2.50 in chips) 
Seat 6: Lorpugo ($4.28 in chips) 
Koroborok: posts small blind $0.01
matezernichter: posts big blind $0.02
*** HOLE CARDS ***
Dealt to Lorpugo [5h 6h]
jeevanvishwas: calls $0.02
vanja@ps: folds 
caiogs21: folds 
Lorpugo has timed out
Lorpugo: folds 
Koroborok: folds 
matezernichter: checks 
*** FLOP *** [7s Jc 2h]
matezernichter: checks 
jeevanvishwas: checks 
*** TURN *** [7s Jc 2h] [5c]
matezernichter: bets $0.04
jeevanvishwas: folds 
Uncalled bet ($0.04) returned to matezernichter
matezernichter collected $0.05 from pot
matezernichter: doesn't show hand 
*** SUMMARY ***
Total pot $0.05 | Rake $0 
Board [7s Jc 2h 5c]
Seat 1: Koroborok (small blind) folded before Flop
Seat 2: matezernichter (big blind) collected ($0.05)
Seat 3: jeevanvishwas folded on the Turn
Seat 4: vanja@ps folded before Flop (didn't bet)
Seat 5: caiogs21 folded before Flop (didn't bet)
Seat 6: Lorpugo (button) folded before Flop (didn't bet)



PokerStars Hand #239650260255:  Hold'em No Limit ($0.01/$0.02 USD) - 2022/11/04 16:06:37 ET
Table 'Strackea III' 6-max Seat #1 is the button
Seat 1: Koroborok ($1.57 in chips) 
Seat 2: matezernichter ($4.79 in chips) 
Seat 3: jeevanvishwas ($1.34 in chips) 
Seat 4: vanja@ps ($1.42 in chips) 
Seat 5: caiogs21 ($2.50 in chips) 
Seat 6: Lorpugo ($4.28 in chips) 
matezernichter: posts small blind $0.01
jeevanvishwas: posts big blind $0.02
*** HOLE CARDS ***
Dealt to Lorpugo [8d 8h]
vanja@ps: folds 
caiogs21: folds 
Lorpugo: raises $0.04 to $0.06
Koroborok: folds 
matezernichter: folds 
jeevanvishwas: folds 
Uncalled bet ($0.04) returned to Lorpugo
Lorpugo collected $0.05 from pot
Lorpugo: doesn't show hand 
*** SUMMARY ***
Total pot $0.05 | Rake $0 
Seat 1: Koroborok (button) folded before Flop (didn't bet)
Seat 2: matezernichter (small blind) folded before Flop
Seat 3: jeevanvishwas (big blind) folded before Flop
Seat 4: vanja@ps folded before Flop (didn't bet)
Seat 5: caiogs21 folded before Flop (didn't bet)
Seat 6: Lorpugo collected ($0.05)



PokerStars Hand #239650267741:  Hold'em No Limit ($0.01/$0.02 USD) - 2022/11/04 16:06:57 ET
Table 'Strackea III' 6-max Seat #2 is the button
Seat 1: Koroborok ($1.57 in chips) 
Seat 2: matezernichter ($4.78 in chips) 
Seat 3: jeevanvishwas ($1.32 in chips) 
Seat 4: vanja@ps ($1.42 in chips) 
Seat 5: caiogs21 ($2.50 in chips) 
Seat 6: Lorpugo ($4.31 in chips) 
jeevanvishwas: posts small blind $0.01
vanja@ps: posts big blind $0.02
*** HOLE CARDS ***
Dealt to Lorpugo [4c 3d]
caiogs21: folds 
Lorpugo: folds 
Koroborok: raises $0.02 to $0.04
matezernichter: calls $0.04
jeevanvishwas: calls $0.03
vanja@ps: folds 
*** FLOP *** [9s 3s 5s]
jeevanvishwas: checks 
Koroborok: checks 
matezernichter: checks 
*** TURN *** [9s 3s 5s] [6s]
jeevanvishwas: checks 
Koroborok: checks 
matezernichter: bets $0.06
jeevanvishwas: calls $0.06
Koroborok: calls $0.06
*** RIVER *** [9s 3s 5s 6s] [4h]
jeevanvishwas: checks 
Koroborok: checks 
matezernichter: bets $0.16
jeevanvishwas: folds 
Koroborok: raises $0.16 to $0.32
matezernichter: calls $0.16
*** SHOW DOWN ***
Koroborok: shows [9c As] (a flush, Ace high)
matezernichter: mucks hand 
Koroborok collected $0.92 from pot
*** SUMMARY ***
Total pot $0.96 | Rake $0.04 
Board [9s 3s 5s 6s 4h]
Seat 1: Koroborok showed [9c As] and won ($0.92) with a flush, Ace high
Seat 2: matezernichter (button) mucked [Qs Js]
Seat 3: jeevanvishwas (small blind) folded on the River
Seat 4: vanja@ps (big blind) folded before Flop
Seat 5: caiogs21 folded before Flop (didn't bet)
Seat 6: Lorpugo folded before Flop (didn't bet)



PokerStars Hand #239650296935:  Hold'em No Limit ($0.01/$0.02 USD) - 2022/11/04 16:08:12 ET
Table 'Strackea III' 6-max Seat #3 is the button
Seat 1: Koroborok ($2.07 in chips) 
Seat 2: matezernichter ($4.36 in chips) 
Seat 3: jeevanvishwas ($1.22 in chips) 
Seat 4: vanja@ps ($1.40 in chips) 
Seat 5: caiogs21 ($2.50 in chips) 
Seat 6: Lorpugo ($4.31 in chips) 
vanja@ps: posts small blind $0.01
caiogs21: posts big blind $0.02
*** HOLE CARDS ***
Dealt to Lorpugo [8h Kh]
Lorpugo: folds 
Koroborok: folds 
matezernichter: folds 
jeevanvishwas: folds 
vanja@ps: raises $0.04 to $0.06
caiogs21: folds 
Uncalled bet ($0.04) returned to vanja@ps
vanja@ps collected $0.04 from pot
*** SUMMARY ***
Total pot $0.04 | Rake $0 
Seat 1: Koroborok folded before Flop (didn't bet)
Seat 2: matezernichter folded before Flop (didn't bet)
Seat 3: jeevanvishwas (button) folded before Flop (didn't bet)
Seat 4: vanja@ps (small blind) collected ($0.04)
Seat 5: caiogs21 (big blind) folded before Flop
Seat 6: Lorpugo folded before Flop (didn't bet)



PokerStars Hand #239650307667:  Hold'em No Limit ($0.01/$0.02 USD) - 2022/11/04 16:08:40 ET
Table 'Strackea III' 6-max Seat #4 is the button
Seat 1: Koroborok ($2.07 in chips) 
Seat 2: matezernichter ($4.36 in chips) 
Seat 3: jeevanvishwas ($1.22 in chips) 
Seat 4: vanja@ps ($1.42 in chips) 
Seat 5: caiogs21 ($2.48 in chips) 
Seat 6: Lorpugo ($4.31 in chips) 
caiogs21: posts small blind $0.01
Lorpugo: posts big blind $0.02
*** HOLE CARDS ***
Dealt to Lorpugo [Ah Qd]
Koroborok: raises $0.02 to $0.04
matezernichter: folds 
jeevanvishwas: folds 
vanja@ps: raises $0.06 to $0.10
caiogs21: folds 
Lorpugo: calls $0.08
Koroborok: calls $0.06
*** FLOP *** [2s 9s 5d]
Lorpugo: checks 
Koroborok: checks 
vanja@ps: bets $0.15
Lorpugo: calls $0.15
Koroborok: folds 
*** TURN *** [2s 9s 5d] [5c]
Lorpugo: checks 
vanja@ps: bets $0.31
Lorpugo: folds 
Uncalled bet ($0.31) returned to vanja@ps
vanja@ps collected $0.59 from pot
*** SUMMARY ***
Total pot $0.61 | Rake $0.02 
Board [2s 9s 5d 5c]
Seat 1: Koroborok folded on the Flop
Seat 2: matezernichter folded before Flop (didn't bet)
Seat 3: jeevanvishwas folded before Flop (didn't bet)
Seat 4: vanja@ps (button) collected ($0.59)
Seat 5: caiogs21 (small blind) folded before Flop
Seat 6: Lorpugo (big blind) folded on the Turn



PokerStars Hand #239650337542:  Hold'em No Limit ($0.01/$0.02 USD) - 2022/11/04 16:09:57 ET
Table 'Strackea III' 6-max Seat #5 is the button
Seat 1: Koroborok ($1.97 in chips) 
Seat 2: matezernichter ($4.36 in chips) 
Seat 3: jeevanvishwas ($1.22 in chips) 
Seat 4: vanja@ps ($1.76 in chips) 
Seat 5: caiogs21 ($2.47 in chips) 
Seat 6: Lorpugo ($4.06 in chips) 
Lorpugo: posts small blind $0.01
Koroborok: posts big blind $0.02
*** HOLE CARDS ***
Dealt to Lorpugo [6h 3d]
matezernichter: raises $0.04 to $0.06
jeevanvishwas: folds 
vanja@ps: folds 
caiogs21: calls $0.06
Lorpugo: folds 
Koroborok: calls $0.04
*** FLOP *** [2s 2h Ks]
Koroborok: bets $0.02
matezernichter: calls $0.02
caiogs21: calls $0.02
*** TURN *** [2s 2h Ks] [Kh]
Koroborok: bets $0.02
matezernichter: raises $0.08 to $0.10
caiogs21: folds 
Koroborok: folds 
Uncalled bet ($0.08) returned to matezernichter
matezernichter collected $0.28 from pot
matezernichter: doesn't show hand 
*** SUMMARY ***
Total pot $0.29 | Rake $0.01 
Board [2s 2h Ks Kh]
Seat 1: Koroborok (big blind) folded on the Turn
Seat 2: matezernichter collected ($0.28)
Seat 3: jeevanvishwas folded before Flop (didn't bet)
Seat 4: vanja@ps folded before Flop (didn't bet)
Seat 5: caiogs21 (button) folded on the Turn
Seat 6: Lorpugo (small blind) folded before Flop



PokerStars Hand #239650354052:  Hold'em No Limit ($0.01/$0.02 USD) - 2022/11/04 16:10:39 ET
Table 'Strackea III' 6-max Seat #6 is the button
Seat 1: Koroborok ($1.87 in chips) 
Seat 2: matezernichter ($4.54 in chips) 
Seat 3: jeevanvishwas ($1.22 in chips) 
Seat 4: vanja@ps ($1.76 in chips) 
Seat 5: caiogs21 ($2.39 in chips) 
Seat 6: Lorpugo ($4.05 in chips) 
Koroborok: posts small blind $0.01
matezernichter: posts big blind $0.02
*** HOLE CARDS ***
Dealt to Lorpugo [8d 9c]
jeevanvishwas: calls $0.02
vanja@ps: calls $0.02
caiogs21: raises $0.06 to $0.08
Lorpugo: folds 
Koroborok: raises $0.22 to $0.30
matezernichter: folds 
jeevanvishwas: folds 
vanja@ps: folds 
caiogs21: folds 
Uncalled bet ($0.22) returned to Koroborok
Koroborok collected $0.22 from pot
*** SUMMARY ***
Total pot $0.22 | Rake $0 
Seat 1: Koroborok (small blind) collected ($0.22)
Seat 2: matezernichter (big blind) folded before Flop
Seat 3: jeevanvishwas folded before Flop
Seat 4: vanja@ps folded before Flop
Seat 5: caiogs21 folded before Flop
Seat 6: Lorpugo (button) folded before Flop (didn't bet)



PokerStars Hand #239650367074:  Hold'em No Limit ($0.01/$0.02 USD) - 2022/11/04 16:11:13 ET
Table 'Strackea III' 6-max Seat #1 is the button
Seat 1: Koroborok ($2.01 in chips) 
Seat 2: matezernichter ($4.52 in chips) 
Seat 3: jeevanvishwas ($1.20 in chips) 
Seat 4: vanja@ps ($1.74 in chips) 
Seat 5: caiogs21 ($2.31 in chips) 
Seat 6: Lorpugo ($4.05 in chips) 
matezernichter: posts small blind $0.01
jeevanvishwas: posts big blind $0.02
*** HOLE CARDS ***
Dealt to Lorpugo [8h 2h]
vanja@ps: raises $0.04 to $0.06
caiogs21: folds 
Lorpugo: folds 
Koroborok: folds 
matezernichter: folds 
jeevanvishwas: folds 
Uncalled bet ($0.04) returned to vanja@ps
vanja@ps collected $0.05 from pot
*** SUMMARY ***
Total pot $0.05 | Rake $0 
Seat 1: Koroborok (button) folded before Flop (didn't bet)
Seat 2: matezernichter (small blind) folded before Flop
Seat 3: jeevanvishwas (big blind) folded before Flop
Seat 4: vanja@ps collected ($0.05)
Seat 5: caiogs21 folded before Flop (didn't bet)
Seat 6: Lorpugo folded before Flop (didn't bet)



PokerStars Hand #239650373838:  Hold'em No Limit ($0.01/$0.02 USD) - 2022/11/04 16:11:31 ET
Table 'Strackea III' 6-max Seat #2 is the button
Seat 1: Koroborok ($2.01 in chips) 
Seat 2: matezernichter ($4.51 in chips) 
Seat 3: jeevanvishwas ($1.18 in chips) 
Seat 4: vanja@ps ($1.77 in chips) 
Seat 5: caiogs21 ($2.31 in chips) 
Seat 6: Lorpugo ($4.05 in chips) 
jeevanvishwas: posts small blind $0.01
vanja@ps: posts big blind $0.02
*** HOLE CARDS ***
Dealt to Lorpugo [8c Tc]
caiogs21: folds 
Lorpugo: raises $0.04 to $0.06
Koroborok: folds 
matezernichter: calls $0.06
jeevanvishwas: raises $0.10 to $0.16
vanja@ps: folds 
Lorpugo: folds 
matezernichter: calls $0.10
*** FLOP *** [Jc Jh Ts]
jeevanvishwas: checks 
matezernichter: checks 
*** TURN *** [Jc Jh Ts] [7h]
jeevanvishwas: bets $0.17
matezernichter: calls $0.17
*** RIVER *** [Jc Jh Ts 7h] [4d]
jeevanvishwas: bets $0.51
matezernichter: folds 
Uncalled bet ($0.51) returned to jeevanvishwas
jeevanvishwas collected $0.70 from pot
jeevanvishwas: doesn't show hand 
*** SUMMARY ***
Total pot $0.74 | Rake $0.04 
Board [Jc Jh Ts 7h 4d]
Seat 1: Koroborok folded before Flop (didn't bet)
Seat 2: matezernichter (button) folded on the River
Seat 3: jeevanvishwas (small blind) collected ($0.70)
Seat 4: vanja@ps (big blind) folded before Flop
Seat 5: caiogs21 folded before Flop (didn't bet)
Seat 6: Lorpugo folded before Flop



PokerStars Hand #239650408725:  Hold'em No Limit ($0.01/$0.02 USD) - 2022/11/04 16:13:02 ET
Table 'Strackea III' 6-max Seat #3 is the button
Seat 1: Koroborok ($2.01 in chips) 
Seat 2: matezernichter ($4.18 in chips) 
Seat 3: jeevanvishwas ($1.55 in chips) 
Seat 4: vanja@ps ($1.75 in chips) 
Seat 5: caiogs21 ($2.31 in chips) 
Seat 6: Lorpugo ($3.99 in chips) 
vanja@ps: posts small blind $0.01
caiogs21: posts big blind $0.02
*** HOLE CARDS ***
Dealt to Lorpugo [9s Qc]
Lorpugo: folds 
Koroborok: folds 
matezernichter: folds 
jeevanvishwas: calls $0.02
vanja@ps: calls $0.01
caiogs21: checks 
*** FLOP *** [2c 2d Th]
vanja@ps: checks 
caiogs21: checks 
jeevanvishwas: checks 
*** TURN *** [2c 2d Th] [7h]
vanja@ps: checks 
caiogs21: checks 
jeevanvishwas: checks 
*** RIVER *** [2c 2d Th 7h] [Kc]
vanja@ps: checks 
caiogs21: bets $0.05
jeevanvishwas: folds 
vanja@ps: folds 
Uncalled bet ($0.05) returned to caiogs21
caiogs21 collected $0.06 from pot
caiogs21: doesn't show hand 
*** SUMMARY ***
Total pot $0.06 | Rake $0 
Board [2c 2d Th 7h Kc]
Seat 1: Koroborok folded before Flop (didn't bet)
Seat 2: matezernichter folded before Flop (didn't bet)
Seat 3: jeevanvishwas (button) folded on the River
Seat 4: vanja@ps (small blind) folded on the River
Seat 5: caiogs21 (big blind) collected ($0.06)
Seat 6: Lorpugo folded before Flop (didn't bet)



PokerStars Hand #239650429414:  Hold'em No Limit ($0.01/$0.02 USD) - 2022/11/04 16:13:55 ET
Table 'Strackea III' 6-max Seat #4 is the button
Seat 1: Koroborok ($2.01 in chips) 
Seat 2: matezernichter ($4.18 in chips) 
Seat 3: jeevanvishwas ($1.53 in chips) 
Seat 4: vanja@ps ($1.73 in chips) 
Seat 5: caiogs21 ($2.35 in chips) 
Seat 6: Lorpugo ($3.99 in chips) 
caiogs21: posts small blind $0.01
Lorpugo: posts big blind $0.02
*** HOLE CARDS ***
Dealt to Lorpugo [Jh Ts]
Koroborok: folds 
matezernichter: folds 
jeevanvishwas: folds 
vanja@ps: folds 
caiogs21: folds 
Uncalled bet ($0.01) returned to Lorpugo
Lorpugo collected $0.02 from pot
Lorpugo: doesn't show hand 
*** SUMMARY ***
Total pot $0.02 | Rake $0 
Seat 1: Koroborok folded before Flop (didn't bet)
Seat 2: matezernichter folded before Flop (didn't bet)
Seat 3: jeevanvishwas folded before Flop (didn't bet)
Seat 4: vanja@ps (button) folded before Flop (didn't bet)
Seat 5: caiogs21 (small blind) folded before Flop
Seat 6: Lorpugo (big blind) collected ($0.02)



PokerStars Hand #239650435914:  Hold'em No Limit ($0.01/$0.02 USD) - 2022/11/04 16:14:12 ET
Table 'Strackea III' 6-max Seat #5 is the button
Seat 1: Koroborok ($2.01 in chips) 
Seat 2: matezernichter ($4.18 in chips) 
Seat 3: jeevanvishwas ($1.53 in chips) 
Seat 4: vanja@ps ($1.73 in chips) 
Seat 5: caiogs21 ($2.34 in chips) 
Seat 6: Lorpugo ($4 in chips) 
Lorpugo: posts small blind $0.01
Koroborok: posts big blind $0.02
*** HOLE CARDS ***
Dealt to Lorpugo [6d 2s]
matezernichter: folds 
jeevanvishwas: folds 
vanja@ps: folds 
caiogs21: raises $0.04 to $0.06
Lorpugo: folds 
Koroborok: calls $0.04
*** FLOP *** [Jd 5c Jc]
Koroborok: checks 
caiogs21: checks 
*** TURN *** [Jd 5c Jc] [Qd]
Koroborok: bets $0.02
caiogs21: calls $0.02
*** RIVER *** [Jd 5c Jc Qd] [7h]
Koroborok: bets $0.04
caiogs21: calls $0.04
*** SHOW DOWN ***
Koroborok: shows [7c Tc] (two pair, Jacks and Sevens)
caiogs21: shows [Ah 7d] (two pair, Jacks and Sevens - Ace kicker)
caiogs21 collected $0.24 from pot
*** SUMMARY ***
Total pot $0.25 | Rake $0.01 
Board [Jd 5c Jc Qd 7h]
Seat 1: Koroborok (big blind) showed [7c Tc] and lost with two pair, Jacks and Sevens
Seat 2: matezernichter folded before Flop (didn't bet)
Seat 3: jeevanvishwas folded before Flop (didn't bet)
Seat 4: vanja@ps folded before Flop (didn't bet)
Seat 5: caiogs21 (button) showed [Ah 7d] and won ($0.24) with two pair, Jacks and Sevens
Seat 6: Lorpugo (small blind) folded before Flop



PokerStars Hand #239650453424:  Hold'em No Limit ($0.01/$0.02 USD) - 2022/11/04 16:14:57 ET
Table 'Strackea III' 6-max Seat #6 is the button
Seat 1: Koroborok ($1.89 in chips) 
Seat 2: matezernichter ($4.18 in chips) 
Seat 3: jeevanvishwas ($1.53 in chips) 
Seat 4: vanja@ps ($1.73 in chips) 
Seat 5: caiogs21 ($2.46 in chips) 
Seat 6: Lorpugo ($3.99 in chips) 
Koroborok: posts small blind $0.01
matezernichter: posts big blind $0.02
*** HOLE CARDS ***
Dealt to Lorpugo [5d 4c]
jeevanvishwas: folds 
vanja@ps: folds 
caiogs21: folds 
Lorpugo: folds 
Koroborok: folds 
Uncalled bet ($0.01) returned to matezernichter
matezernichter collected $0.02 from pot
matezernichter: doesn't show hand 
*** SUMMARY ***
Total pot $0.02 | Rake $0 
Seat 1: Koroborok (small blind) folded before Flop
Seat 2: matezernichter (big blind) collected ($0.02)
Seat 3: jeevanvishwas folded before Flop (didn't bet)
Seat 4: vanja@ps folded before Flop (didn't bet)
Seat 5: caiogs21 folded before Flop (didn't bet)
Seat 6: Lorpugo (button) folded before Flop (didn't bet)



PokerStars Hand #239650458906:  Hold'em No Limit ($0.01/$0.02 USD) - 2022/11/04 16:15:10 ET
Table 'Strackea III' 6-max Seat #1 is the button
Seat 1: Koroborok ($1.88 in chips) 
Seat 2: matezernichter ($4.19 in chips) 
Seat 3: jeevanvishwas ($1.53 in chips) 
Seat 4: vanja@ps ($1.73 in chips) 
Seat 5: caiogs21 ($2.46 in chips) 
Seat 6: Lorpugo ($3.99 in chips) 
matezernichter: posts small blind $0.01
jeevanvishwas: posts big blind $0.02
*** HOLE CARDS ***
Dealt to Lorpugo [4s 3h]
vanja@ps: raises $0.04 to $0.06
caiogs21: folds 
Lorpugo: folds 
Koroborok: folds 
matezernichter: folds 
jeevanvishwas: raises $0.06 to $0.12
vanja@ps: calls $0.06
*** FLOP *** [9d Kh 7h]
jeevanvishwas: checks 
vanja@ps: checks 
*** TURN *** [9d Kh 7h] [8s]
jeevanvishwas: bets $0.08
vanja@ps: calls $0.08
*** RIVER *** [9d Kh 7h 8s] [Jd]
jeevanvishwas: checks 
vanja@ps: checks 
*** SHOW DOWN ***
jeevanvishwas: shows [Qc Qh] (a pair of Queens)
vanja@ps: mucks hand 
jeevanvishwas collected $0.40 from pot
*** SUMMARY ***
Total pot $0.41 | Rake $0.01 
Board [9d Kh 7h 8s Jd]
Seat 1: Koroborok (button) folded before Flop (didn't bet)
Seat 2: matezernichter (small blind) folded before Flop
Seat 3: jeevanvishwas (big blind) showed [Qc Qh] and won ($0.40) with a pair of Queens
Seat 4: vanja@ps mucked [7s As]
Seat 5: caiogs21 folded before Flop (didn't bet)
Seat 6: Lorpugo folded before Flop (didn't bet)



PokerStars Hand #239650490482:  Hold'em No Limit ($0.01/$0.02 USD) - 2022/11/04 16:16:29 ET
Table 'Strackea III' 6-max Seat #2 is the button
Seat 1: Koroborok ($1.88 in chips) 
Seat 2: matezernichter ($4.18 in chips) 
Seat 3: jeevanvishwas ($1.73 in chips) 
Seat 4: vanja@ps ($1.53 in chips) 
Seat 5: caiogs21 ($2.46 in chips) 
Seat 6: Lorpugo ($3.99 in chips) 
jeevanvishwas: posts small blind $0.01
vanja@ps: posts big blind $0.02
*** HOLE CARDS ***
Dealt to Lorpugo [6s 9s]
caiogs21: folds 
Lorpugo: raises $0.02 to $0.04
Koroborok: folds 
matezernichter: folds 
jeevanvishwas: folds 
vanja@ps: folds 
Uncalled bet ($0.02) returned to Lorpugo
Lorpugo collected $0.05 from pot
Lorpugo: doesn't show hand 
*** SUMMARY ***
Total pot $0.05 | Rake $0 
Seat 1: Koroborok folded before Flop (didn't bet)
Seat 2: matezernichter (button) folded before Flop (didn't bet)
Seat 3: jeevanvishwas (small blind) folded before Flop
Seat 4: vanja@ps (big blind) folded before Flop
Seat 5: caiogs21 folded before Flop (didn't bet)
Seat 6: Lorpugo collected ($0.05)



PokerStars Hand #239650495948:  Hold'em No Limit ($0.01/$0.02 USD) - 2022/11/04 16:16:43 ET
Table 'Strackea III' 6-max Seat #3 is the button
Seat 1: Koroborok ($1.88 in chips) 
Seat 2: matezernichter ($4.18 in chips) 
Seat 3: jeevanvishwas ($1.72 in chips) 
Seat 4: vanja@ps ($1.51 in chips) 
Seat 5: caiogs21 ($2.46 in chips) 
Seat 6: Lorpugo ($4.02 in chips) 
vanja@ps: posts small blind $0.01
caiogs21: posts big blind $0.02
*** HOLE CARDS ***
Dealt to Lorpugo [6s 3c]
Lorpugo: folds 
Koroborok: folds 
matezernichter: folds 
jeevanvishwas: raises $0.02 to $0.04
vanja@ps: folds 
caiogs21: folds 
Uncalled bet ($0.02) returned to jeevanvishwas
jeevanvishwas collected $0.05 from pot
jeevanvishwas: doesn't show hand 
*** SUMMARY ***
Total pot $0.05 | Rake $0 
Seat 1: Koroborok folded before Flop (didn't bet)
Seat 2: matezernichter folded before Flop (didn't bet)
Seat 3: jeevanvishwas (button) collected ($0.05)
Seat 4: vanja@ps (small blind) folded before Flop
Seat 5: caiogs21 (big blind) folded before Flop
Seat 6: Lorpugo folded before Flop (didn't bet)



PokerStars Hand #239650501893:  Hold'em No Limit ($0.01/$0.02 USD) - 2022/11/04 16:16:57 ET
Table 'Strackea III' 6-max Seat #4 is the button
Seat 1: Koroborok ($1.88 in chips) 
Seat 2: matezernichter ($4.18 in chips) 
Seat 3: jeevanvishwas ($1.75 in chips) 
Seat 4: vanja@ps ($1.50 in chips) 
Seat 5: caiogs21 ($2.44 in chips) 
Seat 6: Lorpugo ($4.02 in chips) 
caiogs21: posts small blind $0.01
Lorpugo: posts big blind $0.02
*** HOLE CARDS ***
Dealt to Lorpugo [Kc 3s]
Koroborok: folds 
matezernichter: raises $0.04 to $0.06
jeevanvishwas: folds 
vanja@ps: calls $0.06
caiogs21: folds 
Lorpugo: folds 
*** FLOP *** [9d Ts 7c]
matezernichter: bets $0.08
vanja@ps: calls $0.08
*** TURN *** [9d Ts 7c] [4c]
matezernichter: checks 
vanja@ps: bets $0.15
matezernichter: calls $0.15
*** RIVER *** [9d Ts 7c 4c] [6h]
matezernichter: checks 
vanja@ps: bets $0.31
matezernichter: raises $0.93 to $1.24
vanja@ps: folds 
Uncalled bet ($0.93) returned to matezernichter
matezernichter collected $1.18 from pot
matezernichter: doesn't show hand 
*** SUMMARY ***
Total pot $1.23 | Rake $0.05 
Board [9d Ts 7c 4c 6h]
Seat 1: Koroborok folded before Flop (didn't bet)
Seat 2: matezernichter collected ($1.18)
Seat 3: jeevanvishwas folded before Flop (didn't bet)
Seat 4: vanja@ps (button) folded on the River
Seat 5: caiogs21 (small blind) folded before Flop
Seat 6: Lorpugo (big blind) folded before Flop



PokerStars Hand #239650548492:  Hold'em No Limit ($0.01/$0.02 USD) - 2022/11/04 16:18:52 ET
Table 'Strackea III' 6-max Seat #5 is the button
Seat 1: Koroborok ($1.88 in chips) 
Seat 2: matezernichter ($4.76 in chips) 
Seat 3: jeevanvishwas ($1.75 in chips) 
Seat 4: vanja@ps ($0.90 in chips) 
Seat 5: caiogs21 ($2.43 in chips) 
Seat 6: Lorpugo ($4 in chips) 
Lorpugo: posts small blind $0.01
Koroborok: posts big blind $0.02
*** HOLE CARDS ***
Dealt to Lorpugo [Kd 9c]
matezernichter: folds 
jeevanvishwas: folds 
vanja@ps: folds 
caiogs21: raises $0.04 to $0.06
Lorpugo: folds 
Koroborok: raises $0.13 to $0.19
caiogs21: calls $0.13
*** FLOP *** [7s 6d Js]
Koroborok: checks 
caiogs21: bets $0.14
Koroborok: raises $0.33 to $0.47
caiogs21: calls $0.33
*** TURN *** [7s 6d Js] [9s]
Koroborok: bets $1.22 and is all-in
caiogs21: folds 
Uncalled bet ($1.22) returned to Koroborok
Koroborok collected $1.27 from pot
*** SUMMARY ***
Total pot $1.33 | Rake $0.06 
Board [7s 6d Js 9s]
Seat 1: Koroborok (big blind) collected ($1.27)
Seat 2: matezernichter folded before Flop (didn't bet)
Seat 3: jeevanvishwas folded before Flop (didn't bet)
Seat 4: vanja@ps folded before Flop (didn't bet)
Seat 5: caiogs21 (button) folded on the Turn
Seat 6: Lorpugo (small blind) folded before Flop



PokerStars Hand #239650574115:  Hold'em No Limit ($0.01/$0.02 USD) - 2022/11/04 16:19:55 ET
Table 'Strackea III' 6-max Seat #6 is the button
Seat 1: Koroborok ($2.49 in chips) 
Seat 2: matezernichter ($4.76 in chips) 
Seat 3: jeevanvishwas ($1.75 in chips) 
Seat 4: vanja@ps ($0.90 in chips) 
Seat 5: caiogs21 ($1.77 in chips) 
Seat 6: Lorpugo ($3.99 in chips) 
Koroborok: posts small blind $0.01
matezernichter: posts big blind $0.02
*** HOLE CARDS ***
Dealt to Lorpugo [Th 8h]
jeevanvishwas: folds 
vanja@ps: folds 
caiogs21: raises $0.04 to $0.06
Lorpugo: calls $0.06
Koroborok: folds 
matezernichter: folds 
*** FLOP *** [2d 5s 4h]
caiogs21: checks 
Lorpugo: checks 
*** TURN *** [2d 5s 4h] [2c]
caiogs21: checks 
Lorpugo: bets $0.09
caiogs21: calls $0.09
*** RIVER *** [2d 5s 4h 2c] [3s]
caiogs21: checks 
Lorpugo: bets $0.14
caiogs21: calls $0.14
*** SHOW DOWN ***
Lorpugo: shows [Th 8h] (a pair of Deuces)
caiogs21: shows [As Jh] (a straight, Ace to Five)
caiogs21 collected $0.59 from pot
*** SUMMARY ***
Total pot $0.61 | Rake $0.02 
Board [2d 5s 4h 2c 3s]
Seat 1: Koroborok (small blind) folded before Flop
Seat 2: matezernichter (big blind) folded before Flop
Seat 3: jeevanvishwas folded before Flop (didn't bet)
Seat 4: vanja@ps folded before Flop (didn't bet)
Seat 5: caiogs21 showed [As Jh] and won ($0.59) with a straight, Ace to Five
Seat 6: Lorpugo (button) showed [Th 8h] and lost with a pair of Deuces



PokerStars Hand #239650593441:  Hold'em No Limit ($0.01/$0.02 USD) - 2022/11/04 16:20:42 ET
Table 'Strackea III' 6-max Seat #1 is the button
Seat 1: Koroborok ($2.48 in chips) 
Seat 2: matezernichter ($4.74 in chips) 
Seat 3: jeevanvishwas ($1.75 in chips) 
Seat 4: vanja@ps ($0.90 in chips) 
Seat 5: caiogs21 ($2.07 in chips) 
Seat 6: Lorpugo ($3.70 in chips) 
matezernichter: posts small blind $0.01
jeevanvishwas: posts big blind $0.02
*** HOLE CARDS ***
Dealt to Lorpugo [Qc 5d]
vanja@ps: folds 
caiogs21: folds 
Lorpugo: folds 
Koroborok: folds 
matezernichter: folds 
Uncalled bet ($0.01) returned to jeevanvishwas
jeevanvishwas collected $0.02 from pot
jeevanvishwas: doesn't show hand 
*** SUMMARY ***
Total pot $0.02 | Rake $0 
Seat 1: Koroborok (button) folded before Flop (didn't bet)
Seat 2: matezernichter (small blind) folded before Flop
Seat 3: jeevanvishwas (big blind) collected ($0.02)
Seat 4: vanja@ps folded before Flop (didn't bet)
Seat 5: caiogs21 folded before Flop (didn't bet)
Seat 6: Lorpugo folded before Flop (didn't bet)



PokerStars Hand #239650600039:  Hold'em No Limit ($0.01/$0.02 USD) - 2022/11/04 16:20:59 ET
Table 'Strackea III' 6-max Seat #2 is the button
Seat 2: matezernichter ($4.73 in chips) 
Seat 3: jeevanvishwas ($1.76 in chips) 
Seat 4: vanja@ps ($0.90 in chips) 
Seat 5: caiogs21 ($2.07 in chips) 
Seat 6: Lorpugo ($3.70 in chips) 
jeevanvishwas: posts small blind $0.01
vanja@ps: posts big blind $0.02
*** HOLE CARDS ***
Dealt to Lorpugo [3d 9c]
Koroborok leaves the table
caiogs21: raises $0.04 to $0.06
JimJam41 joins the table at seat #1 
Lorpugo: folds 
matezernichter: folds 
jeevanvishwas: calls $0.05
vanja@ps: calls $0.04
*** FLOP *** [Th Ad 6d]
jeevanvishwas: checks 
vanja@ps: checks 
caiogs21: bets $0.09
jeevanvishwas: calls $0.09
vanja@ps: calls $0.09
*** TURN *** [Th Ad 6d] [8c]
jeevanvishwas: checks 
vanja@ps: checks 
caiogs21: checks 
*** RIVER *** [Th Ad 6d 8c] [5s]
jeevanvishwas: checks 
vanja@ps: checks 
caiogs21: checks 
*** SHOW DOWN ***
jeevanvishwas: shows [Ts 7d] (a pair of Tens)
vanja@ps: mucks hand 
caiogs21: mucks hand 
jeevanvishwas collected $0.43 from pot
*** SUMMARY ***
Total pot $0.45 | Rake $0.02 
Board [Th Ad 6d 8c 5s]
Seat 2: matezernichter (button) folded before Flop (didn't bet)
Seat 3: jeevanvishwas (small blind) showed [Ts 7d] and won ($0.43) with a pair of Tens
Seat 4: vanja@ps (big blind) mucked [Kd Qh]
Seat 5: caiogs21 mucked [Kh Jh]
Seat 6: Lorpugo folded before Flop (didn't bet)



PokerStars Hand #239650622334:  Hold'em No Limit ($0.01/$0.02 USD) - 2022/11/04 16:21:53 ET
Table 'Strackea III' 6-max Seat #3 is the button
Seat 2: matezernichter ($4.73 in chips) 
Seat 3: jeevanvishwas ($2.04 in chips) 
Seat 4: vanja@ps ($0.75 in chips) 
Seat 5: caiogs21 ($1.92 in chips) 
Seat 6: Lorpugo ($3.70 in chips) 
vanja@ps: posts small blind $0.01
caiogs21: posts big blind $0.02
JimJam41: sits out 
*** HOLE CARDS ***
Dealt to Lorpugo [Qh 5c]
Lorpugo: folds 
matezernichter: folds 
jeevanvishwas: folds 
vanja@ps: calls $0.01
caiogs21: raises $0.04 to $0.06
vanja@ps: folds 
Uncalled bet ($0.04) returned to caiogs21
caiogs21 collected $0.04 from pot
caiogs21: doesn't show hand 
*** SUMMARY ***
Total pot $0.04 | Rake $0 
Seat 2: matezernichter folded before Flop (didn't bet)
Seat 3: jeevanvishwas (button) folded before Flop (didn't bet)
Seat 4: vanja@ps (small blind) folded before Flop
Seat 5: caiogs21 (big blind) collected ($0.04)
Seat 6: Lorpugo folded before Flop (didn't bet)



PokerStars Hand #239650630832:  Hold'em No Limit ($0.01/$0.02 USD) - 2022/11/04 16:22:14 ET
Table 'Strackea III' 6-max Seat #4 is the button
Seat 2: matezernichter ($4.73 in chips) 
Seat 3: jeevanvishwas ($2.04 in chips) 
Seat 4: vanja@ps ($0.73 in chips) 
Seat 5: caiogs21 ($1.94 in chips) 
Seat 6: Lorpugo ($3.70 in chips) 
caiogs21: posts small blind $0.01
Lorpugo: posts big blind $0.02
JimJam41: sits out 
*** HOLE CARDS ***
Dealt to Lorpugo [Ah Tc]
matezernichter: folds 
jeevanvishwas: folds 
vanja@ps: calls $0.02
caiogs21: folds 
Lorpugo: raises $0.08 to $0.10
vanja@ps: calls $0.08
*** FLOP *** [Th 9d 4h]
Lorpugo: bets $0.13
vanja@ps: folds 
Uncalled bet ($0.13) returned to Lorpugo
Lorpugo collected $0.20 from pot
Lorpugo: doesn't show hand 
*** SUMMARY ***
Total pot $0.21 | Rake $0.01 
Board [Th 9d 4h]
Seat 2: matezernichter folded before Flop (didn't bet)
Seat 3: jeevanvishwas folded before Flop (didn't bet)
Seat 4: vanja@ps (button) folded on the Flop
Seat 5: caiogs21 (small blind) folded before Flop
Seat 6: Lorpugo (big blind) collected ($0.20)



PokerStars Hand #239650651580:  Hold'em No Limit ($0.01/$0.02 USD) - 2022/11/04 16:23:04 ET
Table 'Strackea III' 6-max Seat #5 is the button
Seat 1: JimJam41 ($2 in chips) 
Seat 2: matezernichter ($4.73 in chips) 
Seat 3: jeevanvishwas ($2.04 in chips) 
Seat 4: vanja@ps ($0.63 in chips) 
Seat 5: caiogs21 ($1.93 in chips) 
Seat 6: Lorpugo ($3.80 in chips) 
Lorpugo: posts small blind $0.01
JimJam41: posts big blind $0.02
*** HOLE CARDS ***
Dealt to Lorpugo [Ac 9h]
matezernichter: folds 
jeevanvishwas: folds 
vanja@ps: folds 
caiogs21: folds 
Lorpugo: raises $0.04 to $0.06
JimJam41: folds 
Uncalled bet ($0.04) returned to Lorpugo
Lorpugo collected $0.04 from pot
Lorpugo: doesn't show hand 
*** SUMMARY ***
Total pot $0.04 | Rake $0 
Seat 1: JimJam41 (big blind) folded before Flop
Seat 2: matezernichter folded before Flop (didn't bet)
Seat 3: jeevanvishwas folded before Flop (didn't bet)
Seat 4: vanja@ps folded before Flop (didn't bet)
Seat 5: caiogs21 (button) folded before Flop (didn't bet)
Seat 6: Lorpugo (small blind) collected ($0.04)



PokerStars Hand #239650660441:  Hold'em No Limit ($0.01/$0.02 USD) - 2022/11/04 16:23:26 ET
Table 'Strackea III' 6-max Seat #6 is the button
Seat 1: JimJam41 ($1.98 in chips) 
Seat 2: matezernichter ($4.73 in chips) 
Seat 3: jeevanvishwas ($2.04 in chips) 
Seat 4: vanja@ps ($0.63 in chips) 
Seat 5: caiogs21 ($1.93 in chips) 
Seat 6: Lorpugo ($3.82 in chips) 
JimJam41: posts small blind $0.01
matezernichter: posts big blind $0.02
*** HOLE CARDS ***
Dealt to Lorpugo [5d 2h]
jeevanvishwas: raises $0.04 to $0.06
vanja@ps: calls $0.06
caiogs21: folds 
Lorpugo: folds 
JimJam41: folds 
matezernichter: folds 
*** FLOP *** [7d 5h 2d]
jeevanvishwas: bets $0.10
vanja@ps: calls $0.10
*** TURN *** [7d 5h 2d] [Ad]
jeevanvishwas: checks 
vanja@ps: checks 
*** RIVER *** [7d 5h 2d Ad] [8c]
jeevanvishwas: bets $0.08
vanja@ps: calls $0.08
*** SHOW DOWN ***
jeevanvishwas: shows [Th Tc] (a pair of Tens)
vanja@ps: mucks hand 
jeevanvishwas collected $0.49 from pot
*** SUMMARY ***
Total pot $0.51 | Rake $0.02 
Board [7d 5h 2d Ad 8c]
Seat 1: JimJam41 (small blind) folded before Flop
Seat 2: matezernichter (big blind) folded before Flop
Seat 3: jeevanvishwas showed [Th Tc] and won ($0.49) with a pair of Tens
Seat 4: vanja@ps mucked [9h 7h]
Seat 5: caiogs21 folded before Flop (didn't bet)
Seat 6: Lorpugo (button) folded before Flop (didn't bet)



PokerStars Hand #239650678946:  Hold'em No Limit ($0.01/$0.02 USD) - 2022/11/04 16:24:11 ET
Table 'Strackea III' 6-max Seat #1 is the button
Seat 1: JimJam41 ($1.97 in chips) 
Seat 2: matezernichter ($4.71 in chips) 
Seat 3: jeevanvishwas ($2.29 in chips) 
Seat 4: vanja@ps ($0.39 in chips) 
Seat 5: caiogs21 ($1.93 in chips) 
Seat 6: Lorpugo ($3.82 in chips) 
matezernichter: posts small blind $0.01
jeevanvishwas: posts big blind $0.02
*** HOLE CARDS ***
Dealt to Lorpugo [7c 6c]
vanja@ps: folds 
caiogs21: folds 
Lorpugo: raises $0.04 to $0.06
JimJam41: calls $0.06
matezernichter: folds 
jeevanvishwas: folds 
*** FLOP *** [8s 6d 8h]
Lorpugo: bets $0.09
JimJam41: calls $0.09
*** TURN *** [8s 6d 8h] [6h]
Lorpugo: bets $0.16
JimJam41: calls $0.16
*** RIVER *** [8s 6d 8h 6h] [Ks]
Lorpugo: bets $0.63
JimJam41: folds 
Uncalled bet ($0.63) returned to Lorpugo
Lorpugo collected $0.63 from pot
Lorpugo: doesn't show hand 
*** SUMMARY ***
Total pot $0.65 | Rake $0.02 
Board [8s 6d 8h 6h Ks]
Seat 1: JimJam41 (button) folded on the River
Seat 2: matezernichter (small blind) folded before Flop
Seat 3: jeevanvishwas (big blind) folded before Flop
Seat 4: vanja@ps folded before Flop (didn't bet)
Seat 5: caiogs21 folded before Flop (didn't bet)
Seat 6: Lorpugo collected ($0.63)



PokerStars Hand #239650703444:  Hold'em No Limit ($0.01/$0.02 USD) - 2022/11/04 16:25:10 ET
Table 'Strackea III' 6-max Seat #2 is the button
Seat 1: JimJam41 ($1.66 in chips) 
Seat 2: matezernichter ($4.70 in chips) 
Seat 3: jeevanvishwas ($2.27 in chips) 
Seat 4: vanja@ps ($2 in chips) 
Seat 5: caiogs21 ($1.93 in chips) 
Seat 6: Lorpugo ($4.14 in chips) 
jeevanvishwas: posts small blind $0.01
vanja@ps: posts big blind $0.02
*** HOLE CARDS ***
Dealt to Lorpugo [7h 4c]
caiogs21: folds 
Lorpugo: folds 
JimJam41: folds 
matezernichter: folds 
jeevanvishwas has timed out
jeevanvishwas: folds 
Uncalled bet ($0.01) returned to vanja@ps
vanja@ps collected $0.02 from pot
*** SUMMARY ***
Total pot $0.02 | Rake $0 
Seat 1: JimJam41 folded before Flop (didn't bet)
Seat 2: matezernichter (button) folded before Flop (didn't bet)
Seat 3: jeevanvishwas (small blind) folded before Flop
Seat 4: vanja@ps (big blind) collected ($0.02)
Seat 5: caiogs21 folded before Flop (didn't bet)
Seat 6: Lorpugo folded before Flop (didn't bet)



PokerStars Hand #239650726879:  Hold'em No Limit ($0.01/$0.02 USD) - 2022/11/04 16:26:07 ET
Table 'Strackea III' 6-max Seat #4 is the button
Seat 1: JimJam41 ($1.66 in chips) 
Seat 2: matezernichter ($4.70 in chips) 
Seat 4: vanja@ps ($2.01 in chips) 
Seat 5: caiogs21 ($1.93 in chips) 
Seat 6: Lorpugo ($4.14 in chips) 
caiogs21: posts small blind $0.01
Lorpugo: posts big blind $0.02
*** HOLE CARDS ***
Dealt to Lorpugo [8s Kh]
JimJam41: folds 
matezernichter: folds 
vanja@ps: raises $0.04 to $0.06
caiogs21: folds 
Lorpugo: calls $0.04
*** FLOP *** [9c Ah 4d]
Lorpugo: bets $0.04
vanja@ps: raises $0.06 to $0.10
Lorpugo: folds 
Uncalled bet ($0.06) returned to vanja@ps
vanja@ps collected $0.20 from pot
*** SUMMARY ***
Total pot $0.21 | Rake $0.01 
Board [9c Ah 4d]
Seat 1: JimJam41 folded before Flop (didn't bet)
Seat 2: matezernichter folded before Flop (didn't bet)
Seat 4: vanja@ps (button) collected ($0.20)
Seat 5: caiogs21 (small blind) folded before Flop
Seat 6: Lorpugo (big blind) folded on the Flop



PokerStars Hand #239650740714:  Hold'em No Limit ($0.01/$0.02 USD) - 2022/11/04 16:26:42 ET
Table 'Strackea III' 6-max Seat #5 is the button
Seat 1: JimJam41 ($1.66 in chips) 
Seat 2: matezernichter ($4.70 in chips) 
Seat 3: jeevanvishwas ($2.26 in chips) 
Seat 4: vanja@ps ($2.11 in chips) 
Seat 5: caiogs21 ($1.92 in chips) 
Seat 6: Lorpugo ($4.04 in chips) 
Lorpugo: posts small blind $0.01
JimJam41: posts big blind $0.02
*** HOLE CARDS ***
Dealt to Lorpugo [2c 9d]
matezernichter: folds 
jeevanvishwas: folds 
vanja@ps: raises $0.04 to $0.06
caiogs21: calls $0.06
Lorpugo: folds 
JimJam41: calls $0.04
*** FLOP *** [Jh 6s 8c]
JimJam41: checks 
vanja@ps: bets $0.09
caiogs21: calls $0.09
JimJam41: calls $0.09
*** TURN *** [Jh 6s 8c] [Qh]
JimJam41: checks 
vanja@ps: checks 
caiogs21: checks 
*** RIVER *** [Jh 6s 8c Qh] [2d]
JimJam41: checks 
vanja@ps: bets $0.22
caiogs21: folds 
JimJam41: calls $0.22
*** SHOW DOWN ***
vanja@ps: shows [Js Ts] (a pair of Jacks)
JimJam41: mucks hand 
vanja@ps collected $0.87 from pot
*** SUMMARY ***
Total pot $0.90 | Rake $0.03 
Board [Jh 6s 8c Qh 2d]
Seat 1: JimJam41 (big blind) mucked [8h Kc]
Seat 2: matezernichter folded before Flop (didn't bet)
Seat 3: jeevanvishwas folded before Flop (didn't bet)
Seat 4: vanja@ps showed [Js Ts] and won ($0.87) with a pair of Jacks
Seat 5: caiogs21 (button) folded on the River
Seat 6: Lorpugo (small blind) folded before Flop



PokerStars Hand #239650766254:  Hold'em No Limit ($0.01/$0.02 USD) - 2022/11/04 16:27:44 ET
Table 'Strackea III' 6-max Seat #6 is the button
Seat 1: JimJam41 ($1.29 in chips) 
Seat 3: jeevanvishwas ($2.26 in chips) 
Seat 4: vanja@ps ($2.61 in chips) 
Seat 5: caiogs21 ($1.77 in chips) 
Seat 6: Lorpugo ($4.03 in chips) 
JimJam41: posts small blind $0.01
matezernichter: is sitting out 
jeevanvishwas: posts big blind $0.02
*** HOLE CARDS ***
Dealt to Lorpugo [Qh 8d]
vanja@ps: folds 
caiogs21: folds 
matezernichter leaves the table
Lorpugo: raises $0.04 to $0.06
JimJam41: folds 
jeevanvishwas: calls $0.04
*** FLOP *** [7d 6s Tc]
jeevanvishwas: checks 
Lorpugo: checks 
*** TURN *** [7d 6s Tc] [Ah]
jeevanvishwas: checks 
bunes001 joins the table at seat #2 
Lorpugo: checks 
*** RIVER *** [7d 6s Tc Ah] [Ks]
jeevanvishwas: bets $0.09
Lorpugo: folds 
Uncalled bet ($0.09) returned to jeevanvishwas
jeevanvishwas collected $0.13 from pot
jeevanvishwas: doesn't show hand 
*** SUMMARY ***
Total pot $0.13 | Rake $0 
Board [7d 6s Tc Ah Ks]
Seat 1: JimJam41 (small blind) folded before Flop
Seat 3: jeevanvishwas (big blind) collected ($0.13)
Seat 4: vanja@ps folded before Flop (didn't bet)
Seat 5: caiogs21 folded before Flop (didn't bet)
Seat 6: Lorpugo (button) folded on the River



PokerStars Hand #239650781982:  Hold'em No Limit ($0.01/$0.02 USD) - 2022/11/04 16:28:23 ET
Table 'Strackea III' 6-max Seat #1 is the button
Seat 1: JimJam41 ($1.28 in chips) 
Seat 3: jeevanvishwas ($2.33 in chips) 
Seat 4: vanja@ps ($2.61 in chips) 
Seat 5: caiogs21 ($1.77 in chips) 
Seat 6: Lorpugo ($3.97 in chips) 
jeevanvishwas: posts small blind $0.01
vanja@ps: posts big blind $0.02
*** HOLE CARDS ***
Dealt to Lorpugo [Qs 4c]
caiogs21: folds 
Lorpugo: folds 
JimJam41: folds 
jeevanvishwas: calls $0.01
vanja@ps: checks 
*** FLOP *** [Ac 2h Th]
jeevanvishwas: checks 
vanja@ps: checks 
*** TURN *** [Ac 2h Th] [4d]
jeevanvishwas: checks 
vanja@ps: checks 
*** RIVER *** [Ac 2h Th 4d] [Kd]
jeevanvishwas: checks 
vanja@ps: checks 
*** SHOW DOWN ***
jeevanvishwas: shows [Ks 6c] (a pair of Kings)
vanja@ps: mucks hand 
jeevanvishwas collected $0.04 from pot
*** SUMMARY ***
Total pot $0.04 | Rake $0 
Board [Ac 2h Th 4d Kd]
Seat 1: JimJam41 (button) folded before Flop (didn't bet)
Seat 3: jeevanvishwas (small blind) showed [Ks 6c] and won ($0.04) with a pair of Kings
Seat 4: vanja@ps (big blind) mucked [5s 8d]
Seat 5: caiogs21 folded before Flop (didn't bet)
Seat 6: Lorpugo folded before Flop (didn't bet)



PokerStars Hand #239650802636:  Hold'em No Limit ($0.01/$0.02 USD) - 2022/11/04 16:29:14 ET
Table 'Strackea III' 6-max Seat #3 is the button
Seat 1: JimJam41 ($1.28 in chips) 
Seat 2: bunes001 ($2 in chips) 
Seat 3: jeevanvishwas ($2.35 in chips) 
Seat 4: vanja@ps ($2.59 in chips) 
Seat 5: caiogs21 ($1.77 in chips) 
Seat 6: Lorpugo ($3.97 in chips) 
vanja@ps: posts small blind $0.01
caiogs21: posts big blind $0.02
bunes001: posts big blind $0.02
*** HOLE CARDS ***
Dealt to Lorpugo [Jh 4h]
Lorpugo: folds 
JimJam41: raises $0.04 to $0.06
bunes001: calls $0.04
jeevanvishwas: calls $0.06
vanja@ps: calls $0.05
caiogs21: folds 
*** FLOP *** [9c Qd Ah]
vanja@ps: checks 
JimJam41: bets $0.10
bunes001: folds 
jeevanvishwas: folds 
vanja@ps: calls $0.10
*** TURN *** [9c Qd Ah] [9d]
vanja@ps: checks 
JimJam41: checks 
*** RIVER *** [9c Qd Ah 9d] [8d]
vanja@ps: checks 
JimJam41: checks 
*** SHOW DOWN ***
vanja@ps: shows [Js Kc] (a pair of Nines)
JimJam41: shows [Ks Ts] (a pair of Nines)
vanja@ps collected $0.22 from pot
JimJam41 collected $0.22 from pot
*** SUMMARY ***
Total pot $0.46 | Rake $0.02 
Board [9c Qd Ah 9d 8d]
Seat 1: JimJam41 showed [Ks Ts] and won ($0.22) with a pair of Nines
Seat 2: bunes001 folded on the Flop
Seat 3: jeevanvishwas (button) folded on the Flop
Seat 4: vanja@ps (small blind) showed [Js Kc] and won ($0.22) with a pair of Nines
Seat 5: caiogs21 (big blind) folded before Flop
Seat 6: Lorpugo folded before Flop (didn't bet)



