PokerStars Hand #239588539550:  Hold'em No Limit ($0.01/$0.02 USD) - 2022/11/01 14:41:12 ET
Table 'Margo II' 6-max Seat #1 is the button
Seat 1: CondaA ($2 in chips) 
Seat 2: pendo3 ($0.76 in chips) 
Seat 3: Lorpugo ($1.60 in chips) 
Seat 4: 77BREAKER77 ($2.14 in chips) 
Seat 5: moMarSuchy ($2.07 in chips) 
Seat 6: anthonyPG12 ($3.14 in chips) 
pendo3: posts small blind $0.01
Lorpugo: posts big blind $0.02
*** HOLE CARDS ***
Dealt to Lorpugo [2c 9d]
77BREAKER77: folds 
moMarSuchy: folds 
anthonyPG12: raises $0.04 to $0.06
CondaA: folds 
pendo3: folds 
Lorpugo: folds 
Uncalled bet ($0.04) returned to anthonyPG12
anthonyPG12 collected $0.05 from pot
anthonyPG12: doesn't show hand 
*** SUMMARY ***
Total pot $0.05 | Rake $0 
Seat 1: CondaA (button) folded before Flop (didn't bet)
Seat 2: pendo3 (small blind) folded before Flop
Seat 3: Lorpugo (big blind) folded before Flop
Seat 4: 77BREAKER77 folded before Flop (didn't bet)
Seat 5: moMarSuchy folded before Flop (didn't bet)
Seat 6: anthonyPG12 collected ($0.05)



PokerStars Hand #239588546640:  Hold'em No Limit ($0.01/$0.02 USD) - 2022/11/01 14:41:30 ET
Table 'Margo II' 6-max Seat #2 is the button
Seat 1: CondaA ($2 in chips) 
Seat 2: pendo3 ($1.99 in chips) 
Seat 3: Lorpugo ($1.58 in chips) 
Seat 4: 77BREAKER77 ($2.14 in chips) 
Seat 5: moMarSuchy ($2.07 in chips) 
Seat 6: anthonyPG12 ($3.17 in chips) 
Lorpugo: posts small blind $0.01
77BREAKER77: posts big blind $0.02
*** HOLE CARDS ***
Dealt to Lorpugo [9h Kh]
moMarSuchy: folds 
anthonyPG12: raises $0.04 to $0.06
CondaA: folds 
pendo3: folds 
Lorpugo: calls $0.05
77BREAKER77: folds 
*** FLOP *** [3h 9d 7h]
Lorpugo: checks 
anthonyPG12: bets $0.08
Lorpugo: raises $0.15 to $0.23
anthonyPG12: calls $0.15
*** TURN *** [3h 9d 7h] [Qc]
Lorpugo: checks 
anthonyPG12: checks 
*** RIVER *** [3h 9d 7h Qc] [4s]
Lorpugo: checks 
anthonyPG12: bets $0.19
Lorpugo: calls $0.19
*** SHOW DOWN ***
anthonyPG12: shows [Ac As] (a pair of Aces)
Lorpugo: mucks hand 
anthonyPG12 collected $0.95 from pot
*** SUMMARY ***
Total pot $0.98 | Rake $0.03 
Board [3h 9d 7h Qc 4s]
Seat 1: CondaA folded before Flop (didn't bet)
Seat 2: pendo3 (button) folded before Flop (didn't bet)
Seat 3: Lorpugo (small blind) mucked [9h Kh]
Seat 4: 77BREAKER77 (big blind) folded before Flop
Seat 5: moMarSuchy folded before Flop (didn't bet)
Seat 6: anthonyPG12 showed [Ac As] and won ($0.95) with a pair of Aces



PokerStars Hand #239588564977:  Hold'em No Limit ($0.01/$0.02 USD) - 2022/11/01 14:42:18 ET
Table 'Margo II' 6-max Seat #3 is the button
Seat 1: CondaA ($2 in chips) 
Seat 2: pendo3 ($1.99 in chips) 
Seat 3: Lorpugo ($1.10 in chips) 
Seat 4: 77BREAKER77 ($2.12 in chips) 
Seat 5: moMarSuchy ($2.07 in chips) 
Seat 6: anthonyPG12 ($3.64 in chips) 
77BREAKER77: posts small blind $0.01
moMarSuchy: posts big blind $0.02
*** HOLE CARDS ***
Dealt to Lorpugo [7h 2d]
anthonyPG12: folds 
CondaA: folds 
pendo3: folds 
Lorpugo: folds 
77BREAKER77: raises $0.03 to $0.05
moMarSuchy: folds 
Uncalled bet ($0.03) returned to 77BREAKER77
77BREAKER77 collected $0.04 from pot
77BREAKER77: doesn't show hand 
*** SUMMARY ***
Total pot $0.04 | Rake $0 
Seat 1: CondaA folded before Flop (didn't bet)
Seat 2: pendo3 folded before Flop (didn't bet)
Seat 3: Lorpugo (button) folded before Flop (didn't bet)
Seat 4: 77BREAKER77 (small blind) collected ($0.04)
Seat 5: moMarSuchy (big blind) folded before Flop
Seat 6: anthonyPG12 folded before Flop (didn't bet)



PokerStars Hand #239588571495:  Hold'em No Limit ($0.01/$0.02 USD) - 2022/11/01 14:42:35 ET
Table 'Margo II' 6-max Seat #4 is the button
Seat 1: CondaA ($2 in chips) 
Seat 2: pendo3 ($1.99 in chips) 
Seat 3: Lorpugo ($1.10 in chips) 
Seat 4: 77BREAKER77 ($2.14 in chips) 
Seat 5: moMarSuchy ($2.05 in chips) 
Seat 6: anthonyPG12 ($3.64 in chips) 
moMarSuchy: posts small blind $0.01
anthonyPG12: posts big blind $0.02
*** HOLE CARDS ***
Dealt to Lorpugo [2h Qd]
CondaA: folds 
pendo3: raises $0.04 to $0.06
Lorpugo: folds 
77BREAKER77: calls $0.06
moMarSuchy: folds 
anthonyPG12: calls $0.04
*** FLOP *** [4d 9s 6d]
anthonyPG12: checks 
pendo3: checks 
77BREAKER77: checks 
*** TURN *** [4d 9s 6d] [Qh]
anthonyPG12: checks 
pendo3: bets $0.09
77BREAKER77: folds 
anthonyPG12: folds 
Uncalled bet ($0.09) returned to pendo3
pendo3 collected $0.18 from pot
pendo3: doesn't show hand 
*** SUMMARY ***
Total pot $0.19 | Rake $0.01 
Board [4d 9s 6d Qh]
Seat 1: CondaA folded before Flop (didn't bet)
Seat 2: pendo3 collected ($0.18)
Seat 3: Lorpugo folded before Flop (didn't bet)
Seat 4: 77BREAKER77 (button) folded on the Turn
Seat 5: moMarSuchy (small blind) folded before Flop
Seat 6: anthonyPG12 (big blind) folded on the Turn



PokerStars Hand #239588594934:  Hold'em No Limit ($0.01/$0.02 USD) - 2022/11/01 14:43:38 ET
Table 'Margo II' 6-max Seat #5 is the button
Seat 1: CondaA ($2 in chips) 
Seat 2: pendo3 ($2.11 in chips) 
Seat 3: Lorpugo ($1.90 in chips) 
Seat 4: 77BREAKER77 ($2.08 in chips) 
Seat 5: moMarSuchy ($2.04 in chips) 
Seat 6: anthonyPG12 ($3.58 in chips) 
anthonyPG12: posts small blind $0.01
CondaA: posts big blind $0.02
*** HOLE CARDS ***
Dealt to Lorpugo [8d Ad]
pendo3: folds 
Lorpugo: raises $0.04 to $0.06
77BREAKER77: folds 
moMarSuchy: folds 
anthonyPG12: folds 
CondaA: folds 
Uncalled bet ($0.04) returned to Lorpugo
Lorpugo collected $0.05 from pot
Lorpugo: doesn't show hand 
*** SUMMARY ***
Total pot $0.05 | Rake $0 
Seat 1: CondaA (big blind) folded before Flop
Seat 2: pendo3 folded before Flop (didn't bet)
Seat 3: Lorpugo collected ($0.05)
Seat 4: 77BREAKER77 folded before Flop (didn't bet)
Seat 5: moMarSuchy (button) folded before Flop (didn't bet)
Seat 6: anthonyPG12 (small blind) folded before Flop



PokerStars Hand #239588610542:  Hold'em No Limit ($0.01/$0.02 USD) - 2022/11/01 14:44:20 ET
Table 'Margo II' 6-max Seat #6 is the button
Seat 1: CondaA ($2 in chips) 
Seat 2: pendo3 ($2.11 in chips) 
Seat 3: Lorpugo ($1.93 in chips) 
Seat 4: 77BREAKER77 ($2.08 in chips) 
Seat 5: moMarSuchy ($2.04 in chips) 
Seat 6: anthonyPG12 ($3.57 in chips) 
CondaA: posts small blind $0.01
pendo3: posts big blind $0.02
*** HOLE CARDS ***
Dealt to Lorpugo [5d 7d]
Lorpugo: raises $0.02 to $0.04
77BREAKER77: folds 
moMarSuchy: folds 
anthonyPG12: folds 
CondaA: folds 
pendo3: folds 
Uncalled bet ($0.02) returned to Lorpugo
Lorpugo collected $0.05 from pot
Lorpugo: doesn't show hand 
*** SUMMARY ***
Total pot $0.05 | Rake $0 
Seat 1: CondaA (small blind) folded before Flop
Seat 2: pendo3 (big blind) folded before Flop
Seat 3: Lorpugo collected ($0.05)
Seat 4: 77BREAKER77 folded before Flop (didn't bet)
Seat 5: moMarSuchy folded before Flop (didn't bet)
Seat 6: anthonyPG12 (button) folded before Flop (didn't bet)



PokerStars Hand #239588618998:  Hold'em No Limit ($0.01/$0.02 USD) - 2022/11/01 14:44:42 ET
Table 'Margo II' 6-max Seat #1 is the button
Seat 1: CondaA ($2 in chips) 
Seat 2: pendo3 ($2.09 in chips) 
Seat 3: Lorpugo ($1.96 in chips) 
Seat 4: 77BREAKER77 ($2.08 in chips) 
Seat 5: moMarSuchy ($2.04 in chips) 
Seat 6: anthonyPG12 ($3.57 in chips) 
pendo3: posts small blind $0.01
Lorpugo: posts big blind $0.02
*** HOLE CARDS ***
Dealt to Lorpugo [3c 8s]
77BREAKER77: folds 
moMarSuchy: raises $0.04 to $0.06
anthonyPG12: raises $0.15 to $0.21
CondaA: folds 
pendo3: folds 
Lorpugo: folds 
moMarSuchy: folds 
Uncalled bet ($0.15) returned to anthonyPG12
anthonyPG12 collected $0.15 from pot
anthonyPG12: doesn't show hand 
*** SUMMARY ***
Total pot $0.15 | Rake $0 
Seat 1: CondaA (button) folded before Flop (didn't bet)
Seat 2: pendo3 (small blind) folded before Flop
Seat 3: Lorpugo (big blind) folded before Flop
Seat 4: 77BREAKER77 folded before Flop (didn't bet)
Seat 5: moMarSuchy folded before Flop
Seat 6: anthonyPG12 collected ($0.15)



PokerStars Hand #239588627207:  Hold'em No Limit ($0.01/$0.02 USD) - 2022/11/01 14:45:04 ET
Table 'Margo II' 6-max Seat #2 is the button
Seat 1: CondaA ($2 in chips) 
Seat 2: pendo3 ($2.08 in chips) 
Seat 3: Lorpugo ($1.94 in chips) 
Seat 4: 77BREAKER77 ($2.08 in chips) 
Seat 5: moMarSuchy ($1.98 in chips) 
Seat 6: anthonyPG12 ($3.66 in chips) 
Lorpugo: posts small blind $0.01
77BREAKER77: posts big blind $0.02
*** HOLE CARDS ***
Dealt to Lorpugo [4s Th]
moMarSuchy has timed out
moMarSuchy: folds 
anthonyPG12: folds 
CondaA: folds 
pendo3: raises $0.04 to $0.06
Lorpugo: folds 
77BREAKER77: calls $0.04
*** FLOP *** [Kh Ac 8d]
77BREAKER77: checks 
pendo3: bets $0.06
77BREAKER77: folds 
Uncalled bet ($0.06) returned to pendo3
pendo3 collected $0.13 from pot
pendo3: doesn't show hand 
*** SUMMARY ***
Total pot $0.13 | Rake $0 
Board [Kh Ac 8d]
Seat 1: CondaA folded before Flop (didn't bet)
Seat 2: pendo3 (button) collected ($0.13)
Seat 3: Lorpugo (small blind) folded before Flop
Seat 4: 77BREAKER77 (big blind) folded on the Flop
Seat 5: moMarSuchy folded before Flop (didn't bet)
Seat 6: anthonyPG12 folded before Flop (didn't bet)



PokerStars Hand #239588643876:  Hold'em No Limit ($0.01/$0.02 USD) - 2022/11/01 14:45:48 ET
Table 'Margo II' 6-max Seat #3 is the button
Seat 1: CondaA ($2 in chips) 
Seat 2: pendo3 ($2.15 in chips) 
Seat 3: Lorpugo ($1.93 in chips) 
Seat 4: 77BREAKER77 ($2.02 in chips) 
Seat 5: moMarSuchy ($1.98 in chips) 
Seat 6: anthonyPG12 ($3.66 in chips) 
77BREAKER77: posts small blind $0.01
moMarSuchy: posts big blind $0.02
*** HOLE CARDS ***
Dealt to Lorpugo [5d 4s]
anthonyPG12: raises $0.04 to $0.06
CondaA: folds 
pendo3: folds 
Lorpugo: folds 
77BREAKER77: folds 
moMarSuchy: folds 
Uncalled bet ($0.04) returned to anthonyPG12
anthonyPG12 collected $0.05 from pot
anthonyPG12: doesn't show hand 
*** SUMMARY ***
Total pot $0.05 | Rake $0 
Seat 1: CondaA folded before Flop (didn't bet)
Seat 2: pendo3 folded before Flop (didn't bet)
Seat 3: Lorpugo (button) folded before Flop (didn't bet)
Seat 4: 77BREAKER77 (small blind) folded before Flop
Seat 5: moMarSuchy (big blind) folded before Flop
Seat 6: anthonyPG12 collected ($0.05)



PokerStars Hand #239588649758:  Hold'em No Limit ($0.01/$0.02 USD) - 2022/11/01 14:46:04 ET
Table 'Margo II' 6-max Seat #4 is the button
Seat 1: CondaA ($2 in chips) 
Seat 2: pendo3 ($2.15 in chips) 
Seat 3: Lorpugo ($1.93 in chips) 
Seat 4: 77BREAKER77 ($2.01 in chips) 
Seat 5: moMarSuchy ($2 in chips) 
Seat 6: anthonyPG12 ($3.69 in chips) 
moMarSuchy: posts small blind $0.01
anthonyPG12: posts big blind $0.02
*** HOLE CARDS ***
Dealt to Lorpugo [2h 7c]
CondaA: folds 
pendo3: folds 
Lorpugo: folds 
77BREAKER77: folds 
moMarSuchy: folds 
Uncalled bet ($0.01) returned to anthonyPG12
anthonyPG12 collected $0.02 from pot
anthonyPG12: doesn't show hand 
*** SUMMARY ***
Total pot $0.02 | Rake $0 
Seat 1: CondaA folded before Flop (didn't bet)
Seat 2: pendo3 folded before Flop (didn't bet)
Seat 3: Lorpugo folded before Flop (didn't bet)
Seat 4: 77BREAKER77 (button) folded before Flop (didn't bet)
Seat 5: moMarSuchy (small blind) folded before Flop
Seat 6: anthonyPG12 (big blind) collected ($0.02)



PokerStars Hand #239588655408:  Hold'em No Limit ($0.01/$0.02 USD) - 2022/11/01 14:46:19 ET
Table 'Margo II' 6-max Seat #5 is the button
Seat 1: CondaA ($2 in chips) 
Seat 2: pendo3 ($2.15 in chips) 
Seat 3: Lorpugo ($1.93 in chips) 
Seat 4: 77BREAKER77 ($2.01 in chips) 
Seat 5: moMarSuchy ($1.99 in chips) 
Seat 6: anthonyPG12 ($3.70 in chips) 
anthonyPG12: posts small blind $0.01
CondaA: posts big blind $0.02
*** HOLE CARDS ***
Dealt to Lorpugo [6d 4d]
pendo3: folds 
Lorpugo: raises $0.04 to $0.06
77BREAKER77: folds 
moMarSuchy: folds 
anthonyPG12: raises $0.14 to $0.20
CondaA: folds 
Lorpugo: folds 
Uncalled bet ($0.14) returned to anthonyPG12
anthonyPG12 collected $0.14 from pot
anthonyPG12: doesn't show hand 
*** SUMMARY ***
Total pot $0.14 | Rake $0 
Seat 1: CondaA (big blind) folded before Flop
Seat 2: pendo3 folded before Flop (didn't bet)
Seat 3: Lorpugo folded before Flop
Seat 4: 77BREAKER77 folded before Flop (didn't bet)
Seat 5: moMarSuchy (button) folded before Flop (didn't bet)
Seat 6: anthonyPG12 (small blind) collected ($0.14)



PokerStars Hand #239588664692:  Hold'em No Limit ($0.01/$0.02 USD) - 2022/11/01 14:46:44 ET
Table 'Margo II' 6-max Seat #6 is the button
Seat 1: CondaA ($2 in chips) 
Seat 2: pendo3 ($2.15 in chips) 
Seat 3: Lorpugo ($1.87 in chips) 
Seat 4: 77BREAKER77 ($2.01 in chips) 
Seat 5: moMarSuchy ($1.99 in chips) 
Seat 6: anthonyPG12 ($3.78 in chips) 
CondaA: posts small blind $0.01
pendo3: posts big blind $0.02
*** HOLE CARDS ***
Dealt to Lorpugo [Kc Jd]
Lorpugo: folds 
77BREAKER77: folds 
77BREAKER77 leaves the table
galloasesino joins the table at seat #4 
moMarSuchy: raises $0.04 to $0.06
anthonyPG12: folds 
CondaA: calls $0.05
pendo3: calls $0.04
*** FLOP *** [8h Kh 8s]
CondaA: checks 
pendo3: checks 
moMarSuchy: bets $0.06
CondaA: folds 
pendo3: folds 
Uncalled bet ($0.06) returned to moMarSuchy
moMarSuchy collected $0.17 from pot
moMarSuchy: doesn't show hand 
*** SUMMARY ***
Total pot $0.18 | Rake $0.01 
Board [8h Kh 8s]
Seat 1: CondaA (small blind) folded on the Flop
Seat 2: pendo3 (big blind) folded on the Flop
Seat 3: Lorpugo folded before Flop (didn't bet)
Seat 4: 77BREAKER77 folded before Flop (didn't bet)
Seat 5: moMarSuchy collected ($0.17)
Seat 6: anthonyPG12 (button) folded before Flop (didn't bet)



PokerStars Hand #239588679773:  Hold'em No Limit ($0.01/$0.02 USD) - 2022/11/01 14:47:24 ET
Table 'Margo II' 6-max Seat #1 is the button
Seat 1: CondaA ($2 in chips) 
Seat 2: pendo3 ($2.09 in chips) 
Seat 3: Lorpugo ($1.87 in chips) 
Seat 5: moMarSuchy ($2.10 in chips) 
Seat 6: anthonyPG12 ($3.78 in chips) 
pendo3: posts small blind $0.01
Lorpugo: posts big blind $0.02
galloasesino: sits out 
*** HOLE CARDS ***
Dealt to Lorpugo [9c Qh]
moMarSuchy: folds 
anthonyPG12: folds 
CondaA: folds 
pendo3: folds 
Uncalled bet ($0.01) returned to Lorpugo
Lorpugo collected $0.02 from pot
Lorpugo: doesn't show hand 
*** SUMMARY ***
Total pot $0.02 | Rake $0 
Seat 1: CondaA (button) folded before Flop (didn't bet)
Seat 2: pendo3 (small blind) folded before Flop
Seat 3: Lorpugo (big blind) collected ($0.02)
Seat 5: moMarSuchy folded before Flop (didn't bet)
Seat 6: anthonyPG12 folded before Flop (didn't bet)



PokerStars Hand #239588683886:  Hold'em No Limit ($0.01/$0.02 USD) - 2022/11/01 14:47:35 ET
Table 'Margo II' 6-max Seat #2 is the button
Seat 1: CondaA ($2 in chips) 
Seat 2: pendo3 ($2.08 in chips) 
Seat 3: Lorpugo ($1.88 in chips) 
Seat 4: galloasesino ($1.60 in chips) 
Seat 5: moMarSuchy ($2.10 in chips) 
Seat 6: anthonyPG12 ($3.78 in chips) 
Lorpugo: posts small blind $0.01
galloasesino: posts big blind $0.02
*** HOLE CARDS ***
Dealt to Lorpugo [4h 2d]
moMarSuchy: folds 
anthonyPG12: raises $0.04 to $0.06
CondaA: raises $0.14 to $0.20
pendo3: folds 
Lorpugo: folds 
galloasesino: folds 
anthonyPG12: folds 
Uncalled bet ($0.14) returned to CondaA
CondaA collected $0.15 from pot
CondaA: doesn't show hand 
*** SUMMARY ***
Total pot $0.15 | Rake $0 
Seat 1: CondaA collected ($0.15)
Seat 2: pendo3 (button) folded before Flop (didn't bet)
Seat 3: Lorpugo (small blind) folded before Flop
Seat 4: galloasesino (big blind) folded before Flop
Seat 5: moMarSuchy folded before Flop (didn't bet)
Seat 6: anthonyPG12 folded before Flop



PokerStars Hand #239588692973:  Hold'em No Limit ($0.01/$0.02 USD) - 2022/11/01 14:47:59 ET
Table 'Margo II' 6-max Seat #3 is the button
Seat 1: CondaA ($2.09 in chips) 
Seat 2: pendo3 ($2.08 in chips) 
Seat 3: Lorpugo ($1.87 in chips) 
Seat 4: galloasesino ($1.58 in chips) 
Seat 5: moMarSuchy ($2.10 in chips) 
Seat 6: anthonyPG12 ($3.72 in chips) 
galloasesino: posts small blind $0.01
moMarSuchy: posts big blind $0.02
*** HOLE CARDS ***
Dealt to Lorpugo [2s 3d]
anthonyPG12: raises $0.04 to $0.06
CondaA: folds 
pendo3: folds 
Lorpugo: folds 
galloasesino: folds 
moMarSuchy: folds 
Uncalled bet ($0.04) returned to anthonyPG12
anthonyPG12 collected $0.05 from pot
anthonyPG12: doesn't show hand 
*** SUMMARY ***
Total pot $0.05 | Rake $0 
Seat 1: CondaA folded before Flop (didn't bet)
Seat 2: pendo3 folded before Flop (didn't bet)
Seat 3: Lorpugo (button) folded before Flop (didn't bet)
Seat 4: galloasesino (small blind) folded before Flop
Seat 5: moMarSuchy (big blind) folded before Flop
Seat 6: anthonyPG12 collected ($0.05)



PokerStars Hand #239588701997:  Hold'em No Limit ($0.01/$0.02 USD) - 2022/11/01 14:48:23 ET
Table 'Margo II' 6-max Seat #4 is the button
Seat 1: CondaA ($2.09 in chips) 
Seat 2: pendo3 ($2.08 in chips) 
Seat 3: Lorpugo ($1.87 in chips) 
Seat 4: galloasesino ($1.57 in chips) 
Seat 5: moMarSuchy ($2.08 in chips) 
Seat 6: anthonyPG12 ($3.75 in chips) 
moMarSuchy: posts small blind $0.01
anthonyPG12: posts big blind $0.02
*** HOLE CARDS ***
Dealt to Lorpugo [3h Th]
CondaA: folds 
pendo3: folds 
Lorpugo: folds 
galloasesino: folds 
moMarSuchy: raises $0.04 to $0.06
anthonyPG12: raises $0.14 to $0.20
moMarSuchy has timed out
moMarSuchy: folds 
Uncalled bet ($0.14) returned to anthonyPG12
anthonyPG12 collected $0.12 from pot
anthonyPG12: doesn't show hand 
*** SUMMARY ***
Total pot $0.12 | Rake $0 
Seat 1: CondaA folded before Flop (didn't bet)
Seat 2: pendo3 folded before Flop (didn't bet)
Seat 3: Lorpugo folded before Flop (didn't bet)
Seat 4: galloasesino (button) folded before Flop (didn't bet)
Seat 5: moMarSuchy (small blind) folded before Flop
Seat 6: anthonyPG12 (big blind) collected ($0.12)



PokerStars Hand #239588714673:  Hold'em No Limit ($0.01/$0.02 USD) - 2022/11/01 14:48:57 ET
Table 'Margo II' 6-max Seat #5 is the button
Seat 1: CondaA ($2.09 in chips) 
Seat 2: pendo3 ($2.08 in chips) 
Seat 3: Lorpugo ($1.87 in chips) 
Seat 4: galloasesino ($1.57 in chips) 
Seat 5: moMarSuchy ($2.02 in chips) 
Seat 6: anthonyPG12 ($3.81 in chips) 
anthonyPG12: posts small blind $0.01
CondaA: posts big blind $0.02
*** HOLE CARDS ***
Dealt to Lorpugo [Td 8s]
pendo3: raises $0.04 to $0.06
Lorpugo: folds 
galloasesino: raises $0.06 to $0.12
moMarSuchy: folds 
anthonyPG12: folds 
CondaA: folds 
pendo3: raises $0.18 to $0.30
galloasesino: raises $0.72 to $1.02
pendo3: raises $1.06 to $2.08 and is all-in
galloasesino: calls $0.55 and is all-in
Uncalled bet ($0.51) returned to pendo3
*** FLOP *** [Tc Ad 7d]
*** TURN *** [Tc Ad 7d] [5d]
*** RIVER *** [Tc Ad 7d 5d] [5s]
*** SHOW DOWN ***
pendo3: shows [Kd Kh] (two pair, Kings and Fives)
galloasesino: shows [Ac As] (a full house, Aces full of Fives)
galloasesino cashed out the hand for $2.46 | Cash Out Fee $0.02
*** SUMMARY ***
Total pot $3.17 | Rake $0.11 
Board [Tc Ad 7d 5d 5s]
Seat 1: CondaA (big blind) folded before Flop
Seat 2: pendo3 showed [Kd Kh] and lost with two pair, Kings and Fives
Seat 3: Lorpugo folded before Flop (didn't bet)
Seat 4: galloasesino showed [Ac As] and won ($3.06) with a full house, Aces full of Fives (pot not awarded as player cashed out)
Seat 5: moMarSuchy (button) folded before Flop (didn't bet)
Seat 6: anthonyPG12 (small blind) folded before Flop



PokerStars Hand #239588738540:  Hold'em No Limit ($0.01/$0.02 USD) - 2022/11/01 14:50:00 ET
Table 'Margo II' 6-max Seat #6 is the button
Seat 1: CondaA ($2.07 in chips) 
Seat 2: pendo3 ($0.51 in chips) 
Seat 3: Lorpugo ($1.87 in chips) 
Seat 4: galloasesino ($2.46 in chips) 
Seat 5: moMarSuchy ($2.02 in chips) 
Seat 6: anthonyPG12 ($3.80 in chips) 
CondaA: posts small blind $0.01
pendo3: posts big blind $0.02
*** HOLE CARDS ***
Dealt to Lorpugo [6s 9c]
Lorpugo: folds 
galloasesino: folds 
moMarSuchy: raises $0.04 to $0.06
anthonyPG12: calls $0.06
CondaA: folds 
pendo3: calls $0.04
*** FLOP *** [6d Ac Ks]
pendo3: checks 
moMarSuchy: checks 
anthonyPG12: checks 
*** TURN *** [6d Ac Ks] [Jd]
pendo3: bets $0.09
moMarSuchy: calls $0.09
anthonyPG12: calls $0.09
*** RIVER *** [6d Ac Ks Jd] [3d]
pendo3: bets $0.36 and is all-in
moMarSuchy: calls $0.36
anthonyPG12: raises $0.76 to $1.12
moMarSuchy: folds 
Uncalled bet ($0.76) returned to anthonyPG12
*** SHOW DOWN ***
anthonyPG12: shows [8d 7d] (a flush, Jack high)
pendo3: shows [Td Kd] (a flush, King high)
pendo3 collected $1.49 from pot
*** SUMMARY ***
Total pot $1.54 | Rake $0.05 
Board [6d Ac Ks Jd 3d]
Seat 1: CondaA (small blind) folded before Flop
Seat 2: pendo3 (big blind) showed [Td Kd] and won ($1.49) with a flush, King high
Seat 3: Lorpugo folded before Flop (didn't bet)
Seat 4: galloasesino folded before Flop (didn't bet)
Seat 5: moMarSuchy folded on the River
Seat 6: anthonyPG12 (button) showed [8d 7d] and lost with a flush, Jack high



PokerStars Hand #239588761016:  Hold'em No Limit ($0.01/$0.02 USD) - 2022/11/01 14:51:00 ET
Table 'Margo II' 6-max Seat #1 is the button
Seat 1: CondaA ($2.06 in chips) 
Seat 2: pendo3 ($2 in chips) 
Seat 3: Lorpugo ($1.87 in chips) 
Seat 4: galloasesino ($2.46 in chips) 
Seat 5: moMarSuchy ($2 in chips) 
Seat 6: anthonyPG12 ($3.29 in chips) 
pendo3: posts small blind $0.01
Lorpugo: posts big blind $0.02
*** HOLE CARDS ***
Dealt to Lorpugo [As 5s]
galloasesino: calls $0.02
moMarSuchy: folds 
anthonyPG12: raises $0.04 to $0.06
CondaA: folds 
pendo3: calls $0.05
Lorpugo: calls $0.04
galloasesino: calls $0.04
*** FLOP *** [2s 9h 4c]
pendo3: checks 
Lorpugo: bets $0.15
galloasesino: folds 
anthonyPG12: calls $0.15
pendo3: folds 
*** TURN *** [2s 9h 4c] [3d]
Lorpugo: bets $0.34
anthonyPG12: folds 
Uncalled bet ($0.34) returned to Lorpugo
Lorpugo collected $0.52 from pot
Lorpugo: doesn't show hand 
*** SUMMARY ***
Total pot $0.54 | Rake $0.02 
Board [2s 9h 4c 3d]
Seat 1: CondaA (button) folded before Flop (didn't bet)
Seat 2: pendo3 (small blind) folded on the Flop
Seat 3: Lorpugo (big blind) collected ($0.52)
Seat 4: galloasesino folded on the Flop
Seat 5: moMarSuchy folded before Flop (didn't bet)
Seat 6: anthonyPG12 folded on the Turn



PokerStars Hand #239588788458:  Hold'em No Limit ($0.01/$0.02 USD) - 2022/11/01 14:52:13 ET
Table 'Margo II' 6-max Seat #2 is the button
Seat 1: CondaA ($2.06 in chips) 
Seat 2: pendo3 ($1.94 in chips) 
Seat 3: Lorpugo ($2.18 in chips) 
Seat 4: galloasesino ($2.40 in chips) 
Seat 5: moMarSuchy ($2 in chips) 
Seat 6: anthonyPG12 ($3.08 in chips) 
Lorpugo: posts small blind $0.01
galloasesino: posts big blind $0.02
*** HOLE CARDS ***
Dealt to Lorpugo [2s Td]
moMarSuchy: folds 
anthonyPG12: folds 
CondaA: folds 
pendo3: folds 
Lorpugo: raises $0.04 to $0.06
galloasesino: folds 
Uncalled bet ($0.04) returned to Lorpugo
Lorpugo collected $0.04 from pot
Lorpugo: doesn't show hand 
*** SUMMARY ***
Total pot $0.04 | Rake $0 
Seat 1: CondaA folded before Flop (didn't bet)
Seat 2: pendo3 (button) folded before Flop (didn't bet)
Seat 3: Lorpugo (small blind) collected ($0.04)
Seat 4: galloasesino (big blind) folded before Flop
Seat 5: moMarSuchy folded before Flop (didn't bet)
Seat 6: anthonyPG12 folded before Flop (didn't bet)



PokerStars Hand #239588792788:  Hold'em No Limit ($0.01/$0.02 USD) - 2022/11/01 14:52:25 ET
Table 'Margo II' 6-max Seat #3 is the button
Seat 1: CondaA ($2.06 in chips) 
Seat 2: pendo3 ($1.94 in chips) 
Seat 3: Lorpugo ($2.20 in chips) 
Seat 4: galloasesino ($2.38 in chips) 
Seat 5: moMarSuchy ($2 in chips) 
Seat 6: anthonyPG12 ($3.08 in chips) 
galloasesino: posts small blind $0.01
moMarSuchy: posts big blind $0.02
*** HOLE CARDS ***
Dealt to Lorpugo [6h 4h]
anthonyPG12: raises $0.04 to $0.06
CondaA: folds 
pendo3: folds 
Lorpugo: calls $0.06
galloasesino: calls $0.05
moMarSuchy: calls $0.04
*** FLOP *** [Kc 6d 5c]
galloasesino: checks 
moMarSuchy: checks 
anthonyPG12: checks 
Lorpugo: bets $0.08
galloasesino: folds 
moMarSuchy: folds 
anthonyPG12: calls $0.08
*** TURN *** [Kc 6d 5c] [8d]
anthonyPG12: checks 
Lorpugo: checks 
*** RIVER *** [Kc 6d 5c 8d] [4s]
anthonyPG12: bets $0.33
Lorpugo: calls $0.33
*** SHOW DOWN ***
anthonyPG12: shows [7s 3s] (a straight, Four to Eight)
Lorpugo: mucks hand 
anthonyPG12 collected $1.02 from pot
*** SUMMARY ***
Total pot $1.06 | Rake $0.04 
Board [Kc 6d 5c 8d 4s]
Seat 1: CondaA folded before Flop (didn't bet)
Seat 2: pendo3 folded before Flop (didn't bet)
Seat 3: Lorpugo (button) mucked [6h 4h]
Seat 4: galloasesino (small blind) folded on the Flop
Seat 5: moMarSuchy (big blind) folded on the Flop
Seat 6: anthonyPG12 showed [7s 3s] and won ($1.02) with a straight, Four to Eight



PokerStars Hand #239588819885:  Hold'em No Limit ($0.01/$0.02 USD) - 2022/11/01 14:53:37 ET
Table 'Margo II' 6-max Seat #4 is the button
Seat 1: CondaA ($2.06 in chips) 
Seat 2: pendo3 ($1.94 in chips) 
Seat 3: Lorpugo ($1.73 in chips) 
Seat 4: galloasesino ($2.32 in chips) 
Seat 5: moMarSuchy ($2 in chips) 
Seat 6: anthonyPG12 ($3.63 in chips) 
moMarSuchy: posts small blind $0.01
anthonyPG12: posts big blind $0.02
*** HOLE CARDS ***
Dealt to Lorpugo [7c 7d]
CondaA: folds 
pendo3: folds 
Lorpugo: raises $0.04 to $0.06
galloasesino: folds 
moMarSuchy: folds 
anthonyPG12: raises $0.16 to $0.22
Lorpugo: calls $0.16
*** FLOP *** [7s 6h Qs]
anthonyPG12: bets $0.14
Lorpugo: raises $0.36 to $0.50
anthonyPG12: raises $1.50 to $2
Lorpugo: calls $1.01 and is all-in
Uncalled bet ($0.49) returned to anthonyPG12
*** TURN *** [7s 6h Qs] [3d]
*** RIVER *** [7s 6h Qs 3d] [3c]
*** SHOW DOWN ***
anthonyPG12: shows [Ad Qh] (two pair, Queens and Threes)
Lorpugo: shows [7c 7d] (a full house, Sevens full of Threes)
Lorpugo collected $3.35 from pot
*** SUMMARY ***
Total pot $3.47 | Rake $0.12 
Board [7s 6h Qs 3d 3c]
Seat 1: CondaA folded before Flop (didn't bet)
Seat 2: pendo3 folded before Flop (didn't bet)
Seat 3: Lorpugo showed [7c 7d] and won ($3.35) with a full house, Sevens full of Threes
Seat 4: galloasesino (button) folded before Flop (didn't bet)
Seat 5: moMarSuchy (small blind) folded before Flop
Seat 6: anthonyPG12 (big blind) showed [Ad Qh] and lost with two pair, Queens and Threes



PokerStars Hand #239588845311:  Hold'em No Limit ($0.01/$0.02 USD) - 2022/11/01 14:54:47 ET
Table 'Margo II' 6-max Seat #5 is the button
Seat 1: CondaA ($2.06 in chips) 
Seat 2: pendo3 ($1.94 in chips) 
Seat 3: Lorpugo ($3.35 in chips) 
Seat 4: galloasesino ($2.32 in chips) 
Seat 5: moMarSuchy ($1.99 in chips) 
Seat 6: anthonyPG12 ($1.90 in chips) 
anthonyPG12: posts small blind $0.01
CondaA: posts big blind $0.02
*** HOLE CARDS ***
Dealt to Lorpugo [4s 3s]
pendo3: folds 
Lorpugo: folds 
galloasesino: calls $0.02
moMarSuchy: folds 
anthonyPG12: raises $0.03 to $0.05
CondaA: folds 
galloasesino: calls $0.03
*** FLOP *** [2h 9s 4c]
anthonyPG12: checks 
galloasesino: bets $0.06
anthonyPG12: calls $0.06
*** TURN *** [2h 9s 4c] [8h]
anthonyPG12: checks 
galloasesino: bets $0.10
anthonyPG12: calls $0.10
*** RIVER *** [2h 9s 4c 8h] [Qh]
anthonyPG12: checks 
galloasesino: checks 
*** SHOW DOWN ***
anthonyPG12: shows [6c 5d] (high card Queen)
galloasesino: shows [8c Tc] (a pair of Eights)
galloasesino collected $0.42 from pot
*** SUMMARY ***
Total pot $0.44 | Rake $0.02 
Board [2h 9s 4c 8h Qh]
Seat 1: CondaA (big blind) folded before Flop
Seat 2: pendo3 folded before Flop (didn't bet)
Seat 3: Lorpugo folded before Flop (didn't bet)
Seat 4: galloasesino showed [8c Tc] and won ($0.42) with a pair of Eights
Seat 5: moMarSuchy (button) folded before Flop (didn't bet)
Seat 6: anthonyPG12 (small blind) showed [6c 5d] and lost with high card Queen



PokerStars Hand #239588860536:  Hold'em No Limit ($0.01/$0.02 USD) - 2022/11/01 14:55:35 ET
Table 'Margo II' 6-max Seat #6 is the button
Seat 1: CondaA ($2.04 in chips) 
Seat 2: pendo3 ($1.94 in chips) 
Seat 3: Lorpugo ($3.35 in chips) 
Seat 4: galloasesino ($2.53 in chips) 
Seat 5: moMarSuchy ($1.99 in chips) 
Seat 6: anthonyPG12 ($1.69 in chips) 
CondaA: posts small blind $0.01
pendo3: posts big blind $0.02
*** HOLE CARDS ***
Dealt to Lorpugo [Jd 7h]
Lorpugo: folds 
galloasesino: calls $0.02
moMarSuchy: folds 
anthonyPG12: raises $0.12 to $0.14
CondaA: folds 
pendo3: folds 
galloasesino: folds 
Uncalled bet ($0.12) returned to anthonyPG12
anthonyPG12 collected $0.07 from pot
anthonyPG12: doesn't show hand 
*** SUMMARY ***
Total pot $0.07 | Rake $0 
Seat 1: CondaA (small blind) folded before Flop
Seat 2: pendo3 (big blind) folded before Flop
Seat 3: Lorpugo folded before Flop (didn't bet)
Seat 4: galloasesino folded before Flop
Seat 5: moMarSuchy folded before Flop (didn't bet)
Seat 6: anthonyPG12 (button) collected ($0.07)



PokerStars Hand #239588867635:  Hold'em No Limit ($0.01/$0.02 USD) - 2022/11/01 14:56:01 ET
Table 'Margo II' 6-max Seat #1 is the button
Seat 1: CondaA ($2.03 in chips) 
Seat 2: pendo3 ($1.92 in chips) 
Seat 3: Lorpugo ($3.35 in chips) 
Seat 4: galloasesino ($2.51 in chips) 
Seat 5: moMarSuchy ($1.99 in chips) 
Seat 6: anthonyPG12 ($1.74 in chips) 
pendo3: posts small blind $0.01
Lorpugo: posts big blind $0.02
*** HOLE CARDS ***
Dealt to Lorpugo [9d Ad]
galloasesino: folds 
moMarSuchy: raises $0.04 to $0.06
anthonyPG12: folds 
CondaA: folds 
pendo3: folds 
Lorpugo: calls $0.04
*** FLOP *** [4s 5c Jc]
Lorpugo: checks 
moMarSuchy: bets $0.10
Lorpugo: folds 
Uncalled bet ($0.10) returned to moMarSuchy
moMarSuchy collected $0.13 from pot
moMarSuchy: doesn't show hand 
*** SUMMARY ***
Total pot $0.13 | Rake $0 
Board [4s 5c Jc]
Seat 1: CondaA (button) folded before Flop (didn't bet)
Seat 2: pendo3 (small blind) folded before Flop
Seat 3: Lorpugo (big blind) folded on the Flop
Seat 4: galloasesino folded before Flop (didn't bet)
Seat 5: moMarSuchy collected ($0.13)
Seat 6: anthonyPG12 folded before Flop (didn't bet)



PokerStars Hand #239588879048:  Hold'em No Limit ($0.01/$0.02 USD) - 2022/11/01 14:56:41 ET
Table 'Margo II' 6-max Seat #2 is the button
Seat 1: CondaA ($2.03 in chips) 
Seat 2: pendo3 ($1.91 in chips) 
Seat 3: Lorpugo ($3.29 in chips) 
Seat 4: galloasesino ($2.51 in chips) 
Seat 5: moMarSuchy ($2.06 in chips) 
Seat 6: anthonyPG12 ($1.74 in chips) 
Lorpugo: posts small blind $0.01
galloasesino: posts big blind $0.02
*** HOLE CARDS ***
Dealt to Lorpugo [3d 7d]
moMarSuchy has timed out
moMarSuchy: folds 
anthonyPG12: raises $0.04 to $0.06
CondaA: folds 
pendo3: folds 
Lorpugo: folds 
galloasesino: folds 
Uncalled bet ($0.04) returned to anthonyPG12
anthonyPG12 collected $0.05 from pot
anthonyPG12: doesn't show hand 
*** SUMMARY ***
Total pot $0.05 | Rake $0 
Seat 1: CondaA folded before Flop (didn't bet)
Seat 2: pendo3 (button) folded before Flop (didn't bet)
Seat 3: Lorpugo (small blind) folded before Flop
Seat 4: galloasesino (big blind) folded before Flop
Seat 5: moMarSuchy folded before Flop (didn't bet)
Seat 6: anthonyPG12 collected ($0.05)



PokerStars Hand #239588886191:  Hold'em No Limit ($0.01/$0.02 USD) - 2022/11/01 14:57:07 ET
Table 'Margo II' 6-max Seat #3 is the button
Seat 1: CondaA ($2.03 in chips) 
Seat 2: pendo3 ($1.91 in chips) 
Seat 3: Lorpugo ($3.28 in chips) 
Seat 4: galloasesino ($2.49 in chips) 
Seat 5: moMarSuchy ($2.06 in chips) 
Seat 6: anthonyPG12 ($1.77 in chips) 
galloasesino: posts small blind $0.01
moMarSuchy: posts big blind $0.02
*** HOLE CARDS ***
Dealt to Lorpugo [5c 2s]
anthonyPG12: raises $0.04 to $0.06
CondaA: folds 
pendo3: folds 
Lorpugo: folds 
galloasesino: folds 
moMarSuchy: folds 
Uncalled bet ($0.04) returned to anthonyPG12
anthonyPG12 collected $0.05 from pot
anthonyPG12: doesn't show hand 
*** SUMMARY ***
Total pot $0.05 | Rake $0 
Seat 1: CondaA folded before Flop (didn't bet)
Seat 2: pendo3 folded before Flop (didn't bet)
Seat 3: Lorpugo (button) folded before Flop (didn't bet)
Seat 4: galloasesino (small blind) folded before Flop
Seat 5: moMarSuchy (big blind) folded before Flop
Seat 6: anthonyPG12 collected ($0.05)



PokerStars Hand #239588890872:  Hold'em No Limit ($0.01/$0.02 USD) - 2022/11/01 14:57:23 ET
Table 'Margo II' 6-max Seat #4 is the button
Seat 1: CondaA ($2.03 in chips) 
Seat 2: pendo3 ($1.91 in chips) 
Seat 3: Lorpugo ($3.28 in chips) 
Seat 4: galloasesino ($2.48 in chips) 
Seat 5: moMarSuchy ($2.04 in chips) 
Seat 6: anthonyPG12 ($1.80 in chips) 
moMarSuchy: posts small blind $0.01
anthonyPG12: posts big blind $0.02
*** HOLE CARDS ***
Dealt to Lorpugo [9h Qh]
CondaA: folds 
pendo3: folds 
Lorpugo: raises $0.04 to $0.06
galloasesino: calls $0.06
moMarSuchy: folds 
anthonyPG12: calls $0.04
*** FLOP *** [3d 8s Ks]
anthonyPG12: checks 
Lorpugo: checks 
galloasesino: bets $0.08
anthonyPG12: calls $0.08
Lorpugo: folds 
*** TURN *** [3d 8s Ks] [Tc]
anthonyPG12: checks 
galloasesino: checks 
*** RIVER *** [3d 8s Ks Tc] [Js]
anthonyPG12: bets $0.38
galloasesino: folds 
Uncalled bet ($0.38) returned to anthonyPG12
anthonyPG12 collected $0.34 from pot
anthonyPG12: doesn't show hand 
*** SUMMARY ***
Total pot $0.35 | Rake $0.01 
Board [3d 8s Ks Tc Js]
Seat 1: CondaA folded before Flop (didn't bet)
Seat 2: pendo3 folded before Flop (didn't bet)
Seat 3: Lorpugo folded on the Flop
Seat 4: galloasesino (button) folded on the River
Seat 5: moMarSuchy (small blind) folded before Flop
Seat 6: anthonyPG12 (big blind) collected ($0.34)



PokerStars Hand #239588904622:  Hold'em No Limit ($0.01/$0.02 USD) - 2022/11/01 14:58:12 ET
Table 'Margo II' 6-max Seat #5 is the button
Seat 1: CondaA ($2.03 in chips) 
Seat 2: pendo3 ($1.91 in chips) 
Seat 3: Lorpugo ($3.22 in chips) 
Seat 4: galloasesino ($2.34 in chips) 
Seat 5: moMarSuchy ($2.03 in chips) 
Seat 6: anthonyPG12 ($2 in chips) 
anthonyPG12: posts small blind $0.01
CondaA: posts big blind $0.02
*** HOLE CARDS ***
Dealt to Lorpugo [Jd 9d]
pendo3: folds 
Lorpugo: raises $0.04 to $0.06
galloasesino: calls $0.06
moMarSuchy: folds 
anthonyPG12: calls $0.05
CondaA: folds 
*** FLOP *** [4d Td 9s]
anthonyPG12: checks 
Lorpugo: bets $0.10
galloasesino: calls $0.10
anthonyPG12: folds 
*** TURN *** [4d Td 9s] [Jc]
Lorpugo: checks 
galloasesino: checks 
*** RIVER *** [4d Td 9s Jc] [3s]
Lorpugo: checks 
galloasesino: bets $0.12
Lorpugo: calls $0.12
*** SHOW DOWN ***
galloasesino: shows [5s 8s] (high card Jack)
Lorpugo: shows [Jd 9d] (two pair, Jacks and Nines)
Lorpugo collected $0.62 from pot
*** SUMMARY ***
Total pot $0.64 | Rake $0.02 
Board [4d Td 9s Jc 3s]
Seat 1: CondaA (big blind) folded before Flop
Seat 2: pendo3 folded before Flop (didn't bet)
Seat 3: Lorpugo showed [Jd 9d] and won ($0.62) with two pair, Jacks and Nines
Seat 4: galloasesino showed [5s 8s] and lost with high card Jack
Seat 5: moMarSuchy (button) folded before Flop (didn't bet)
Seat 6: anthonyPG12 (small blind) folded on the Flop



PokerStars Hand #239588922260:  Hold'em No Limit ($0.01/$0.02 USD) - 2022/11/01 14:59:15 ET
Table 'Margo II' 6-max Seat #6 is the button
Seat 1: CondaA ($2.01 in chips) 
Seat 2: pendo3 ($1.91 in chips) 
Seat 3: Lorpugo ($3.56 in chips) 
Seat 4: galloasesino ($2.06 in chips) 
Seat 5: moMarSuchy ($2.03 in chips) 
Seat 6: anthonyPG12 ($1.94 in chips) 
CondaA: posts small blind $0.01
pendo3: posts big blind $0.02
*** HOLE CARDS ***
Dealt to Lorpugo [7d Js]
Lorpugo: folds 
galloasesino: calls $0.02
moMarSuchy: raises $0.04 to $0.06
anthonyPG12: raises $0.17 to $0.23
CondaA: folds 
pendo3: folds 
galloasesino: folds 
moMarSuchy: calls $0.17
*** FLOP *** [3c 6s 9d]
moMarSuchy: checks 
anthonyPG12: checks 
*** TURN *** [3c 6s 9d] [Jh]
moMarSuchy: bets $0.44
anthonyPG12: calls $0.44
*** RIVER *** [3c 6s 9d Jh] [5h]
moMarSuchy: bets $1.36 and is all-in
anthonyPG12: folds 
Uncalled bet ($1.36) returned to moMarSuchy
moMarSuchy collected $1.34 from pot
moMarSuchy: doesn't show hand 
*** SUMMARY ***
Total pot $1.39 | Rake $0.05 
Board [3c 6s 9d Jh 5h]
Seat 1: CondaA (small blind) folded before Flop
Seat 2: pendo3 (big blind) folded before Flop
Seat 3: Lorpugo folded before Flop (didn't bet)
Seat 4: galloasesino folded before Flop
Seat 5: moMarSuchy collected ($1.34)
Seat 6: anthonyPG12 (button) folded on the River



PokerStars Hand #239588937681:  Hold'em No Limit ($0.01/$0.02 USD) - 2022/11/01 15:00:09 ET
Table 'Margo II' 6-max Seat #1 is the button
Seat 1: CondaA ($2 in chips) 
Seat 2: pendo3 ($1.89 in chips) 
Seat 3: Lorpugo ($3.56 in chips) 
Seat 4: galloasesino ($2.04 in chips) 
Seat 5: moMarSuchy ($2.70 in chips) 
Seat 6: anthonyPG12 ($1.27 in chips) 
pendo3: posts small blind $0.01
Lorpugo: posts big blind $0.02
*** HOLE CARDS ***
Dealt to Lorpugo [Tc Qd]
galloasesino: folds 
moMarSuchy: folds 
anthonyPG12: raises $0.04 to $0.06
CondaA: folds 
pendo3: folds 
Lorpugo: calls $0.04
*** FLOP *** [Ah 8h Ad]
Lorpugo: checks 
anthonyPG12: bets $0.07
Lorpugo: calls $0.07
*** TURN *** [Ah 8h Ad] [2s]
Lorpugo: checks 
anthonyPG12: checks 
*** RIVER *** [Ah 8h Ad 2s] [Jc]
Lorpugo: bets $0.14
anthonyPG12: folds 
Uncalled bet ($0.14) returned to Lorpugo
Lorpugo collected $0.26 from pot
Lorpugo: doesn't show hand 
*** SUMMARY ***
Total pot $0.27 | Rake $0.01 
Board [Ah 8h Ad 2s Jc]
Seat 1: CondaA (button) folded before Flop (didn't bet)
Seat 2: pendo3 (small blind) folded before Flop
Seat 3: Lorpugo (big blind) collected ($0.26)
Seat 4: galloasesino folded before Flop (didn't bet)
Seat 5: moMarSuchy folded before Flop (didn't bet)
Seat 6: anthonyPG12 folded on the River



PokerStars Hand #239588947985:  Hold'em No Limit ($0.01/$0.02 USD) - 2022/11/01 15:00:45 ET
Table 'Margo II' 6-max Seat #2 is the button
Seat 1: CondaA ($2 in chips) 
Seat 2: pendo3 ($1.88 in chips) 
Seat 3: Lorpugo ($3.69 in chips) 
Seat 4: galloasesino ($2.04 in chips) 
Seat 5: moMarSuchy ($2.70 in chips) 
Seat 6: anthonyPG12 ($1.14 in chips) 
Lorpugo: posts small blind $0.01
galloasesino: posts big blind $0.02
*** HOLE CARDS ***
Dealt to Lorpugo [6h 7c]
moMarSuchy: raises $0.04 to $0.06
anthonyPG12: raises $0.15 to $0.21
CondaA: folds 
pendo3: folds 
Lorpugo: folds 
galloasesino: folds 
moMarSuchy: calls $0.15
*** FLOP *** [As 4d 2d]
moMarSuchy: checks 
anthonyPG12: checks 
*** TURN *** [As 4d 2d] [8d]
moMarSuchy: checks 
anthonyPG12: bets $0.14
moMarSuchy: folds 
Uncalled bet ($0.14) returned to anthonyPG12
anthonyPG12 collected $0.43 from pot
anthonyPG12: doesn't show hand 
*** SUMMARY ***
Total pot $0.45 | Rake $0.02 
Board [As 4d 2d 8d]
Seat 1: CondaA folded before Flop (didn't bet)
Seat 2: pendo3 (button) folded before Flop (didn't bet)
Seat 3: Lorpugo (small blind) folded before Flop
Seat 4: galloasesino (big blind) folded before Flop
Seat 5: moMarSuchy folded on the Turn
Seat 6: anthonyPG12 collected ($0.43)



PokerStars Hand #239588960937:  Hold'em No Limit ($0.01/$0.02 USD) - 2022/11/01 15:01:25 ET
Table 'Margo II' 6-max Seat #3 is the button
Seat 1: CondaA ($2 in chips) 
Seat 2: pendo3 ($1.88 in chips) 
Seat 3: Lorpugo ($3.68 in chips) 
Seat 4: galloasesino ($2.02 in chips) 
Seat 5: moMarSuchy ($2.49 in chips) 
Seat 6: anthonyPG12 ($1.36 in chips) 
galloasesino: posts small blind $0.01
moMarSuchy: posts big blind $0.02
*** HOLE CARDS ***
Dealt to Lorpugo [2s 5d]
anthonyPG12: raises $0.03 to $0.05
CondaA: folds 
pendo3: folds 
Lorpugo: folds 
galloasesino: folds 
moMarSuchy: folds 
Uncalled bet ($0.03) returned to anthonyPG12
anthonyPG12 collected $0.05 from pot
anthonyPG12: doesn't show hand 
*** SUMMARY ***
Total pot $0.05 | Rake $0 
Seat 1: CondaA folded before Flop (didn't bet)
Seat 2: pendo3 folded before Flop (didn't bet)
Seat 3: Lorpugo (button) folded before Flop (didn't bet)
Seat 4: galloasesino (small blind) folded before Flop
Seat 5: moMarSuchy (big blind) folded before Flop
Seat 6: anthonyPG12 collected ($0.05)



PokerStars Hand #239588965796:  Hold'em No Limit ($0.01/$0.02 USD) - 2022/11/01 15:01:39 ET
Table 'Margo II' 6-max Seat #4 is the button
Seat 1: CondaA ($2 in chips) 
Seat 2: pendo3 ($1.88 in chips) 
Seat 3: Lorpugo ($3.68 in chips) 
Seat 4: galloasesino ($2.01 in chips) 
Seat 5: moMarSuchy ($2.47 in chips) 
Seat 6: anthonyPG12 ($1.39 in chips) 
moMarSuchy: posts small blind $0.01
anthonyPG12: posts big blind $0.02
*** HOLE CARDS ***
Dealt to Lorpugo [4d 6d]
CondaA: folds 
pendo3: folds 
Lorpugo: raises $0.02 to $0.04
galloasesino: calls $0.04
moMarSuchy: folds 
anthonyPG12: raises $0.20 to $0.24
Lorpugo: folds 
galloasesino: folds 
Uncalled bet ($0.20) returned to anthonyPG12
anthonyPG12 collected $0.13 from pot
anthonyPG12: doesn't show hand 
*** SUMMARY ***
Total pot $0.13 | Rake $0 
Seat 1: CondaA folded before Flop (didn't bet)
Seat 2: pendo3 folded before Flop (didn't bet)
Seat 3: Lorpugo folded before Flop
Seat 4: galloasesino (button) folded before Flop
Seat 5: moMarSuchy (small blind) folded before Flop
Seat 6: anthonyPG12 (big blind) collected ($0.13)



PokerStars Hand #239588974234:  Hold'em No Limit ($0.01/$0.02 USD) - 2022/11/01 15:02:04 ET
Table 'Margo II' 6-max Seat #5 is the button
Seat 1: CondaA ($2 in chips) 
Seat 2: pendo3 ($1.88 in chips) 
Seat 3: Lorpugo ($3.64 in chips) 
Seat 4: galloasesino ($1.97 in chips) 
Seat 5: moMarSuchy ($2.46 in chips) 
Seat 6: anthonyPG12 ($1.48 in chips) 
anthonyPG12: posts small blind $0.01
CondaA: posts big blind $0.02
*** HOLE CARDS ***
Dealt to Lorpugo [2d 3d]
pendo3: folds 
Lorpugo: folds 
galloasesino: calls $0.02
moMarSuchy: folds 
anthonyPG12: raises $0.04 to $0.06
CondaA: folds 
galloasesino: raises $1.91 to $1.97 and is all-in
anthonyPG12: folds 
Uncalled bet ($1.91) returned to galloasesino
galloasesino collected $0.14 from pot
galloasesino: doesn't show hand 
*** SUMMARY ***
Total pot $0.14 | Rake $0 
Seat 1: CondaA (big blind) folded before Flop
Seat 2: pendo3 folded before Flop (didn't bet)
Seat 3: Lorpugo folded before Flop (didn't bet)
Seat 4: galloasesino collected ($0.14)
Seat 5: moMarSuchy (button) folded before Flop (didn't bet)
Seat 6: anthonyPG12 (small blind) folded before Flop



PokerStars Hand #239588981157:  Hold'em No Limit ($0.01/$0.02 USD) - 2022/11/01 15:02:23 ET
Table 'Margo II' 6-max Seat #6 is the button
Seat 1: CondaA ($2 in chips) 
Seat 2: pendo3 ($1.88 in chips) 
Seat 3: Lorpugo ($3.64 in chips) 
Seat 4: galloasesino ($2.05 in chips) 
Seat 5: moMarSuchy ($2.46 in chips) 
Seat 6: anthonyPG12 ($1.42 in chips) 
CondaA: posts small blind $0.01
pendo3: posts big blind $0.02
*** HOLE CARDS ***
Dealt to Lorpugo [7s 3c]
Lorpugo: folds 
galloasesino: calls $0.02
moMarSuchy: raises $0.08 to $0.10
anthonyPG12: folds 
CondaA: folds 
pendo3: folds 
galloasesino: raises $1.95 to $2.05 and is all-in
moMarSuchy: folds 
Uncalled bet ($1.95) returned to galloasesino
galloasesino collected $0.23 from pot
galloasesino: doesn't show hand 
*** SUMMARY ***
Total pot $0.23 | Rake $0 
Seat 1: CondaA (small blind) folded before Flop
Seat 2: pendo3 (big blind) folded before Flop
Seat 3: Lorpugo folded before Flop (didn't bet)
Seat 4: galloasesino collected ($0.23)
Seat 5: moMarSuchy folded before Flop
Seat 6: anthonyPG12 (button) folded before Flop (didn't bet)



