PokerStars Hand #239469184126: Tournament #3491383794, $0.23+$0.02 USD Hold'em No Limit - Level I (10/20) - 2022/10/26 15:24:19 ET
Table '3491383794 1' 3-max Seat #1 is the button
Seat 1: PKlatenight1 (500 in chips) 
Seat 2: dgfoldgg (500 in chips) 
Seat 3: Lorpugo (500 in chips) 
dgfoldgg: posts small blind 10
Lorpugo: posts big blind 20
*** HOLE CARDS ***
Dealt to Lorpugo [8h Jh]
PKlatenight1: folds 
dgfoldgg: folds 
Uncalled bet (10) returned to Lorpugo
Lorpugo collected 20 from pot
Lorpugo: doesn't show hand 
*** SUMMARY ***
Total pot 20 | Rake 0 
Seat 1: PKlatenight1 (button) folded before Flop (didn't bet)
Seat 2: dgfoldgg (small blind) folded before Flop
Seat 3: Lorpugo (big blind) collected (20)



PokerStars Hand #239469186129: Tournament #3491383794, $0.23+$0.02 USD Hold'em No Limit - Level I (10/20) - 2022/10/26 15:24:24 ET
Table '3491383794 1' 3-max Seat #2 is the button
Seat 1: PKlatenight1 (500 in chips) 
Seat 2: dgfoldgg (490 in chips) 
Seat 3: Lorpugo (510 in chips) 
Lorpugo: posts small blind 10
PKlatenight1: posts big blind 20
*** HOLE CARDS ***
Dealt to Lorpugo [8c 7c]
dgfoldgg: folds 
Lorpugo: raises 40 to 60
PKlatenight1: calls 40
*** FLOP *** [Js Jc 6c]
Lorpugo: bets 79
PKlatenight1: folds 
Uncalled bet (79) returned to Lorpugo
Lorpugo collected 120 from pot
Lorpugo: doesn't show hand 
*** SUMMARY ***
Total pot 120 | Rake 0 
Board [Js Jc 6c]
Seat 1: PKlatenight1 (big blind) folded on the Flop
Seat 2: dgfoldgg (button) folded before Flop (didn't bet)
Seat 3: Lorpugo (small blind) collected (120)



PokerStars Hand #239469196414: Tournament #3491383794, $0.23+$0.02 USD Hold'em No Limit - Level I (10/20) - 2022/10/26 15:24:51 ET
Table '3491383794 1' 3-max Seat #3 is the button
Seat 1: PKlatenight1 (440 in chips) 
Seat 2: dgfoldgg (490 in chips) 
Seat 3: Lorpugo (570 in chips) 
PKlatenight1: posts small blind 10
dgfoldgg: posts big blind 20
*** HOLE CARDS ***
Dealt to Lorpugo [7h 3h]
Lorpugo: folds 
PKlatenight1: calls 10
dgfoldgg: checks 
*** FLOP *** [7d Kd 2d]
PKlatenight1: bets 60
dgfoldgg: folds 
Uncalled bet (60) returned to PKlatenight1
PKlatenight1 collected 40 from pot
PKlatenight1: doesn't show hand 
*** SUMMARY ***
Total pot 40 | Rake 0 
Board [7d Kd 2d]
Seat 1: PKlatenight1 (small blind) collected (40)
Seat 2: dgfoldgg (big blind) folded on the Flop
Seat 3: Lorpugo (button) folded before Flop (didn't bet)



PokerStars Hand #239469203475: Tournament #3491383794, $0.23+$0.02 USD Hold'em No Limit - Level I (10/20) - 2022/10/26 15:25:09 ET
Table '3491383794 1' 3-max Seat #1 is the button
Seat 1: PKlatenight1 (460 in chips) 
Seat 2: dgfoldgg (470 in chips) 
Seat 3: Lorpugo (570 in chips) 
dgfoldgg: posts small blind 10
Lorpugo: posts big blind 20
*** HOLE CARDS ***
Dealt to Lorpugo [3d 2d]
PKlatenight1: folds 
dgfoldgg: folds 
Uncalled bet (10) returned to Lorpugo
Lorpugo collected 20 from pot
Lorpugo: doesn't show hand 
*** SUMMARY ***
Total pot 20 | Rake 0 
Seat 1: PKlatenight1 (button) folded before Flop (didn't bet)
Seat 2: dgfoldgg (small blind) folded before Flop
Seat 3: Lorpugo (big blind) collected (20)



PokerStars Hand #239469205700: Tournament #3491383794, $0.23+$0.02 USD Hold'em No Limit - Level I (10/20) - 2022/10/26 15:25:15 ET
Table '3491383794 1' 3-max Seat #2 is the button
Seat 1: PKlatenight1 (460 in chips) 
Seat 2: dgfoldgg (460 in chips) 
Seat 3: Lorpugo (580 in chips) 
Lorpugo: posts small blind 10
PKlatenight1: posts big blind 20
*** HOLE CARDS ***
Dealt to Lorpugo [Ks 2h]
dgfoldgg: folds 
Lorpugo: raises 40 to 60
PKlatenight1: raises 400 to 460 and is all-in
Lorpugo: folds 
Uncalled bet (400) returned to PKlatenight1
PKlatenight1 collected 120 from pot
PKlatenight1: doesn't show hand 
*** SUMMARY ***
Total pot 120 | Rake 0 
Seat 1: PKlatenight1 (big blind) collected (120)
Seat 2: dgfoldgg (button) folded before Flop (didn't bet)
Seat 3: Lorpugo (small blind) folded before Flop



PokerStars Hand #239469211331: Tournament #3491383794, $0.23+$0.02 USD Hold'em No Limit - Level I (10/20) - 2022/10/26 15:25:29 ET
Table '3491383794 1' 3-max Seat #3 is the button
Seat 1: PKlatenight1 (520 in chips) 
Seat 2: dgfoldgg (460 in chips) 
Seat 3: Lorpugo (520 in chips) 
PKlatenight1: posts small blind 10
dgfoldgg: posts big blind 20
*** HOLE CARDS ***
Dealt to Lorpugo [3c 6c]
Lorpugo: folds 
PKlatenight1: calls 10
dgfoldgg: checks 
*** FLOP *** [Kd 5s Kc]
PKlatenight1: checks 
dgfoldgg: checks 
*** TURN *** [Kd 5s Kc] [2h]
PKlatenight1: checks 
dgfoldgg: checks 
*** RIVER *** [Kd 5s Kc 2h] [3s]
PKlatenight1: checks 
dgfoldgg: checks 
*** SHOW DOWN ***
PKlatenight1: shows [7c 4c] (a pair of Kings)
dgfoldgg: shows [6s 9c] (a pair of Kings - Nine kicker)
dgfoldgg collected 40 from pot
*** SUMMARY ***
Total pot 40 | Rake 0 
Board [Kd 5s Kc 2h 3s]
Seat 1: PKlatenight1 (small blind) showed [7c 4c] and lost with a pair of Kings
Seat 2: dgfoldgg (big blind) showed [6s 9c] and won (40) with a pair of Kings
Seat 3: Lorpugo (button) folded before Flop (didn't bet)



PokerStars Hand #239469221450: Tournament #3491383794, $0.23+$0.02 USD Hold'em No Limit - Level I (10/20) - 2022/10/26 15:25:55 ET
Table '3491383794 1' 3-max Seat #1 is the button
Seat 1: PKlatenight1 (500 in chips) 
Seat 2: dgfoldgg (480 in chips) 
Seat 3: Lorpugo (520 in chips) 
dgfoldgg: posts small blind 10
Lorpugo: posts big blind 20
*** HOLE CARDS ***
Dealt to Lorpugo [8c 6d]
PKlatenight1: calls 20
dgfoldgg: calls 10
Lorpugo: raises 500 to 520 and is all-in
PKlatenight1: calls 480 and is all-in
dgfoldgg: folds 
Uncalled bet (20) returned to Lorpugo
*** FLOP *** [7h 4d Jd]
*** TURN *** [7h 4d Jd] [2s]
*** RIVER *** [7h 4d Jd 2s] [6h]
*** SHOW DOWN ***
Lorpugo: shows [8c 6d] (a pair of Sixes)
PKlatenight1: shows [Ac Kd] (high card Ace)
Lorpugo collected 1020 from pot
PKlatenight1 finished the tournament in 3rd place
*** SUMMARY ***
Total pot 1020 | Rake 0 
Board [7h 4d Jd 2s 6h]
Seat 1: PKlatenight1 (button) showed [Ac Kd] and lost with high card Ace
Seat 2: dgfoldgg (small blind) folded before Flop
Seat 3: Lorpugo (big blind) showed [8c 6d] and won (1020) with a pair of Sixes



PokerStars Hand #239469230412: Tournament #3491383794, $0.23+$0.02 USD Hold'em No Limit - Level I (10/20) - 2022/10/26 15:26:18 ET
Table '3491383794 1' 3-max Seat #3 is the button
Seat 2: dgfoldgg (460 in chips) 
Seat 3: Lorpugo (1040 in chips) 
Lorpugo: posts small blind 10
dgfoldgg: posts big blind 20
*** HOLE CARDS ***
Dealt to Lorpugo [8h 5s]
Lorpugo: raises 20 to 40
dgfoldgg: calls 20
*** FLOP *** [Ac 9c 4d]
dgfoldgg: checks 
Lorpugo: checks 
*** TURN *** [Ac 9c 4d] [Qh]
dgfoldgg: checks 
Lorpugo: checks 
*** RIVER *** [Ac 9c 4d Qh] [6c]
dgfoldgg: checks 
Lorpugo: checks 
*** SHOW DOWN ***
dgfoldgg: shows [Ks 8c] (high card Ace)
Lorpugo: mucks hand 
dgfoldgg collected 80 from pot
*** SUMMARY ***
Total pot 80 | Rake 0 
Board [Ac 9c 4d Qh 6c]
Seat 2: dgfoldgg (big blind) showed [Ks 8c] and won (80) with high card Ace
Seat 3: Lorpugo (button) (small blind) mucked [8h 5s]



PokerStars Hand #239469245243: Tournament #3491383794, $0.23+$0.02 USD Hold'em No Limit - Level I (10/20) - 2022/10/26 15:26:56 ET
Table '3491383794 1' 3-max Seat #2 is the button
Seat 2: dgfoldgg (500 in chips) 
Seat 3: Lorpugo (1000 in chips) 
dgfoldgg: posts small blind 10
Lorpugo: posts big blind 20
*** HOLE CARDS ***
Dealt to Lorpugo [4d Js]
dgfoldgg: calls 10
Lorpugo: checks 
*** FLOP *** [6d Kc 7h]
Lorpugo: checks 
dgfoldgg: checks 
*** TURN *** [6d Kc 7h] [Jc]
Lorpugo: bets 20
dgfoldgg: folds 
Uncalled bet (20) returned to Lorpugo
Lorpugo collected 40 from pot
Lorpugo: doesn't show hand 
*** SUMMARY ***
Total pot 40 | Rake 0 
Board [6d Kc 7h Jc]
Seat 2: dgfoldgg (button) (small blind) folded on the Turn
Seat 3: Lorpugo (big blind) collected (40)



PokerStars Hand #239469254438: Tournament #3491383794, $0.23+$0.02 USD Hold'em No Limit - Level I (10/20) - 2022/10/26 15:27:20 ET
Table '3491383794 1' 3-max Seat #3 is the button
Seat 2: dgfoldgg (480 in chips) 
Seat 3: Lorpugo (1020 in chips) 
Lorpugo: posts small blind 10
dgfoldgg: posts big blind 20
*** HOLE CARDS ***
Dealt to Lorpugo [8d 3h]
Lorpugo: folds 
Uncalled bet (10) returned to dgfoldgg
dgfoldgg collected 20 from pot
*** SUMMARY ***
Total pot 20 | Rake 0 
Seat 2: dgfoldgg (big blind) collected (20)
Seat 3: Lorpugo (button) (small blind) folded before Flop



PokerStars Hand #239469257593: Tournament #3491383794, $0.23+$0.02 USD Hold'em No Limit - Level II (15/30) - 2022/10/26 15:27:28 ET
Table '3491383794 1' 3-max Seat #2 is the button
Seat 2: dgfoldgg (490 in chips) 
Seat 3: Lorpugo (1010 in chips) 
dgfoldgg: posts small blind 15
Lorpugo: posts big blind 30
*** HOLE CARDS ***
Dealt to Lorpugo [4d 9d]
dgfoldgg: folds 
Uncalled bet (15) returned to Lorpugo
Lorpugo collected 30 from pot
Lorpugo: doesn't show hand 
*** SUMMARY ***
Total pot 30 | Rake 0 
Seat 2: dgfoldgg (button) (small blind) folded before Flop
Seat 3: Lorpugo (big blind) collected (30)



PokerStars Hand #239469259612: Tournament #3491383794, $0.23+$0.02 USD Hold'em No Limit - Level II (15/30) - 2022/10/26 15:27:33 ET
Table '3491383794 1' 3-max Seat #3 is the button
Seat 2: dgfoldgg (475 in chips) 
Seat 3: Lorpugo (1025 in chips) 
Lorpugo: posts small blind 15
dgfoldgg: posts big blind 30
*** HOLE CARDS ***
Dealt to Lorpugo [Th Ks]
Lorpugo: raises 30 to 60
dgfoldgg: folds 
Uncalled bet (30) returned to Lorpugo
Lorpugo collected 60 from pot
Lorpugo: doesn't show hand 
*** SUMMARY ***
Total pot 60 | Rake 0 
Seat 2: dgfoldgg (big blind) folded before Flop
Seat 3: Lorpugo (button) (small blind) collected (60)



PokerStars Hand #239469266206: Tournament #3491383794, $0.23+$0.02 USD Hold'em No Limit - Level II (15/30) - 2022/10/26 15:27:50 ET
Table '3491383794 1' 3-max Seat #2 is the button
Seat 2: dgfoldgg (445 in chips) 
Seat 3: Lorpugo (1055 in chips) 
dgfoldgg: posts small blind 15
Lorpugo: posts big blind 30
*** HOLE CARDS ***
Dealt to Lorpugo [Qc 2c]
dgfoldgg: folds 
Uncalled bet (15) returned to Lorpugo
Lorpugo collected 30 from pot
Lorpugo: doesn't show hand 
*** SUMMARY ***
Total pot 30 | Rake 0 
Seat 2: dgfoldgg (button) (small blind) folded before Flop
Seat 3: Lorpugo (big blind) collected (30)



PokerStars Hand #239469268959: Tournament #3491383794, $0.23+$0.02 USD Hold'em No Limit - Level II (15/30) - 2022/10/26 15:27:57 ET
Table '3491383794 1' 3-max Seat #3 is the button
Seat 2: dgfoldgg (430 in chips) 
Seat 3: Lorpugo (1070 in chips) 
Lorpugo: posts small blind 15
dgfoldgg: posts big blind 30
*** HOLE CARDS ***
Dealt to Lorpugo [Qh 3c]
Lorpugo: raises 30 to 60
dgfoldgg: calls 30
*** FLOP *** [Kd 8c 7d]
dgfoldgg: checks 
Lorpugo: checks 
*** TURN *** [Kd 8c 7d] [Jh]
dgfoldgg: checks 
Lorpugo: checks 
*** RIVER *** [Kd 8c 7d Jh] [9c]
dgfoldgg: checks 
Lorpugo: bets 120
dgfoldgg: calls 120
*** SHOW DOWN ***
Lorpugo: shows [Qh 3c] (high card King)
dgfoldgg: shows [7h Qd] (a pair of Sevens)
dgfoldgg collected 360 from pot
*** SUMMARY ***
Total pot 360 | Rake 0 
Board [Kd 8c 7d Jh 9c]
Seat 2: dgfoldgg (big blind) showed [7h Qd] and won (360) with a pair of Sevens
Seat 3: Lorpugo (button) (small blind) showed [Qh 3c] and lost with high card King



PokerStars Hand #239469283302: Tournament #3491383794, $0.23+$0.02 USD Hold'em No Limit - Level II (15/30) - 2022/10/26 15:28:34 ET
Table '3491383794 1' 3-max Seat #2 is the button
Seat 2: dgfoldgg (610 in chips) 
Seat 3: Lorpugo (890 in chips) 
dgfoldgg: posts small blind 15
Lorpugo: posts big blind 30
*** HOLE CARDS ***
Dealt to Lorpugo [Ts 6s]
dgfoldgg: folds 
Uncalled bet (15) returned to Lorpugo
Lorpugo collected 30 from pot
Lorpugo: doesn't show hand 
*** SUMMARY ***
Total pot 30 | Rake 0 
Seat 2: dgfoldgg (button) (small blind) folded before Flop
Seat 3: Lorpugo (big blind) collected (30)



PokerStars Hand #239469286040: Tournament #3491383794, $0.23+$0.02 USD Hold'em No Limit - Level II (15/30) - 2022/10/26 15:28:41 ET
Table '3491383794 1' 3-max Seat #3 is the button
Seat 2: dgfoldgg (595 in chips) 
Seat 3: Lorpugo (905 in chips) 
Lorpugo: posts small blind 15
dgfoldgg: posts big blind 30
*** HOLE CARDS ***
Dealt to Lorpugo [As 4h]
Lorpugo: raises 60 to 90
dgfoldgg: folds 
Uncalled bet (60) returned to Lorpugo
Lorpugo collected 60 from pot
Lorpugo: doesn't show hand 
*** SUMMARY ***
Total pot 60 | Rake 0 
Seat 2: dgfoldgg (big blind) folded before Flop
Seat 3: Lorpugo (button) (small blind) collected (60)



PokerStars Hand #239469289926: Tournament #3491383794, $0.23+$0.02 USD Hold'em No Limit - Level II (15/30) - 2022/10/26 15:28:51 ET
Table '3491383794 1' 3-max Seat #2 is the button
Seat 2: dgfoldgg (565 in chips) 
Seat 3: Lorpugo (935 in chips) 
dgfoldgg: posts small blind 15
Lorpugo: posts big blind 30
*** HOLE CARDS ***
Dealt to Lorpugo [8h Qs]
dgfoldgg: calls 15
Lorpugo: checks 
*** FLOP *** [Td 8c Th]
Lorpugo: bets 40
dgfoldgg: folds 
Uncalled bet (40) returned to Lorpugo
Lorpugo collected 60 from pot
Lorpugo: doesn't show hand 
*** SUMMARY ***
Total pot 60 | Rake 0 
Board [Td 8c Th]
Seat 2: dgfoldgg (button) (small blind) folded on the Flop
Seat 3: Lorpugo (big blind) collected (60)



PokerStars Hand #239469297093: Tournament #3491383794, $0.23+$0.02 USD Hold'em No Limit - Level II (15/30) - 2022/10/26 15:29:09 ET
Table '3491383794 1' 3-max Seat #3 is the button
Seat 2: dgfoldgg (535 in chips) 
Seat 3: Lorpugo (965 in chips) 
Lorpugo: posts small blind 15
dgfoldgg: posts big blind 30
*** HOLE CARDS ***
Dealt to Lorpugo [Tc 2h]
Lorpugo: calls 15
dgfoldgg: checks 
*** FLOP *** [5c 8c Qd]
dgfoldgg: checks 
Lorpugo: bets 40
dgfoldgg: folds 
Uncalled bet (40) returned to Lorpugo
Lorpugo collected 60 from pot
Lorpugo: doesn't show hand 
*** SUMMARY ***
Total pot 60 | Rake 0 
Board [5c 8c Qd]
Seat 2: dgfoldgg (big blind) folded on the Flop
Seat 3: Lorpugo (button) (small blind) collected (60)



PokerStars Hand #239469304062: Tournament #3491383794, $0.23+$0.02 USD Hold'em No Limit - Level II (15/30) - 2022/10/26 15:29:27 ET
Table '3491383794 1' 3-max Seat #2 is the button
Seat 2: dgfoldgg (505 in chips) 
Seat 3: Lorpugo (995 in chips) 
dgfoldgg: posts small blind 15
Lorpugo: posts big blind 30
*** HOLE CARDS ***
Dealt to Lorpugo [7c Qh]
dgfoldgg: calls 15
Lorpugo: checks 
*** FLOP *** [Th Tc 4c]
Lorpugo: checks 
dgfoldgg: bets 475 and is all-in
Lorpugo: folds 
Uncalled bet (475) returned to dgfoldgg
dgfoldgg collected 60 from pot
*** SUMMARY ***
Total pot 60 | Rake 0 
Board [Th Tc 4c]
Seat 2: dgfoldgg (button) (small blind) collected (60)
Seat 3: Lorpugo (big blind) folded on the Flop



PokerStars Hand #239469309685: Tournament #3491383794, $0.23+$0.02 USD Hold'em No Limit - Level II (15/30) - 2022/10/26 15:29:41 ET
Table '3491383794 1' 3-max Seat #3 is the button
Seat 2: dgfoldgg (535 in chips) 
Seat 3: Lorpugo (965 in chips) 
Lorpugo: posts small blind 15
dgfoldgg: posts big blind 30
*** HOLE CARDS ***
Dealt to Lorpugo [Qc 3d]
Lorpugo: raises 30 to 60
dgfoldgg: folds 
Uncalled bet (30) returned to Lorpugo
Lorpugo collected 60 from pot
Lorpugo: doesn't show hand 
*** SUMMARY ***
Total pot 60 | Rake 0 
Seat 2: dgfoldgg (big blind) folded before Flop
Seat 3: Lorpugo (button) (small blind) collected (60)



PokerStars Hand #239469312515: Tournament #3491383794, $0.23+$0.02 USD Hold'em No Limit - Level II (15/30) - 2022/10/26 15:29:49 ET
Table '3491383794 1' 3-max Seat #2 is the button
Seat 2: dgfoldgg (505 in chips) 
Seat 3: Lorpugo (995 in chips) 
dgfoldgg: posts small blind 15
Lorpugo: posts big blind 30
*** HOLE CARDS ***
Dealt to Lorpugo [Qh Js]
dgfoldgg: calls 15
Lorpugo: raises 90 to 120
dgfoldgg: folds 
Uncalled bet (90) returned to Lorpugo
Lorpugo collected 60 from pot
Lorpugo: doesn't show hand 
*** SUMMARY ***
Total pot 60 | Rake 0 
Seat 2: dgfoldgg (button) (small blind) folded before Flop
Seat 3: Lorpugo (big blind) collected (60)



PokerStars Hand #239469319123: Tournament #3491383794, $0.23+$0.02 USD Hold'em No Limit - Level II (15/30) - 2022/10/26 15:30:06 ET
Table '3491383794 1' 3-max Seat #3 is the button
Seat 2: dgfoldgg (475 in chips) 
Seat 3: Lorpugo (1025 in chips) 
Lorpugo: posts small blind 15
dgfoldgg: posts big blind 30
*** HOLE CARDS ***
Dealt to Lorpugo [6h Js]
Lorpugo: raises 30 to 60
dgfoldgg: calls 30
*** FLOP *** [8s 8c 9d]
dgfoldgg: bets 415 and is all-in
Lorpugo: folds 
Uncalled bet (415) returned to dgfoldgg
dgfoldgg collected 120 from pot
*** SUMMARY ***
Total pot 120 | Rake 0 
Board [8s 8c 9d]
Seat 2: dgfoldgg (big blind) collected (120)
Seat 3: Lorpugo (button) (small blind) folded on the Flop



PokerStars Hand #239469327111: Tournament #3491383794, $0.23+$0.02 USD Hold'em No Limit - Level III (20/40) - 2022/10/26 15:30:26 ET
Table '3491383794 1' 3-max Seat #2 is the button
Seat 2: dgfoldgg (535 in chips) 
Seat 3: Lorpugo (965 in chips) 
dgfoldgg: posts small blind 20
Lorpugo: posts big blind 40
*** HOLE CARDS ***
Dealt to Lorpugo [Qs 4h]
dgfoldgg: folds 
Uncalled bet (20) returned to Lorpugo
Lorpugo collected 40 from pot
Lorpugo: doesn't show hand 
*** SUMMARY ***
Total pot 40 | Rake 0 
Seat 2: dgfoldgg (button) (small blind) folded before Flop
Seat 3: Lorpugo (big blind) collected (40)



PokerStars Hand #239469329117: Tournament #3491383794, $0.23+$0.02 USD Hold'em No Limit - Level III (20/40) - 2022/10/26 15:30:31 ET
Table '3491383794 1' 3-max Seat #3 is the button
Seat 2: dgfoldgg (515 in chips) 
Seat 3: Lorpugo (985 in chips) 
Lorpugo: posts small blind 20
dgfoldgg: posts big blind 40
*** HOLE CARDS ***
Dealt to Lorpugo [3d Jh]
Lorpugo: folds 
Uncalled bet (20) returned to dgfoldgg
dgfoldgg collected 40 from pot
*** SUMMARY ***
Total pot 40 | Rake 0 
Seat 2: dgfoldgg (big blind) collected (40)
Seat 3: Lorpugo (button) (small blind) folded before Flop



PokerStars Hand #239469331167: Tournament #3491383794, $0.23+$0.02 USD Hold'em No Limit - Level III (20/40) - 2022/10/26 15:30:36 ET
Table '3491383794 1' 3-max Seat #2 is the button
Seat 2: dgfoldgg (535 in chips) 
Seat 3: Lorpugo (965 in chips) 
dgfoldgg: posts small blind 20
Lorpugo: posts big blind 40
*** HOLE CARDS ***
Dealt to Lorpugo [Qc 8s]
dgfoldgg: calls 20
Lorpugo: checks 
*** FLOP *** [2d 2h 8h]
Lorpugo: checks 
dgfoldgg: checks 
*** TURN *** [2d 2h 8h] [5s]
Lorpugo: checks 
dgfoldgg: checks 
*** RIVER *** [2d 2h 8h 5s] [3d]
Lorpugo: bets 53
dgfoldgg: folds 
Uncalled bet (53) returned to Lorpugo
Lorpugo collected 80 from pot
Lorpugo: doesn't show hand 
*** SUMMARY ***
Total pot 80 | Rake 0 
Board [2d 2h 8h 5s 3d]
Seat 2: dgfoldgg (button) (small blind) folded on the River
Seat 3: Lorpugo (big blind) collected (80)



PokerStars Hand #239469342564: Tournament #3491383794, $0.23+$0.02 USD Hold'em No Limit - Level III (20/40) - 2022/10/26 15:31:06 ET
Table '3491383794 1' 3-max Seat #3 is the button
Seat 2: dgfoldgg (495 in chips) 
Seat 3: Lorpugo (1005 in chips) 
Lorpugo: posts small blind 20
dgfoldgg: posts big blind 40
*** HOLE CARDS ***
Dealt to Lorpugo [Ad 6h]
Lorpugo: raises 40 to 80
dgfoldgg: calls 40
*** FLOP *** [Ac 8c 9h]
dgfoldgg: checks 
Lorpugo: bets 53
dgfoldgg: calls 53
*** TURN *** [Ac 8c 9h] [Qs]
dgfoldgg: bets 362 and is all-in
Lorpugo: calls 362
*** RIVER *** [Ac 8c 9h Qs] [Ks]
*** SHOW DOWN ***
dgfoldgg: shows [As 8d] (two pair, Aces and Eights)
Lorpugo: shows [Ad 6h] (a pair of Aces)
dgfoldgg collected 990 from pot
*** SUMMARY ***
Total pot 990 | Rake 0 
Board [Ac 8c 9h Qs Ks]
Seat 2: dgfoldgg (big blind) showed [As 8d] and won (990) with two pair, Aces and Eights
Seat 3: Lorpugo (button) (small blind) showed [Ad 6h] and lost with a pair of Aces



PokerStars Hand #239469353386: Tournament #3491383794, $0.23+$0.02 USD Hold'em No Limit - Level III (20/40) - 2022/10/26 15:31:34 ET
Table '3491383794 1' 3-max Seat #2 is the button
Seat 2: dgfoldgg (990 in chips) 
Seat 3: Lorpugo (510 in chips) 
dgfoldgg: posts small blind 20
Lorpugo: posts big blind 40
*** HOLE CARDS ***
Dealt to Lorpugo [Kc 2h]
dgfoldgg: folds 
Uncalled bet (20) returned to Lorpugo
Lorpugo collected 40 from pot
Lorpugo: doesn't show hand 
*** SUMMARY ***
Total pot 40 | Rake 0 
Seat 2: dgfoldgg (button) (small blind) folded before Flop
Seat 3: Lorpugo (big blind) collected (40)



PokerStars Hand #239469355315: Tournament #3491383794, $0.23+$0.02 USD Hold'em No Limit - Level III (20/40) - 2022/10/26 15:31:39 ET
Table '3491383794 1' 3-max Seat #3 is the button
Seat 2: dgfoldgg (970 in chips) 
Seat 3: Lorpugo (530 in chips) 
Lorpugo: posts small blind 20
dgfoldgg: posts big blind 40
*** HOLE CARDS ***
Dealt to Lorpugo [Js 4d]
Lorpugo: raises 40 to 80
dgfoldgg: folds 
Uncalled bet (40) returned to Lorpugo
Lorpugo collected 80 from pot
Lorpugo: doesn't show hand 
*** SUMMARY ***
Total pot 80 | Rake 0 
Seat 2: dgfoldgg (big blind) folded before Flop
Seat 3: Lorpugo (button) (small blind) collected (80)



PokerStars Hand #239469358890: Tournament #3491383794, $0.23+$0.02 USD Hold'em No Limit - Level III (20/40) - 2022/10/26 15:31:48 ET
Table '3491383794 1' 3-max Seat #2 is the button
Seat 2: dgfoldgg (930 in chips) 
Seat 3: Lorpugo (570 in chips) 
dgfoldgg: posts small blind 20
Lorpugo: posts big blind 40
*** HOLE CARDS ***
Dealt to Lorpugo [4d Kh]
dgfoldgg: folds 
Uncalled bet (20) returned to Lorpugo
Lorpugo collected 40 from pot
Lorpugo: doesn't show hand 
*** SUMMARY ***
Total pot 40 | Rake 0 
Seat 2: dgfoldgg (button) (small blind) folded before Flop
Seat 3: Lorpugo (big blind) collected (40)



PokerStars Hand #239469360862: Tournament #3491383794, $0.23+$0.02 USD Hold'em No Limit - Level III (20/40) - 2022/10/26 15:31:53 ET
Table '3491383794 1' 3-max Seat #3 is the button
Seat 2: dgfoldgg (910 in chips) 
Seat 3: Lorpugo (590 in chips) 
Lorpugo: posts small blind 20
dgfoldgg: posts big blind 40
*** HOLE CARDS ***
Dealt to Lorpugo [Ad Ah]
Lorpugo: raises 40 to 80
dgfoldgg: calls 40
*** FLOP *** [Th 2s 2d]
dgfoldgg: checks 
Lorpugo: bets 80
dgfoldgg: folds 
Uncalled bet (80) returned to Lorpugo
Lorpugo collected 160 from pot
Lorpugo: doesn't show hand 
*** SUMMARY ***
Total pot 160 | Rake 0 
Board [Th 2s 2d]
Seat 2: dgfoldgg (big blind) folded on the Flop
Seat 3: Lorpugo (button) (small blind) collected (160)



PokerStars Hand #239469371423: Tournament #3491383794, $0.23+$0.02 USD Hold'em No Limit - Level III (20/40) - 2022/10/26 15:32:21 ET
Table '3491383794 1' 3-max Seat #2 is the button
Seat 2: dgfoldgg (830 in chips) 
Seat 3: Lorpugo (670 in chips) 
dgfoldgg: posts small blind 20
Lorpugo: posts big blind 40
*** HOLE CARDS ***
Dealt to Lorpugo [3c 4s]
dgfoldgg: calls 20
Lorpugo: checks 
*** FLOP *** [Jd 9d 3d]
Lorpugo: bets 40
dgfoldgg: folds 
Uncalled bet (40) returned to Lorpugo
Lorpugo collected 80 from pot
Lorpugo: doesn't show hand 
*** SUMMARY ***
Total pot 80 | Rake 0 
Board [Jd 9d 3d]
Seat 2: dgfoldgg (button) (small blind) folded on the Flop
Seat 3: Lorpugo (big blind) collected (80)



PokerStars Hand #239469377674: Tournament #3491383794, $0.23+$0.02 USD Hold'em No Limit - Level III (20/40) - 2022/10/26 15:32:37 ET
Table '3491383794 1' 3-max Seat #3 is the button
Seat 2: dgfoldgg (790 in chips) 
Seat 3: Lorpugo (710 in chips) 
Lorpugo: posts small blind 20
dgfoldgg: posts big blind 40
*** HOLE CARDS ***
Dealt to Lorpugo [8d 3d]
Lorpugo: folds 
Uncalled bet (20) returned to dgfoldgg
dgfoldgg collected 40 from pot
*** SUMMARY ***
Total pot 40 | Rake 0 
Seat 2: dgfoldgg (big blind) collected (40)
Seat 3: Lorpugo (button) (small blind) folded before Flop



PokerStars Hand #239469380370: Tournament #3491383794, $0.23+$0.02 USD Hold'em No Limit - Level III (20/40) - 2022/10/26 15:32:44 ET
Table '3491383794 1' 3-max Seat #2 is the button
Seat 2: dgfoldgg (810 in chips) 
Seat 3: Lorpugo (690 in chips) 
dgfoldgg: posts small blind 20
Lorpugo: posts big blind 40
*** HOLE CARDS ***
Dealt to Lorpugo [2d Qh]
dgfoldgg: calls 20
Lorpugo: checks 
*** FLOP *** [4d Kh Jd]
Lorpugo: checks 
dgfoldgg: checks 
*** TURN *** [4d Kh Jd] [6d]
Lorpugo: bets 80
dgfoldgg: folds 
Uncalled bet (80) returned to Lorpugo
Lorpugo collected 80 from pot
Lorpugo: doesn't show hand 
*** SUMMARY ***
Total pot 80 | Rake 0 
Board [4d Kh Jd 6d]
Seat 2: dgfoldgg (button) (small blind) folded on the Turn
Seat 3: Lorpugo (big blind) collected (80)



PokerStars Hand #239469392004: Tournament #3491383794, $0.23+$0.02 USD Hold'em No Limit - Level III (20/40) - 2022/10/26 15:33:14 ET
Table '3491383794 1' 3-max Seat #3 is the button
Seat 2: dgfoldgg (770 in chips) 
Seat 3: Lorpugo (730 in chips) 
Lorpugo: posts small blind 20
dgfoldgg: posts big blind 40
*** HOLE CARDS ***
Dealt to Lorpugo [Qd Kd]
Lorpugo: raises 80 to 120
dgfoldgg: folds 
Uncalled bet (80) returned to Lorpugo
Lorpugo collected 80 from pot
Lorpugo: doesn't show hand 
*** SUMMARY ***
Total pot 80 | Rake 0 
Seat 2: dgfoldgg (big blind) folded before Flop
Seat 3: Lorpugo (button) (small blind) collected (80)



PokerStars Hand #239469397502: Tournament #3491383794, $0.23+$0.02 USD Hold'em No Limit - Level IV (30/60) - 2022/10/26 15:33:28 ET
Table '3491383794 1' 3-max Seat #2 is the button
Seat 2: dgfoldgg (730 in chips) 
Seat 3: Lorpugo (770 in chips) 
dgfoldgg: posts small blind 30
Lorpugo: posts big blind 60
*** HOLE CARDS ***
Dealt to Lorpugo [Th 9h]
dgfoldgg: folds 
Uncalled bet (30) returned to Lorpugo
Lorpugo collected 60 from pot
Lorpugo: doesn't show hand 
*** SUMMARY ***
Total pot 60 | Rake 0 
Seat 2: dgfoldgg (button) (small blind) folded before Flop
Seat 3: Lorpugo (big blind) collected (60)



PokerStars Hand #239469400107: Tournament #3491383794, $0.23+$0.02 USD Hold'em No Limit - Level IV (30/60) - 2022/10/26 15:33:35 ET
Table '3491383794 1' 3-max Seat #3 is the button
Seat 2: dgfoldgg (700 in chips) 
Seat 3: Lorpugo (800 in chips) 
Lorpugo: posts small blind 30
dgfoldgg: posts big blind 60
*** HOLE CARDS ***
Dealt to Lorpugo [Qh 5h]
Lorpugo: raises 60 to 120
dgfoldgg: calls 60
*** FLOP *** [Qd 6s Jd]
dgfoldgg: checks 
Lorpugo: bets 79
dgfoldgg: folds 
Uncalled bet (79) returned to Lorpugo
Lorpugo collected 240 from pot
Lorpugo: doesn't show hand 
*** SUMMARY ***
Total pot 240 | Rake 0 
Board [Qd 6s Jd]
Seat 2: dgfoldgg (big blind) folded on the Flop
Seat 3: Lorpugo (button) (small blind) collected (240)



PokerStars Hand #239469409141: Tournament #3491383794, $0.23+$0.02 USD Hold'em No Limit - Level IV (30/60) - 2022/10/26 15:33:58 ET
Table '3491383794 1' 3-max Seat #2 is the button
Seat 2: dgfoldgg (580 in chips) 
Seat 3: Lorpugo (920 in chips) 
dgfoldgg: posts small blind 30
Lorpugo: posts big blind 60
*** HOLE CARDS ***
Dealt to Lorpugo [7c 8d]
dgfoldgg: folds 
Uncalled bet (30) returned to Lorpugo
Lorpugo collected 60 from pot
Lorpugo: doesn't show hand 
*** SUMMARY ***
Total pot 60 | Rake 0 
Seat 2: dgfoldgg (button) (small blind) folded before Flop
Seat 3: Lorpugo (big blind) collected (60)



PokerStars Hand #239469410946: Tournament #3491383794, $0.23+$0.02 USD Hold'em No Limit - Level IV (30/60) - 2022/10/26 15:34:03 ET
Table '3491383794 1' 3-max Seat #3 is the button
Seat 2: dgfoldgg (550 in chips) 
Seat 3: Lorpugo (950 in chips) 
Lorpugo: posts small blind 30
dgfoldgg: posts big blind 60
*** HOLE CARDS ***
Dealt to Lorpugo [2s 6s]
Lorpugo: calls 30
dgfoldgg: checks 
*** FLOP *** [Ac 7d 6d]
dgfoldgg: checks 
Lorpugo: bets 60
dgfoldgg: folds 
Uncalled bet (60) returned to Lorpugo
Lorpugo collected 120 from pot
Lorpugo: doesn't show hand 
*** SUMMARY ***
Total pot 120 | Rake 0 
Board [Ac 7d 6d]
Seat 2: dgfoldgg (big blind) folded on the Flop
Seat 3: Lorpugo (button) (small blind) collected (120)



PokerStars Hand #239469418369: Tournament #3491383794, $0.23+$0.02 USD Hold'em No Limit - Level IV (30/60) - 2022/10/26 15:34:22 ET
Table '3491383794 1' 3-max Seat #2 is the button
Seat 2: dgfoldgg (490 in chips) 
Seat 3: Lorpugo (1010 in chips) 
dgfoldgg: posts small blind 30
Lorpugo: posts big blind 60
*** HOLE CARDS ***
Dealt to Lorpugo [8c Js]
dgfoldgg: folds 
Uncalled bet (30) returned to Lorpugo
Lorpugo collected 60 from pot
Lorpugo: doesn't show hand 
*** SUMMARY ***
Total pot 60 | Rake 0 
Seat 2: dgfoldgg (button) (small blind) folded before Flop
Seat 3: Lorpugo (big blind) collected (60)



PokerStars Hand #239469421095: Tournament #3491383794, $0.23+$0.02 USD Hold'em No Limit - Level IV (30/60) - 2022/10/26 15:34:29 ET
Table '3491383794 1' 3-max Seat #3 is the button
Seat 2: dgfoldgg (460 in chips) 
Seat 3: Lorpugo (1040 in chips) 
Lorpugo: posts small blind 30
dgfoldgg: posts big blind 60
*** HOLE CARDS ***
Dealt to Lorpugo [5c Js]
Lorpugo: folds 
Uncalled bet (30) returned to dgfoldgg
dgfoldgg collected 60 from pot
*** SUMMARY ***
Total pot 60 | Rake 0 
Seat 2: dgfoldgg (big blind) collected (60)
Seat 3: Lorpugo (button) (small blind) folded before Flop



PokerStars Hand #239469423427: Tournament #3491383794, $0.23+$0.02 USD Hold'em No Limit - Level IV (30/60) - 2022/10/26 15:34:35 ET
Table '3491383794 1' 3-max Seat #2 is the button
Seat 2: dgfoldgg (490 in chips) 
Seat 3: Lorpugo (1010 in chips) 
dgfoldgg: posts small blind 30
Lorpugo: posts big blind 60
*** HOLE CARDS ***
Dealt to Lorpugo [Js Th]
dgfoldgg: folds 
Uncalled bet (30) returned to Lorpugo
Lorpugo collected 60 from pot
Lorpugo: doesn't show hand 
*** SUMMARY ***
Total pot 60 | Rake 0 
Seat 2: dgfoldgg (button) (small blind) folded before Flop
Seat 3: Lorpugo (big blind) collected (60)



PokerStars Hand #239469425286: Tournament #3491383794, $0.23+$0.02 USD Hold'em No Limit - Level IV (30/60) - 2022/10/26 15:34:39 ET
Table '3491383794 1' 3-max Seat #3 is the button
Seat 2: dgfoldgg (460 in chips) 
Seat 3: Lorpugo (1040 in chips) 
Lorpugo: posts small blind 30
dgfoldgg: posts big blind 60
*** HOLE CARDS ***
Dealt to Lorpugo [Ac 7s]
Lorpugo: raises 60 to 120
dgfoldgg: raises 60 to 180
Lorpugo: raises 860 to 1040 and is all-in
dgfoldgg: calls 280 and is all-in
Uncalled bet (580) returned to Lorpugo
*** FLOP *** [Qh 2h Ad]
*** TURN *** [Qh 2h Ad] [4s]
*** RIVER *** [Qh 2h Ad 4s] [9d]
*** SHOW DOWN ***
dgfoldgg: shows [Qd Kd] (a pair of Queens)
Lorpugo: shows [Ac 7s] (a pair of Aces)
Lorpugo collected 920 from pot
dgfoldgg finished the tournament in 2nd place
Lorpugo wins the tournament and receives $0.75 - congratulations!
*** SUMMARY ***
Total pot 920 | Rake 0 
Board [Qh 2h Ad 4s 9d]
Seat 2: dgfoldgg (big blind) showed [Qd Kd] and lost with a pair of Queens
Seat 3: Lorpugo (button) (small blind) showed [Ac 7s] and won (920) with a pair of Aces



