PokerStars Hand #239382997479:  Hold'em No Limit ($0.01/$0.02 USD) - 2022/10/22 11:11:31 ET
Table 'Biham II' 6-max Seat #2 is the button
Seat 1: AlGzl ($1.69 in chips) 
Seat 2: navigator_7777 ($0.99 in chips) 
Seat 3: Klubbie07 ($0.38 in chips) 
Seat 4: Lorpugo ($1.60 in chips) 
Seat 5: Andio74K ($2.41 in chips) 
Seat 6: npAaL ($3.98 in chips) 
Klubbie07: posts small blind $0.01
Lorpugo: posts big blind $0.02
*** HOLE CARDS ***
Dealt to Lorpugo [3h Kc]
Andio74K: calls $0.02
npAaL: folds 
AlGzl: folds 
navigator_7777: folds 
Klubbie07: calls $0.01
Lorpugo: checks 
*** FLOP *** [2d Qh Qc]
Klubbie07: checks 
Lorpugo: bets $0.02
Andio74K: calls $0.02
Klubbie07: folds 
*** TURN *** [2d Qh Qc] [Jh]
Lorpugo: checks 
Andio74K: checks 
*** RIVER *** [2d Qh Qc Jh] [Kh]
Lorpugo: bets $0.08
Andio74K: folds 
Uncalled bet ($0.08) returned to Lorpugo
Lorpugo collected $0.10 from pot
Lorpugo: doesn't show hand 
*** SUMMARY ***
Total pot $0.10 | Rake $0 
Board [2d Qh Qc Jh Kh]
Seat 1: AlGzl folded before Flop (didn't bet)
Seat 2: navigator_7777 (button) folded before Flop (didn't bet)
Seat 3: Klubbie07 (small blind) folded on the Flop
Seat 4: Lorpugo (big blind) collected ($0.10)
Seat 5: Andio74K folded on the River
Seat 6: npAaL folded before Flop (didn't bet)



PokerStars Hand #239383014511:  Hold'em No Limit ($0.01/$0.02 USD) - 2022/10/22 11:12:29 ET
Table 'Biham II' 6-max Seat #3 is the button
Seat 1: AlGzl ($1.69 in chips) 
Seat 2: navigator_7777 ($0.99 in chips) 
Seat 3: Klubbie07 ($0.36 in chips) 
Seat 4: Lorpugo ($1.66 in chips) 
Seat 5: Andio74K ($2.37 in chips) 
Seat 6: npAaL ($3.98 in chips) 
Lorpugo: posts small blind $0.01
Andio74K: posts big blind $0.02
*** HOLE CARDS ***
Dealt to Lorpugo [Ac Ks]
npAaL: raises $0.03 to $0.05
AlGzl: folds 
navigator_7777: folds 
Klubbie07: folds 
Lorpugo: raises $0.12 to $0.17
Andio74K: folds 
npAaL: folds 
Uncalled bet ($0.12) returned to Lorpugo
Lorpugo collected $0.12 from pot
Lorpugo: doesn't show hand 
*** SUMMARY ***
Total pot $0.12 | Rake $0 
Seat 1: AlGzl folded before Flop (didn't bet)
Seat 2: navigator_7777 folded before Flop (didn't bet)
Seat 3: Klubbie07 (button) folded before Flop (didn't bet)
Seat 4: Lorpugo (small blind) collected ($0.12)
Seat 5: Andio74K (big blind) folded before Flop
Seat 6: npAaL folded before Flop



PokerStars Hand #239383022546:  Hold'em No Limit ($0.01/$0.02 USD) - 2022/10/22 11:12:56 ET
Table 'Biham II' 6-max Seat #4 is the button
Seat 1: AlGzl ($1.69 in chips) 
Seat 2: navigator_7777 ($0.99 in chips) 
Seat 3: Klubbie07 ($0.36 in chips) 
Seat 4: Lorpugo ($1.73 in chips) 
Seat 5: Andio74K ($2.35 in chips) 
Seat 6: npAaL ($3.93 in chips) 
Andio74K: posts small blind $0.01
npAaL: posts big blind $0.02
*** HOLE CARDS ***
Dealt to Lorpugo [8c Jd]
AlGzl: raises $0.02 to $0.04
navigator_7777: folds 
Klubbie07: folds 
Lorpugo: folds 
Andio74K: calls $0.03
npAaL: folds 
*** FLOP *** [Tc Qs 2c]
Andio74K: checks 
AlGzl: checks 
*** TURN *** [Tc Qs 2c] [8h]
Andio74K: checks 
AlGzl: checks 
*** RIVER *** [Tc Qs 2c 8h] [4d]
Andio74K: checks 
AlGzl: bets $0.05
Andio74K: calls $0.05
*** SHOW DOWN ***
AlGzl: shows [4s 4h] (three of a kind, Fours)
Andio74K: mucks hand 
AlGzl collected $0.19 from pot
*** SUMMARY ***
Total pot $0.20 | Rake $0.01 
Board [Tc Qs 2c 8h 4d]
Seat 1: AlGzl showed [4s 4h] and won ($0.19) with three of a kind, Fours
Seat 2: navigator_7777 folded before Flop (didn't bet)
Seat 3: Klubbie07 folded before Flop (didn't bet)
Seat 4: Lorpugo (button) folded before Flop (didn't bet)
Seat 5: Andio74K (small blind) mucked [Qd 3d]
Seat 6: npAaL (big blind) folded before Flop



PokerStars Hand #239383033708:  Hold'em No Limit ($0.01/$0.02 USD) - 2022/10/22 11:13:34 ET
Table 'Biham II' 6-max Seat #5 is the button
Seat 1: AlGzl ($1.79 in chips) 
Seat 2: navigator_7777 ($0.99 in chips) 
Seat 3: Klubbie07 ($0.36 in chips) 
Seat 4: Lorpugo ($1.73 in chips) 
Seat 5: Andio74K ($2.26 in chips) 
Seat 6: npAaL ($3.91 in chips) 
npAaL: posts small blind $0.01
AlGzl: posts big blind $0.02
*** HOLE CARDS ***
Dealt to Lorpugo [6d 9d]
navigator_7777: folds 
Klubbie07: folds 
Lorpugo: raises $0.04 to $0.06
Andio74K: folds 
npAaL: folds 
AlGzl: calls $0.04
*** FLOP *** [Td 7h 3d]
AlGzl: checks 
Lorpugo: checks 
*** TURN *** [Td 7h 3d] [5s]
AlGzl: bets $0.06
Klubbie07 leaves the table
jlcamachojr joins the table at seat #3 
Lorpugo: raises $0.13 to $0.19
AlGzl: calls $0.13
*** RIVER *** [Td 7h 3d 5s] [7c]
AlGzl: checks 
Lorpugo: checks 
*** SHOW DOWN ***
AlGzl: shows [Ah Tc] (two pair, Tens and Sevens)
Lorpugo: mucks hand 
AlGzl collected $0.49 from pot
*** SUMMARY ***
Total pot $0.51 | Rake $0.02 
Board [Td 7h 3d 5s 7c]
Seat 1: AlGzl (big blind) showed [Ah Tc] and won ($0.49) with two pair, Tens and Sevens
Seat 2: navigator_7777 folded before Flop (didn't bet)
Seat 3: Klubbie07 folded before Flop (didn't bet)
Seat 4: Lorpugo mucked [6d 9d]
Seat 5: Andio74K (button) folded before Flop (didn't bet)
Seat 6: npAaL (small blind) folded before Flop



PokerStars Hand #239383057651:  Hold'em No Limit ($0.01/$0.02 USD) - 2022/10/22 11:14:56 ET
Table 'Biham II' 6-max Seat #6 is the button
Seat 1: AlGzl ($2.03 in chips) 
Seat 2: navigator_7777 ($0.99 in chips) 
Seat 4: Lorpugo ($1.60 in chips) 
Seat 5: Andio74K ($2.26 in chips) 
Seat 6: npAaL ($3.90 in chips) 
AlGzl: posts small blind $0.01
navigator_7777: posts big blind $0.02
jlcamachojr: sits out 
*** HOLE CARDS ***
Dealt to Lorpugo [6s Qd]
Lorpugo: folds 
Andio74K: folds 
npAaL: folds 
AlGzl: raises $0.04 to $0.06
navigator_7777: folds 
Uncalled bet ($0.04) returned to AlGzl
AlGzl collected $0.04 from pot
AlGzl: doesn't show hand 
*** SUMMARY ***
Total pot $0.04 | Rake $0 
Seat 1: AlGzl (small blind) collected ($0.04)
Seat 2: navigator_7777 (big blind) folded before Flop
Seat 4: Lorpugo folded before Flop (didn't bet)
Seat 5: Andio74K folded before Flop (didn't bet)
Seat 6: npAaL (button) folded before Flop (didn't bet)



PokerStars Hand #239383065960:  Hold'em No Limit ($0.01/$0.02 USD) - 2022/10/22 11:15:23 ET
Table 'Biham II' 6-max Seat #1 is the button
Seat 1: AlGzl ($2.05 in chips) 
Seat 2: navigator_7777 ($0.97 in chips) 
Seat 3: jlcamachojr ($0.80 in chips) 
Seat 4: Lorpugo ($1.60 in chips) 
Seat 5: Andio74K ($2.26 in chips) 
Seat 6: npAaL ($3.90 in chips) 
navigator_7777: posts small blind $0.01
jlcamachojr: posts big blind $0.02
*** HOLE CARDS ***
Dealt to Lorpugo [6c Tc]
Lorpugo: folds 
Andio74K: calls $0.02
npAaL: calls $0.02
AlGzl: folds 
navigator_7777: folds 
jlcamachojr: checks 
*** FLOP *** [2h Ah 4h]
jlcamachojr: bets $0.07
Andio74K: folds 
npAaL: folds 
Uncalled bet ($0.07) returned to jlcamachojr
jlcamachojr collected $0.07 from pot
jlcamachojr: doesn't show hand 
*** SUMMARY ***
Total pot $0.07 | Rake $0 
Board [2h Ah 4h]
Seat 1: AlGzl (button) folded before Flop (didn't bet)
Seat 2: navigator_7777 (small blind) folded before Flop
Seat 3: jlcamachojr (big blind) collected ($0.07)
Seat 4: Lorpugo folded before Flop (didn't bet)
Seat 5: Andio74K folded on the Flop
Seat 6: npAaL folded on the Flop



PokerStars Hand #239383076872:  Hold'em No Limit ($0.01/$0.02 USD) - 2022/10/22 11:16:01 ET
Table 'Biham II' 6-max Seat #2 is the button
Seat 1: AlGzl ($2.05 in chips) 
Seat 2: navigator_7777 ($0.96 in chips) 
Seat 3: jlcamachojr ($0.85 in chips) 
Seat 4: Lorpugo ($1.60 in chips) 
Seat 5: Andio74K ($2.24 in chips) 
Seat 6: npAaL ($3.88 in chips) 
jlcamachojr: posts small blind $0.01
Lorpugo: posts big blind $0.02
*** HOLE CARDS ***
Dealt to Lorpugo [Qd Jh]
Andio74K: folds 
npAaL: folds 
AlGzl: folds 
navigator_7777: folds 
jlcamachojr: raises $0.02 to $0.04
Lorpugo: raises $0.08 to $0.12
jlcamachojr: calls $0.08
*** FLOP *** [4d 9s Jd]
jlcamachojr: checks 
Lorpugo: bets $0.15
jlcamachojr: calls $0.15
*** TURN *** [4d 9s Jd] [4s]
jlcamachojr: checks 
Lorpugo: bets $1.33 and is all-in
jlcamachojr: folds 
Uncalled bet ($1.33) returned to Lorpugo
Lorpugo collected $0.52 from pot
Lorpugo: doesn't show hand 
*** SUMMARY ***
Total pot $0.54 | Rake $0.02 
Board [4d 9s Jd 4s]
Seat 1: AlGzl folded before Flop (didn't bet)
Seat 2: navigator_7777 (button) folded before Flop (didn't bet)
Seat 3: jlcamachojr (small blind) folded on the Turn
Seat 4: Lorpugo (big blind) collected ($0.52)
Seat 5: Andio74K folded before Flop (didn't bet)
Seat 6: npAaL folded before Flop (didn't bet)



PokerStars Hand #239383092235:  Hold'em No Limit ($0.01/$0.02 USD) - 2022/10/22 11:16:53 ET
Table 'Biham II' 6-max Seat #3 is the button
Seat 1: AlGzl ($2.05 in chips) 
Seat 2: navigator_7777 ($0.96 in chips) 
Seat 3: jlcamachojr ($0.58 in chips) 
Seat 4: Lorpugo ($1.85 in chips) 
Seat 5: Andio74K ($2.24 in chips) 
Seat 6: npAaL ($3.88 in chips) 
Lorpugo: posts small blind $0.01
Andio74K: posts big blind $0.02
*** HOLE CARDS ***
Dealt to Lorpugo [9h 8d]
npAaL: folds 
AlGzl: folds 
navigator_7777: folds 
jlcamachojr: raises $0.05 to $0.07
Lorpugo: calls $0.06
Andio74K: folds 
*** FLOP *** [2d 8s Qh]
Lorpugo: checks 
jlcamachojr: bets $0.07
Lorpugo: calls $0.07
*** TURN *** [2d 8s Qh] [3c]
Lorpugo: checks 
jlcamachojr: bets $0.29
Lorpugo: folds 
Uncalled bet ($0.29) returned to jlcamachojr
jlcamachojr collected $0.29 from pot
jlcamachojr: doesn't show hand 
*** SUMMARY ***
Total pot $0.30 | Rake $0.01 
Board [2d 8s Qh 3c]
Seat 1: AlGzl folded before Flop (didn't bet)
Seat 2: navigator_7777 folded before Flop (didn't bet)
Seat 3: jlcamachojr (button) collected ($0.29)
Seat 4: Lorpugo (small blind) folded on the Turn
Seat 5: Andio74K (big blind) folded before Flop
Seat 6: npAaL folded before Flop (didn't bet)



PokerStars Hand #239383109835:  Hold'em No Limit ($0.01/$0.02 USD) - 2022/10/22 11:17:54 ET
Table 'Biham II' 6-max Seat #4 is the button
Seat 1: AlGzl ($2.05 in chips) 
Seat 2: navigator_7777 ($0.96 in chips) 
Seat 3: jlcamachojr ($0.73 in chips) 
Seat 4: Lorpugo ($1.71 in chips) 
Seat 5: Andio74K ($2.22 in chips) 
Seat 6: npAaL ($3.88 in chips) 
Andio74K: posts small blind $0.01
npAaL: posts big blind $0.02
*** HOLE CARDS ***
Dealt to Lorpugo [2d Qs]
AlGzl: folds 
navigator_7777: folds 
jlcamachojr: folds 
Lorpugo: folds 
Andio74K: folds 
Uncalled bet ($0.01) returned to npAaL
npAaL collected $0.02 from pot
npAaL: doesn't show hand 
*** SUMMARY ***
Total pot $0.02 | Rake $0 
Seat 1: AlGzl folded before Flop (didn't bet)
Seat 2: navigator_7777 folded before Flop (didn't bet)
Seat 3: jlcamachojr folded before Flop (didn't bet)
Seat 4: Lorpugo (button) folded before Flop (didn't bet)
Seat 5: Andio74K (small blind) folded before Flop
Seat 6: npAaL (big blind) collected ($0.02)



PokerStars Hand #239383113342:  Hold'em No Limit ($0.01/$0.02 USD) - 2022/10/22 11:18:06 ET
Table 'Biham II' 6-max Seat #5 is the button
Seat 1: AlGzl ($2.05 in chips) 
Seat 2: navigator_7777 ($0.96 in chips) 
Seat 3: jlcamachojr ($0.73 in chips) 
Seat 4: Lorpugo ($1.71 in chips) 
Seat 5: Andio74K ($2.21 in chips) 
Seat 6: npAaL ($3.89 in chips) 
npAaL: posts small blind $0.01
AlGzl: posts big blind $0.02
*** HOLE CARDS ***
Dealt to Lorpugo [4d 8s]
navigator_7777: calls $0.02
jlcamachojr: calls $0.02
Lorpugo: folds 
Andio74K: calls $0.02
npAaL: folds 
AlGzl: checks 
*** FLOP *** [8c 8h Jh]
AlGzl: checks 
navigator_7777: bets $0.04
jlcamachojr: calls $0.04
Andio74K: calls $0.04
AlGzl: folds 
*** TURN *** [8c 8h Jh] [4h]
navigator_7777: bets $0.08
jlcamachojr: calls $0.08
Andio74K: calls $0.08
*** RIVER *** [8c 8h Jh 4h] [9h]
navigator_7777: bets $0.21
jlcamachojr: calls $0.21
Andio74K: calls $0.21
*** SHOW DOWN ***
navigator_7777: shows [Qh Th] (a straight flush, Eight to Queen)
jlcamachojr: mucks hand 
Andio74K: mucks hand 
navigator_7777 collected $1.04 from pot
*** SUMMARY ***
Total pot $1.08 | Rake $0.04 
Board [8c 8h Jh 4h 9h]
Seat 1: AlGzl (big blind) folded on the Flop
Seat 2: navigator_7777 showed [Qh Th] and won ($1.04) with a straight flush, Eight to Queen
Seat 3: jlcamachojr mucked [9s Td]
Seat 4: Lorpugo folded before Flop (didn't bet)
Seat 5: Andio74K (button) mucked [Jc 3h]
Seat 6: npAaL (small blind) folded before Flop



PokerStars Hand #239383135867:  Hold'em No Limit ($0.01/$0.02 USD) - 2022/10/22 11:19:24 ET
Table 'Biham II' 6-max Seat #6 is the button
Seat 1: AlGzl ($2.03 in chips) 
Seat 2: navigator_7777 ($1.65 in chips) 
Seat 3: jlcamachojr ($0.38 in chips) 
Seat 4: Lorpugo ($1.71 in chips) 
Seat 5: Andio74K ($1.86 in chips) 
Seat 6: npAaL ($3.88 in chips) 
AlGzl: posts small blind $0.01
navigator_7777: posts big blind $0.02
*** HOLE CARDS ***
Dealt to Lorpugo [Js 7c]
jlcamachojr: folds 
Lorpugo: folds 
Andio74K: calls $0.02
npAaL: folds 
AlGzl: folds 
navigator_7777: checks 
*** FLOP *** [9h 6h 9c]
navigator_7777: checks 
Andio74K: checks 
*** TURN *** [9h 6h 9c] [3h]
navigator_7777: checks 
Andio74K: checks 
*** RIVER *** [9h 6h 9c 3h] [2s]
navigator_7777: checks 
Andio74K: checks 
*** SHOW DOWN ***
navigator_7777: shows [7h 4c] (a pair of Nines)
Andio74K: shows [Jh Kc] (a pair of Nines - King kicker)
Andio74K collected $0.05 from pot
*** SUMMARY ***
Total pot $0.05 | Rake $0 
Board [9h 6h 9c 3h 2s]
Seat 1: AlGzl (small blind) folded before Flop
Seat 2: navigator_7777 (big blind) showed [7h 4c] and lost with a pair of Nines
Seat 3: jlcamachojr folded before Flop (didn't bet)
Seat 4: Lorpugo folded before Flop (didn't bet)
Seat 5: Andio74K showed [Jh Kc] and won ($0.05) with a pair of Nines
Seat 6: npAaL (button) folded before Flop (didn't bet)



PokerStars Hand #239383147836:  Hold'em No Limit ($0.01/$0.02 USD) - 2022/10/22 11:20:05 ET
Table 'Biham II' 6-max Seat #1 is the button
Seat 1: AlGzl ($2.02 in chips) 
Seat 2: navigator_7777 ($1.63 in chips) 
Seat 3: jlcamachojr ($0.38 in chips) 
Seat 4: Lorpugo ($1.71 in chips) 
Seat 5: Andio74K ($1.89 in chips) 
Seat 6: npAaL ($3.88 in chips) 
navigator_7777: posts small blind $0.01
jlcamachojr: posts big blind $0.02
*** HOLE CARDS ***
Dealt to Lorpugo [3s Qd]
Lorpugo has timed out
Lorpugo: folds 
Andio74K: calls $0.02
npAaL: folds 
AlGzl: raises $0.04 to $0.06
navigator_7777: folds 
jlcamachojr: folds 
Andio74K: calls $0.04
*** FLOP *** [Qc 6s Js]
Andio74K: checks 
AlGzl: checks 
*** TURN *** [Qc 6s Js] [8d]
Andio74K: checks 
AlGzl: bets $0.07
Andio74K: folds 
Uncalled bet ($0.07) returned to AlGzl
AlGzl collected $0.14 from pot
AlGzl: doesn't show hand 
*** SUMMARY ***
Total pot $0.15 | Rake $0.01 
Board [Qc 6s Js 8d]
Seat 1: AlGzl (button) collected ($0.14)
Seat 2: navigator_7777 (small blind) folded before Flop
Seat 3: jlcamachojr (big blind) folded before Flop
Seat 4: Lorpugo folded before Flop (didn't bet)
Seat 5: Andio74K folded on the Turn
Seat 6: npAaL folded before Flop (didn't bet)



PokerStars Hand #239383212233:  Hold'em No Limit ($0.01/$0.02 USD) - 2022/10/22 11:23:45 ET
Table 'Biham II' 6-max Seat #2 is the button
Seat 1: AlGzl ($2.52 in chips) 
Seat 2: navigator_7777 ($1.66 in chips) 
Seat 3: jlcamachojr ($0.30 in chips) 
Seat 4: Lorpugo ($1.71 in chips) 
Seat 5: Andio74K ($1.42 in chips) 
Seat 6: npAaL ($3.85 in chips) 
jlcamachojr: posts small blind $0.01
Lorpugo: posts big blind $0.02
*** HOLE CARDS ***
Dealt to Lorpugo [Ac 4c]
Andio74K: folds 
npAaL: folds 
AlGzl: raises $0.04 to $0.06
navigator_7777: folds 
jlcamachojr: folds 
Lorpugo: calls $0.04
*** FLOP *** [Qd Jc 4d]
Lorpugo: checks 
AlGzl: checks 
*** TURN *** [Qd Jc 4d] [8d]
Lorpugo: checks 
AlGzl: checks 
*** RIVER *** [Qd Jc 4d 8d] [Qc]
Lorpugo: checks 
AlGzl: bets $0.06
Lorpugo: folds 
Uncalled bet ($0.06) returned to AlGzl
AlGzl collected $0.13 from pot
AlGzl: doesn't show hand 
*** SUMMARY ***
Total pot $0.13 | Rake $0 
Board [Qd Jc 4d 8d Qc]
Seat 1: AlGzl collected ($0.13)
Seat 2: navigator_7777 (button) folded before Flop (didn't bet)
Seat 3: jlcamachojr (small blind) folded before Flop
Seat 4: Lorpugo (big blind) folded on the River
Seat 5: Andio74K folded before Flop (didn't bet)
Seat 6: npAaL folded before Flop (didn't bet)



PokerStars Hand #239383232952:  Hold'em No Limit ($0.01/$0.02 USD) - 2022/10/22 11:24:57 ET
Table 'Biham II' 6-max Seat #3 is the button
Seat 1: AlGzl ($2.59 in chips) 
Seat 2: navigator_7777 ($1.66 in chips) 
Seat 3: jlcamachojr ($0.29 in chips) 
Seat 4: Lorpugo ($1.65 in chips) 
Seat 5: Andio74K ($1.42 in chips) 
Seat 6: npAaL ($3.85 in chips) 
Lorpugo: posts small blind $0.01
Andio74K: posts big blind $0.02
*** HOLE CARDS ***
Dealt to Lorpugo [5c Jh]
npAaL: folds 
AlGzl: folds 
navigator_7777: folds 
jlcamachojr: calls $0.02
Lorpugo: folds 
Andio74K: checks 
*** FLOP *** [4c Ts Qd]
Andio74K: checks 
jlcamachojr: checks 
*** TURN *** [4c Ts Qd] [9d]
Andio74K: checks 
jlcamachojr: checks 
*** RIVER *** [4c Ts Qd 9d] [7s]
Andio74K: checks 
jlcamachojr: checks 
*** SHOW DOWN ***
Andio74K: shows [7c 3c] (a pair of Sevens)
jlcamachojr: mucks hand 
Andio74K collected $0.05 from pot
*** SUMMARY ***
Total pot $0.05 | Rake $0 
Board [4c Ts Qd 9d 7s]
Seat 1: AlGzl folded before Flop (didn't bet)
Seat 2: navigator_7777 folded before Flop (didn't bet)
Seat 3: jlcamachojr (button) mucked [3d 5d]
Seat 4: Lorpugo (small blind) folded before Flop
Seat 5: Andio74K (big blind) showed [7c 3c] and won ($0.05) with a pair of Sevens
Seat 6: npAaL folded before Flop (didn't bet)



PokerStars Hand #239383246577:  Hold'em No Limit ($0.01/$0.02 USD) - 2022/10/22 11:25:45 ET
Table 'Biham II' 6-max Seat #4 is the button
Seat 1: AlGzl ($2.59 in chips) 
Seat 2: navigator_7777 ($1.66 in chips) 
Seat 3: jlcamachojr ($0.27 in chips) 
Seat 4: Lorpugo ($1.64 in chips) 
Seat 5: Andio74K ($1.45 in chips) 
Seat 6: npAaL ($3.85 in chips) 
Andio74K: posts small blind $0.01
npAaL: posts big blind $0.02
*** HOLE CARDS ***
Dealt to Lorpugo [7h 2s]
AlGzl: raises $0.04 to $0.06
navigator_7777: folds 
jlcamachojr: raises $0.15 to $0.21
Lorpugo: folds 
Andio74K: folds 
npAaL: folds 
AlGzl: calls $0.15
*** FLOP *** [Ah 9h 6d]
AlGzl: checks 
jlcamachojr: bets $0.06 and is all-in
AlGzl: calls $0.06
*** TURN *** [Ah 9h 6d] [2d]
*** RIVER *** [Ah 9h 6d 2d] [8d]
*** SHOW DOWN ***
AlGzl: shows [Jd Jh] (a pair of Jacks)
jlcamachojr: shows [7s 7d] (a pair of Sevens)
AlGzl collected $0.55 from pot
*** SUMMARY ***
Total pot $0.57 | Rake $0.02 
Board [Ah 9h 6d 2d 8d]
Seat 1: AlGzl showed [Jd Jh] and won ($0.55) with a pair of Jacks
Seat 2: navigator_7777 folded before Flop (didn't bet)
Seat 3: jlcamachojr showed [7s 7d] and lost with a pair of Sevens
Seat 4: Lorpugo (button) folded before Flop (didn't bet)
Seat 5: Andio74K (small blind) folded before Flop
Seat 6: npAaL (big blind) folded before Flop



PokerStars Hand #239383261934:  Hold'em No Limit ($0.01/$0.02 USD) - 2022/10/22 11:26:37 ET
Table 'Biham II' 6-max Seat #5 is the button
Seat 1: AlGzl ($2.87 in chips) 
Seat 2: navigator_7777 ($1.66 in chips) 
Seat 4: Lorpugo ($1.64 in chips) 
Seat 5: Andio74K ($1.44 in chips) 
Seat 6: npAaL ($3.83 in chips) 
npAaL: posts small blind $0.01
AlGzl: posts big blind $0.02
*** HOLE CARDS ***
Dealt to Lorpugo [Jd 4d]
navigator_7777: folds 
Lorpugo: folds 
jlcamachojr leaves the table
Andio74K: folds 
npAaL: folds 
Uncalled bet ($0.01) returned to AlGzl
AlGzl collected $0.02 from pot
AlGzl: doesn't show hand 
*** SUMMARY ***
Total pot $0.02 | Rake $0 
Seat 1: AlGzl (big blind) collected ($0.02)
Seat 2: navigator_7777 folded before Flop (didn't bet)
Seat 4: Lorpugo folded before Flop (didn't bet)
Seat 5: Andio74K (button) folded before Flop (didn't bet)
Seat 6: npAaL (small blind) folded before Flop



PokerStars Hand #239383265649:  Hold'em No Limit ($0.01/$0.02 USD) - 2022/10/22 11:26:51 ET
Table 'Biham II' 6-max Seat #6 is the button
Seat 1: AlGzl ($2.88 in chips) 
Seat 2: navigator_7777 ($1.66 in chips) 
Seat 4: Lorpugo ($1.64 in chips) 
Seat 5: Andio74K ($1.44 in chips) 
Seat 6: npAaL ($3.82 in chips) 
AlGzl: posts small blind $0.01
navigator_7777: posts big blind $0.02
*** HOLE CARDS ***
Dealt to Lorpugo [Js 3h]
Lorpugo: folds 
Andio74K: calls $0.02
npAaL: folds 
AlGzl: folds 
navigator_7777: checks 
*** FLOP *** [Ts 2c 4h]
navigator_7777: checks 
Andio74K: checks 
*** TURN *** [Ts 2c 4h] [Tc]
navigator_7777: bets $0.02
hilarjo joins the table at seat #3 
Andio74K: folds 
Uncalled bet ($0.02) returned to navigator_7777
navigator_7777 collected $0.05 from pot
navigator_7777: doesn't show hand 
*** SUMMARY ***
Total pot $0.05 | Rake $0 
Board [Ts 2c 4h Tc]
Seat 1: AlGzl (small blind) folded before Flop
Seat 2: navigator_7777 (big blind) collected ($0.05)
Seat 4: Lorpugo folded before Flop (didn't bet)
Seat 5: Andio74K folded on the Turn
Seat 6: npAaL (button) folded before Flop (didn't bet)



PokerStars Hand #239383274963:  Hold'em No Limit ($0.01/$0.02 USD) - 2022/10/22 11:27:23 ET
Table 'Biham II' 6-max Seat #1 is the button
Seat 1: AlGzl ($2.87 in chips) 
Seat 2: navigator_7777 ($1.69 in chips) 
Seat 3: hilarjo ($2 in chips) 
Seat 4: Lorpugo ($1.64 in chips) 
Seat 5: Andio74K ($1.42 in chips) 
Seat 6: npAaL ($3.82 in chips) 
navigator_7777: posts small blind $0.01
hilarjo: posts big blind $0.02
*** HOLE CARDS ***
Dealt to Lorpugo [Td 8c]
Lorpugo: folds 
Andio74K has timed out
Andio74K: folds 
npAaL: folds 
AlGzl: folds 
navigator_7777: raises $0.02 to $0.04
hilarjo: folds 
Uncalled bet ($0.02) returned to navigator_7777
navigator_7777 collected $0.04 from pot
navigator_7777: doesn't show hand 
*** SUMMARY ***
Total pot $0.04 | Rake $0 
Seat 1: AlGzl (button) folded before Flop (didn't bet)
Seat 2: navigator_7777 (small blind) collected ($0.04)
Seat 3: hilarjo (big blind) folded before Flop
Seat 4: Lorpugo folded before Flop (didn't bet)
Seat 5: Andio74K folded before Flop (didn't bet)
Seat 6: npAaL folded before Flop (didn't bet)



PokerStars Hand #239383283066:  Hold'em No Limit ($0.01/$0.02 USD) - 2022/10/22 11:27:51 ET
Table 'Biham II' 6-max Seat #2 is the button
Seat 1: AlGzl ($2.87 in chips) 
Seat 2: navigator_7777 ($1.71 in chips) 
Seat 3: hilarjo ($2 in chips) 
Seat 4: Lorpugo ($1.64 in chips) 
Seat 5: Andio74K ($1.42 in chips) 
Seat 6: npAaL ($3.82 in chips) 
hilarjo: posts small blind $0.01
Lorpugo: posts big blind $0.02
*** HOLE CARDS ***
Dealt to Lorpugo [4s 5h]
Andio74K: folds 
npAaL: raises $0.03 to $0.05
AlGzl: folds 
navigator_7777: folds 
hilarjo: folds 
Lorpugo: folds 
Uncalled bet ($0.03) returned to npAaL
npAaL collected $0.05 from pot
npAaL: doesn't show hand 
*** SUMMARY ***
Total pot $0.05 | Rake $0 
Seat 1: AlGzl folded before Flop (didn't bet)
Seat 2: navigator_7777 (button) folded before Flop (didn't bet)
Seat 3: hilarjo (small blind) folded before Flop
Seat 4: Lorpugo (big blind) folded before Flop
Seat 5: Andio74K folded before Flop (didn't bet)
Seat 6: npAaL collected ($0.05)



PokerStars Hand #239383286957:  Hold'em No Limit ($0.01/$0.02 USD) - 2022/10/22 11:28:05 ET
Table 'Biham II' 6-max Seat #3 is the button
Seat 1: AlGzl ($2.87 in chips) 
Seat 2: navigator_7777 ($1.71 in chips) 
Seat 3: hilarjo ($2 in chips) 
Seat 4: Lorpugo ($1.62 in chips) 
Seat 5: Andio74K ($1.42 in chips) 
Seat 6: npAaL ($3.85 in chips) 
Lorpugo: posts small blind $0.01
Andio74K: posts big blind $0.02
*** HOLE CARDS ***
Dealt to Lorpugo [6s Kh]
npAaL: folds 
AlGzl: raises $0.04 to $0.06
navigator_7777: folds 
hilarjo: folds 
Lorpugo: folds 
Andio74K: folds 
Uncalled bet ($0.04) returned to AlGzl
AlGzl collected $0.05 from pot
AlGzl: doesn't show hand 
*** SUMMARY ***
Total pot $0.05 | Rake $0 
Seat 1: AlGzl collected ($0.05)
Seat 2: navigator_7777 folded before Flop (didn't bet)
Seat 3: hilarjo (button) folded before Flop (didn't bet)
Seat 4: Lorpugo (small blind) folded before Flop
Seat 5: Andio74K (big blind) folded before Flop
Seat 6: npAaL folded before Flop (didn't bet)



PokerStars Hand #239383296359:  Hold'em No Limit ($0.01/$0.02 USD) - 2022/10/22 11:28:38 ET
Table 'Biham II' 6-max Seat #4 is the button
Seat 1: AlGzl ($2.90 in chips) 
Seat 2: navigator_7777 ($1.71 in chips) 
Seat 3: hilarjo ($2 in chips) 
Seat 4: Lorpugo ($1.61 in chips) 
Seat 5: Andio74K ($1.40 in chips) 
Seat 6: npAaL ($3.85 in chips) 
Andio74K: posts small blind $0.01
npAaL: posts big blind $0.02
*** HOLE CARDS ***
Dealt to Lorpugo [4s 7h]
AlGzl: folds 
navigator_7777: folds 
hilarjo: folds 
Lorpugo: folds 
Andio74K: folds 
Uncalled bet ($0.01) returned to npAaL
npAaL collected $0.02 from pot
npAaL: doesn't show hand 
*** SUMMARY ***
Total pot $0.02 | Rake $0 
Seat 1: AlGzl folded before Flop (didn't bet)
Seat 2: navigator_7777 folded before Flop (didn't bet)
Seat 3: hilarjo folded before Flop (didn't bet)
Seat 4: Lorpugo (button) folded before Flop (didn't bet)
Seat 5: Andio74K (small blind) folded before Flop
Seat 6: npAaL (big blind) collected ($0.02)



PokerStars Hand #239383302754:  Hold'em No Limit ($0.01/$0.02 USD) - 2022/10/22 11:29:00 ET
Table 'Biham II' 6-max Seat #5 is the button
Seat 1: AlGzl ($2.90 in chips) 
Seat 2: navigator_7777 ($1.71 in chips) 
Seat 3: hilarjo ($2 in chips) 
Seat 4: Lorpugo ($1.61 in chips) 
Seat 5: Andio74K ($1.39 in chips) 
Seat 6: npAaL ($3.86 in chips) 
npAaL: posts small blind $0.01
AlGzl: posts big blind $0.02
*** HOLE CARDS ***
Dealt to Lorpugo [8d 7h]
navigator_7777: folds 
hilarjo: folds 
Lorpugo: raises $0.04 to $0.06
Andio74K: calls $0.06
npAaL: folds 
AlGzl: calls $0.04
*** FLOP *** [2c 8c Qc]
AlGzl: bets $0.09
Lorpugo: folds 
Andio74K: calls $0.09
*** TURN *** [2c 8c Qc] [Ad]
AlGzl: bets $0.22
Andio74K: calls $0.22
*** RIVER *** [2c 8c Qc Ad] [9s]
AlGzl: bets $0.20
Andio74K: folds 
Uncalled bet ($0.20) returned to AlGzl
AlGzl collected $0.78 from pot
AlGzl: doesn't show hand 
*** SUMMARY ***
Total pot $0.81 | Rake $0.03 
Board [2c 8c Qc Ad 9s]
Seat 1: AlGzl (big blind) collected ($0.78)
Seat 2: navigator_7777 folded before Flop (didn't bet)
Seat 3: hilarjo folded before Flop (didn't bet)
Seat 4: Lorpugo folded on the Flop
Seat 5: Andio74K (button) folded on the River
Seat 6: npAaL (small blind) folded before Flop



PokerStars Hand #239383322604:  Hold'em No Limit ($0.01/$0.02 USD) - 2022/10/22 11:30:10 ET
Table 'Biham II' 6-max Seat #6 is the button
Seat 1: AlGzl ($3.31 in chips) 
Seat 2: navigator_7777 ($1.71 in chips) 
Seat 3: hilarjo ($2 in chips) 
Seat 4: Lorpugo ($1.60 in chips) 
Seat 5: Andio74K ($1.02 in chips) 
Seat 6: npAaL ($3.85 in chips) 
AlGzl: posts small blind $0.01
navigator_7777: posts big blind $0.02
*** HOLE CARDS ***
Dealt to Lorpugo [3d 2c]
hilarjo has timed out
hilarjo: folds 
Lorpugo: folds 
Andio74K: calls $0.02
npAaL: folds 
hilarjo leaves the table
AlGzl: raises $0.02 to $0.04
navigator_7777: folds 
Andio74K: calls $0.02
*** FLOP *** [Qc 7s 6s]
AlGzl: bets $0.05
Andio74K: calls $0.05
*** TURN *** [Qc 7s 6s] [Ks]
AlGzl: checks 
pinck2905 joins the table at seat #3 
Andio74K: checks 
*** RIVER *** [Qc 7s 6s Ks] [9c]
AlGzl: checks 
Andio74K: checks 
*** SHOW DOWN ***
AlGzl: shows [Qs 3s] (a flush, King high)
Andio74K: mucks hand 
AlGzl collected $0.19 from pot
*** SUMMARY ***
Total pot $0.20 | Rake $0.01 
Board [Qc 7s 6s Ks 9c]
Seat 1: AlGzl (small blind) showed [Qs 3s] and won ($0.19) with a flush, King high
Seat 2: navigator_7777 (big blind) folded before Flop
Seat 3: hilarjo folded before Flop (didn't bet)
Seat 4: Lorpugo folded before Flop (didn't bet)
Seat 5: Andio74K mucked [Qd Kc]
Seat 6: npAaL (button) folded before Flop (didn't bet)



PokerStars Hand #239383342393:  Hold'em No Limit ($0.01/$0.02 USD) - 2022/10/22 11:31:20 ET
Table 'Biham II' 6-max Seat #1 is the button
Seat 1: AlGzl ($3.41 in chips) 
Seat 2: navigator_7777 ($1.69 in chips) 
Seat 3: pinck2905 ($2 in chips) 
Seat 4: Lorpugo ($1.60 in chips) 
Seat 5: Andio74K ($0.93 in chips) 
Seat 6: npAaL ($3.85 in chips) 
navigator_7777: posts small blind $0.01
pinck2905: posts big blind $0.02
*** HOLE CARDS ***
Dealt to Lorpugo [9s Ts]
Lorpugo: raises $0.04 to $0.06
Andio74K: folds 
npAaL: folds 
AlGzl: raises $0.15 to $0.21
navigator_7777: folds 
pinck2905: folds 
Lorpugo: calls $0.15
*** FLOP *** [4s 3d 2s]
Lorpugo: checks 
AlGzl: bets $0.18
Lorpugo: raises $1.21 to $1.39 and is all-in
AlGzl: folds 
Uncalled bet ($1.21) returned to Lorpugo
Lorpugo collected $0.78 from pot
Lorpugo: doesn't show hand 
*** SUMMARY ***
Total pot $0.81 | Rake $0.03 
Board [4s 3d 2s]
Seat 1: AlGzl (button) folded on the Flop
Seat 2: navigator_7777 (small blind) folded before Flop
Seat 3: pinck2905 (big blind) folded before Flop
Seat 4: Lorpugo collected ($0.78)
Seat 5: Andio74K folded before Flop (didn't bet)
Seat 6: npAaL folded before Flop (didn't bet)



PokerStars Hand #239383361131:  Hold'em No Limit ($0.01/$0.02 USD) - 2022/10/22 11:32:25 ET
Table 'Biham II' 6-max Seat #2 is the button
Seat 1: AlGzl ($3.02 in chips) 
Seat 2: navigator_7777 ($1.68 in chips) 
Seat 3: pinck2905 ($1.98 in chips) 
Seat 4: Lorpugo ($1.99 in chips) 
Seat 5: Andio74K ($0.93 in chips) 
Seat 6: npAaL ($3.85 in chips) 
pinck2905: posts small blind $0.01
Lorpugo: posts big blind $0.02
*** HOLE CARDS ***
Dealt to Lorpugo [Th Jh]
Andio74K: calls $0.02
npAaL: raises $0.03 to $0.05
AlGzl: folds 
navigator_7777: folds 
pinck2905: folds 
Lorpugo: calls $0.03
Andio74K: calls $0.03
*** FLOP *** [9s 8h 4s]
Lorpugo: checks 
Andio74K: checks 
npAaL: checks 
*** TURN *** [9s 8h 4s] [5c]
Lorpugo: bets $0.20
Andio74K: folds 
npAaL: folds 
Uncalled bet ($0.20) returned to Lorpugo
Lorpugo collected $0.15 from pot
Lorpugo: doesn't show hand 
*** SUMMARY ***
Total pot $0.16 | Rake $0.01 
Board [9s 8h 4s 5c]
Seat 1: AlGzl folded before Flop (didn't bet)
Seat 2: navigator_7777 (button) folded before Flop (didn't bet)
Seat 3: pinck2905 (small blind) folded before Flop
Seat 4: Lorpugo (big blind) collected ($0.15)
Seat 5: Andio74K folded on the Turn
Seat 6: npAaL folded on the Turn



PokerStars Hand #239383375345:  Hold'em No Limit ($0.01/$0.02 USD) - 2022/10/22 11:33:15 ET
Table 'Biham II' 6-max Seat #3 is the button
Seat 1: AlGzl ($3.02 in chips) 
Seat 2: navigator_7777 ($1.68 in chips) 
Seat 3: pinck2905 ($1.97 in chips) 
Seat 4: Lorpugo ($2.09 in chips) 
Seat 5: Andio74K ($0.88 in chips) 
Seat 6: npAaL ($3.80 in chips) 
Lorpugo: posts small blind $0.01
Andio74K: posts big blind $0.02
*** HOLE CARDS ***
Dealt to Lorpugo [5s 6d]
npAaL: folds 
AlGzl: raises $0.04 to $0.06
navigator_7777: folds 
pinck2905: folds 
Lorpugo: folds 
Andio74K: calls $0.04
*** FLOP *** [Js 3c Qc]
Andio74K: checks 
AlGzl: bets $0.06
Andio74K: calls $0.06
*** TURN *** [Js 3c Qc] [9s]
Andio74K: checks 
AlGzl: checks 
*** RIVER *** [Js 3c Qc 9s] [Qs]
Andio74K: checks 
AlGzl: bets $0.24
Andio74K: folds 
Uncalled bet ($0.24) returned to AlGzl
AlGzl collected $0.24 from pot
AlGzl: doesn't show hand 
*** SUMMARY ***
Total pot $0.25 | Rake $0.01 
Board [Js 3c Qc 9s Qs]
Seat 1: AlGzl collected ($0.24)
Seat 2: navigator_7777 folded before Flop (didn't bet)
Seat 3: pinck2905 (button) folded before Flop (didn't bet)
Seat 4: Lorpugo (small blind) folded before Flop
Seat 5: Andio74K (big blind) folded on the River
Seat 6: npAaL folded before Flop (didn't bet)



PokerStars Hand #239383390983:  Hold'em No Limit ($0.01/$0.02 USD) - 2022/10/22 11:34:09 ET
Table 'Biham II' 6-max Seat #4 is the button
Seat 1: AlGzl ($3.14 in chips) 
Seat 2: navigator_7777 ($1.68 in chips) 
Seat 3: pinck2905 ($1.97 in chips) 
Seat 4: Lorpugo ($2.08 in chips) 
Seat 5: Andio74K ($0.76 in chips) 
Seat 6: npAaL ($3.80 in chips) 
Andio74K: posts small blind $0.01
npAaL: posts big blind $0.02
*** HOLE CARDS ***
Dealt to Lorpugo [Ts 2c]
AlGzl: folds 
navigator_7777: raises $0.04 to $0.06
pinck2905: folds 
Lorpugo: folds 
Andio74K: folds 
npAaL: calls $0.04
*** FLOP *** [Qd Qc 5c]
npAaL: checks 
navigator_7777: checks 
*** TURN *** [Qd Qc 5c] [8c]
npAaL: checks 
navigator_7777: bets $0.06
npAaL: calls $0.06
*** RIVER *** [Qd Qc 5c 8c] [6c]
npAaL: checks 
navigator_7777: checks 
*** SHOW DOWN ***
npAaL: shows [Kc Jh] (a flush, King high)
navigator_7777: mucks hand 
npAaL collected $0.24 from pot
*** SUMMARY ***
Total pot $0.25 | Rake $0.01 
Board [Qd Qc 5c 8c 6c]
Seat 1: AlGzl folded before Flop (didn't bet)
Seat 2: navigator_7777 mucked [Ah Ad]
Seat 3: pinck2905 folded before Flop (didn't bet)
Seat 4: Lorpugo (button) folded before Flop (didn't bet)
Seat 5: Andio74K (small blind) folded before Flop
Seat 6: npAaL (big blind) showed [Kc Jh] and won ($0.24) with a flush, King high



PokerStars Hand #239383403676:  Hold'em No Limit ($0.01/$0.02 USD) - 2022/10/22 11:34:52 ET
Table 'Biham II' 6-max Seat #5 is the button
Seat 1: AlGzl ($3.14 in chips) 
Seat 2: navigator_7777 ($1.56 in chips) 
Seat 3: pinck2905 ($1.97 in chips) 
Seat 4: Lorpugo ($2.08 in chips) 
Seat 5: Andio74K ($0.75 in chips) 
Seat 6: npAaL ($3.92 in chips) 
npAaL: posts small blind $0.01
AlGzl: posts big blind $0.02
*** HOLE CARDS ***
Dealt to Lorpugo [2s 8d]
navigator_7777: folds 
pinck2905: folds 
Lorpugo: folds 
Andio74K: calls $0.02
npAaL: folds 
AlGzl: checks 
*** FLOP *** [4c 2d Td]
AlGzl: checks 
Andio74K: checks 
*** TURN *** [4c 2d Td] [8c]
AlGzl: checks 
Andio74K: checks 
*** RIVER *** [4c 2d Td 8c] [Jd]
AlGzl: checks 
Andio74K: checks 
*** SHOW DOWN ***
AlGzl: shows [6s Kd] (high card King)
Andio74K: mucks hand 
AlGzl collected $0.05 from pot
*** SUMMARY ***
Total pot $0.05 | Rake $0 
Board [4c 2d Td 8c Jd]
Seat 1: AlGzl (big blind) showed [6s Kd] and won ($0.05) with high card King
Seat 2: navigator_7777 folded before Flop (didn't bet)
Seat 3: pinck2905 folded before Flop (didn't bet)
Seat 4: Lorpugo folded before Flop (didn't bet)
Seat 5: Andio74K (button) mucked [Qs 6h]
Seat 6: npAaL (small blind) folded before Flop



PokerStars Hand #239383411666:  Hold'em No Limit ($0.01/$0.02 USD) - 2022/10/22 11:35:20 ET
Table 'Biham II' 6-max Seat #6 is the button
Seat 1: AlGzl ($3.17 in chips) 
Seat 2: navigator_7777 ($1.56 in chips) 
Seat 3: pinck2905 ($1.97 in chips) 
Seat 4: Lorpugo ($2.08 in chips) 
Seat 5: Andio74K ($0.73 in chips) 
Seat 6: npAaL ($3.91 in chips) 
AlGzl: posts small blind $0.01
navigator_7777: posts big blind $0.02
*** HOLE CARDS ***
Dealt to Lorpugo [8c Qh]
pinck2905: raises $0.04 to $0.06
Lorpugo: folds 
Andio74K: calls $0.06
npAaL: folds 
AlGzl: folds 
navigator_7777: folds 
*** FLOP *** [9d 6s Kc]
pinck2905: bets $0.07
Andio74K: folds 
Uncalled bet ($0.07) returned to pinck2905
pinck2905 collected $0.14 from pot
*** SUMMARY ***
Total pot $0.15 | Rake $0.01 
Board [9d 6s Kc]
Seat 1: AlGzl (small blind) folded before Flop
Seat 2: navigator_7777 (big blind) folded before Flop
Seat 3: pinck2905 collected ($0.14)
Seat 4: Lorpugo folded before Flop (didn't bet)
Seat 5: Andio74K folded on the Flop
Seat 6: npAaL (button) folded before Flop (didn't bet)



PokerStars Hand #239383421646:  Hold'em No Limit ($0.01/$0.02 USD) - 2022/10/22 11:35:54 ET
Table 'Biham II' 6-max Seat #1 is the button
Seat 1: AlGzl ($3.16 in chips) 
Seat 2: navigator_7777 ($1.54 in chips) 
Seat 3: pinck2905 ($2.05 in chips) 
Seat 4: Lorpugo ($2.08 in chips) 
Seat 5: Andio74K ($0.67 in chips) 
Seat 6: npAaL ($3.91 in chips) 
navigator_7777: posts small blind $0.01
pinck2905: posts big blind $0.02
*** HOLE CARDS ***
Dealt to Lorpugo [9h 7d]
Lorpugo: folds 
Andio74K: calls $0.02
npAaL: folds 
AlGzl: raises $0.04 to $0.06
navigator_7777: folds 
pinck2905: raises $0.06 to $0.12
Andio74K: calls $0.10
AlGzl: calls $0.06
*** FLOP *** [Ah 3s 3h]
pinck2905: checks 
Andio74K: bets $0.36
AlGzl: folds 
pinck2905: folds 
Uncalled bet ($0.36) returned to Andio74K
Andio74K collected $0.36 from pot
Andio74K: doesn't show hand 
*** SUMMARY ***
Total pot $0.37 | Rake $0.01 
Board [Ah 3s 3h]
Seat 1: AlGzl (button) folded on the Flop
Seat 2: navigator_7777 (small blind) folded before Flop
Seat 3: pinck2905 (big blind) folded on the Flop
Seat 4: Lorpugo folded before Flop (didn't bet)
Seat 5: Andio74K collected ($0.36)
Seat 6: npAaL folded before Flop (didn't bet)



PokerStars Hand #239383433203:  Hold'em No Limit ($0.01/$0.02 USD) - 2022/10/22 11:36:34 ET
Table 'Biham II' 6-max Seat #2 is the button
Seat 1: AlGzl ($3.04 in chips) 
Seat 2: navigator_7777 ($1.53 in chips) 
Seat 3: pinck2905 ($1.93 in chips) 
Seat 4: Lorpugo ($2.08 in chips) 
Seat 5: Andio74K ($0.91 in chips) 
Seat 6: npAaL ($3.91 in chips) 
pinck2905: posts small blind $0.01
Lorpugo: posts big blind $0.02
*** HOLE CARDS ***
Dealt to Lorpugo [4c 7h]
Andio74K: calls $0.02
npAaL: raises $0.03 to $0.05
AlGzl: folds 
navigator_7777: folds 
pinck2905: folds 
Lorpugo: folds 
Andio74K: calls $0.03
*** FLOP *** [6c 9d 7s]
Andio74K: checks 
npAaL: checks 
*** TURN *** [6c 9d 7s] [2h]
Andio74K: checks 
npAaL: checks 
*** RIVER *** [6c 9d 7s 2h] [7d]
Andio74K: checks 
npAaL: checks 
*** SHOW DOWN ***
Andio74K: shows [Qc 8h] (a pair of Sevens)
npAaL: shows [Qd Jc] (a pair of Sevens - Queen+Jack kicker)
npAaL collected $0.13 from pot
*** SUMMARY ***
Total pot $0.13 | Rake $0 
Board [6c 9d 7s 2h 7d]
Seat 1: AlGzl folded before Flop (didn't bet)
Seat 2: navigator_7777 (button) folded before Flop (didn't bet)
Seat 3: pinck2905 (small blind) folded before Flop
Seat 4: Lorpugo (big blind) folded before Flop
Seat 5: Andio74K showed [Qc 8h] and lost with a pair of Sevens
Seat 6: npAaL showed [Qd Jc] and won ($0.13) with a pair of Sevens



PokerStars Hand #239383445382:  Hold'em No Limit ($0.01/$0.02 USD) - 2022/10/22 11:37:16 ET
Table 'Biham II' 6-max Seat #3 is the button
Seat 1: AlGzl ($3.04 in chips) 
Seat 2: navigator_7777 ($1.53 in chips) 
Seat 3: pinck2905 ($1.92 in chips) 
Seat 4: Lorpugo ($2.06 in chips) 
Seat 5: Andio74K ($0.86 in chips) 
Seat 6: npAaL ($3.99 in chips) 
Lorpugo: posts small blind $0.01
Andio74K: posts big blind $0.02
*** HOLE CARDS ***
Dealt to Lorpugo [Jc Th]
npAaL: folds 
AlGzl: folds 
navigator_7777: folds 
pinck2905: raises $0.04 to $0.06
Lorpugo: raises $0.14 to $0.20
Andio74K: folds 
pinck2905: calls $0.14
*** FLOP *** [8d 5s Ks]
Lorpugo: checks 
pinck2905: bets $0.20
Andio74K leaves the table
Lorpugo: folds 
Uncalled bet ($0.20) returned to pinck2905
pinck2905 collected $0.41 from pot
*** SUMMARY ***
Total pot $0.42 | Rake $0.01 
Board [8d 5s Ks]
Seat 1: AlGzl folded before Flop (didn't bet)
Seat 2: navigator_7777 folded before Flop (didn't bet)
Seat 3: pinck2905 (button) collected ($0.41)
Seat 4: Lorpugo (small blind) folded on the Flop
Seat 5: Andio74K (big blind) folded before Flop
Seat 6: npAaL folded before Flop (didn't bet)



PokerStars Hand #239383455822:  Hold'em No Limit ($0.01/$0.02 USD) - 2022/10/22 11:37:53 ET
Table 'Biham II' 6-max Seat #4 is the button
Seat 1: AlGzl ($3.04 in chips) 
Seat 2: navigator_7777 ($1.53 in chips) 
Seat 3: pinck2905 ($2.13 in chips) 
Seat 4: Lorpugo ($1.86 in chips) 
Seat 6: npAaL ($3.99 in chips) 
npAaL: posts small blind $0.01
AlGzl: posts big blind $0.02
*** HOLE CARDS ***
Dealt to Lorpugo [3d 3s]
navigator_7777: folds 
pinck2905: folds 
navigator_7777 leaves the table
Lorpugo: raises $0.04 to $0.06
npAaL: folds 
AlGzl: calls $0.04
*** FLOP *** [Ts Qc 2c]
AlGzl: checks 
Lorpugo: bets $0.06
AlGzl: calls $0.06
*** TURN *** [Ts Qc 2c] [8h]
AlGzl: checks 
Lorpugo: checks 
*** RIVER *** [Ts Qc 2c 8h] [2s]
AlGzl: checks 
Lorpugo: checks 
*** SHOW DOWN ***
AlGzl: shows [6d Kd] (a pair of Deuces)
Lorpugo: shows [3d 3s] (two pair, Threes and Deuces)
Lorpugo collected $0.24 from pot
*** SUMMARY ***
Total pot $0.25 | Rake $0.01 
Board [Ts Qc 2c 8h 2s]
Seat 1: AlGzl (big blind) showed [6d Kd] and lost with a pair of Deuces
Seat 2: navigator_7777 folded before Flop (didn't bet)
Seat 3: pinck2905 folded before Flop (didn't bet)
Seat 4: Lorpugo (button) showed [3d 3s] and won ($0.24) with two pair, Threes and Deuces
Seat 6: npAaL (small blind) folded before Flop



PokerStars Hand #239383472288:  Hold'em No Limit ($0.01/$0.02 USD) - 2022/10/22 11:38:50 ET
Table 'Biham II' 6-max Seat #6 is the button
Seat 1: AlGzl ($2.92 in chips) 
Seat 3: pinck2905 ($2.13 in chips) 
Seat 4: Lorpugo ($1.98 in chips) 
Seat 6: npAaL ($3.98 in chips) 
AlGzl: posts small blind $0.01
pinck2905: posts big blind $0.02
*** HOLE CARDS ***
Dealt to Lorpugo [5s 7d]
Lorpugo: folds 
npAaL: raises $0.04 to $0.06
AlGzl: calls $0.05
pinck2905: folds 
*** FLOP *** [9c Jh 3d]
AlGzl: checks 
npAaL: checks 
*** TURN *** [9c Jh 3d] [9s]
AlGzl: checks 
npAaL: bets $0.09
AlGzl: folds 
Uncalled bet ($0.09) returned to npAaL
npAaL collected $0.14 from pot
npAaL: doesn't show hand 
*** SUMMARY ***
Total pot $0.14 | Rake $0 
Board [9c Jh 3d 9s]
Seat 1: AlGzl (small blind) folded on the Turn
Seat 3: pinck2905 (big blind) folded before Flop
Seat 4: Lorpugo folded before Flop (didn't bet)
Seat 6: npAaL (button) collected ($0.14)



PokerStars Hand #239383481193:  Hold'em No Limit ($0.01/$0.02 USD) - 2022/10/22 11:39:21 ET
Table 'Biham II' 6-max Seat #1 is the button
Seat 1: AlGzl ($2.86 in chips) 
Seat 3: pinck2905 ($2.11 in chips) 
Seat 4: Lorpugo ($1.98 in chips) 
Seat 6: npAaL ($4.06 in chips) 
pinck2905: posts small blind $0.01
Lorpugo: posts big blind $0.02
*** HOLE CARDS ***
Dealt to Lorpugo [4c Qh]
npAaL: folds 
AlGzl: raises $0.04 to $0.06
pinck2905: folds 
Lorpugo: folds 
Uncalled bet ($0.04) returned to AlGzl
AlGzl collected $0.05 from pot
AlGzl: doesn't show hand 
*** SUMMARY ***
Total pot $0.05 | Rake $0 
Seat 1: AlGzl (button) collected ($0.05)
Seat 3: pinck2905 (small blind) folded before Flop
Seat 4: Lorpugo (big blind) folded before Flop
Seat 6: npAaL folded before Flop (didn't bet)



PokerStars Hand #239383483870:  Hold'em No Limit ($0.01/$0.02 USD) - 2022/10/22 11:39:30 ET
Table 'Biham II' 6-max Seat #3 is the button
Seat 1: AlGzl ($2.89 in chips) 
Seat 3: pinck2905 ($2.10 in chips) 
Seat 4: Lorpugo ($1.96 in chips) 
Seat 6: npAaL ($4.06 in chips) 
Lorpugo: posts small blind $0.01
npAaL: posts big blind $0.02
*** HOLE CARDS ***
Dealt to Lorpugo [9h 9c]
AlGzl: folds 
pinck2905: raises $0.02 to $0.04
Lorpugo: raises $0.10 to $0.14
npAaL: folds 
pinck2905: folds 
Uncalled bet ($0.10) returned to Lorpugo
Lorpugo collected $0.10 from pot
Lorpugo: doesn't show hand 
*** SUMMARY ***
Total pot $0.10 | Rake $0 
Seat 1: AlGzl folded before Flop (didn't bet)
Seat 3: pinck2905 (button) folded before Flop
Seat 4: Lorpugo (small blind) collected ($0.10)
Seat 6: npAaL (big blind) folded before Flop



PokerStars Hand #239383489132:  Hold'em No Limit ($0.01/$0.02 USD) - 2022/10/22 11:39:49 ET
Table 'Biham II' 6-max Seat #4 is the button
Seat 1: AlGzl ($2.89 in chips) 
Seat 3: pinck2905 ($2.06 in chips) 
Seat 4: Lorpugo ($2.02 in chips) 
Seat 6: npAaL ($4.04 in chips) 
npAaL: posts small blind $0.01
AlGzl: posts big blind $0.02
*** HOLE CARDS ***
Dealt to Lorpugo [2d Tc]
pinck2905: folds 
Lorpugo: folds 
npAaL: folds 
Uncalled bet ($0.01) returned to AlGzl
AlGzl collected $0.02 from pot
AlGzl: doesn't show hand 
*** SUMMARY ***
Total pot $0.02 | Rake $0 
Seat 1: AlGzl (big blind) collected ($0.02)
Seat 3: pinck2905 folded before Flop (didn't bet)
Seat 4: Lorpugo (button) folded before Flop (didn't bet)
Seat 6: npAaL (small blind) folded before Flop



PokerStars Hand #239383491358:  Hold'em No Limit ($0.01/$0.02 USD) - 2022/10/22 11:39:57 ET
Table 'Biham II' 6-max Seat #6 is the button
Seat 1: AlGzl ($2.90 in chips) 
Seat 4: Lorpugo ($2.02 in chips) 
Seat 6: npAaL ($4.03 in chips) 
AlGzl: posts small blind $0.01
pinck2905: is sitting out 
Lorpugo: posts big blind $0.02
*** HOLE CARDS ***
Dealt to Lorpugo [Ac 2h]
pinck2905 leaves the table
npAaL: folds 
AlGzl: raises $0.04 to $0.06
Lorpugo: calls $0.04
*** FLOP *** [9h Td 6s]
AlGzl: bets $0.06
Lorpugo: folds 
Uncalled bet ($0.06) returned to AlGzl
AlGzl collected $0.12 from pot
AlGzl: doesn't show hand 
*** SUMMARY ***
Total pot $0.12 | Rake $0 
Board [9h Td 6s]
Seat 1: AlGzl (small blind) collected ($0.12)
Seat 4: Lorpugo (big blind) folded on the Flop
Seat 6: npAaL (button) folded before Flop (didn't bet)



PokerStars Hand #239383499954:  Hold'em No Limit ($0.01/$0.02 USD) - 2022/10/22 11:40:27 ET
Table 'Biham II' 6-max Seat #4 is the button
Seat 1: AlGzl ($2.96 in chips) 
Seat 4: Lorpugo ($1.96 in chips) 
Lorpugo: posts small blind $0.01
npAaL: is sitting out 
AlGzl: posts big blind $0.02
*** HOLE CARDS ***
Dealt to Lorpugo [Th Jd]
Lorpugo: raises $0.04 to $0.06
AlGzl: calls $0.04
*** FLOP *** [5h 8h 4h]
AlGzl: checks 
Lorpugo: checks 
*** TURN *** [5h 8h 4h] [Kc]
AlGzl: checks 
Lorpugo: checks 
*** RIVER *** [5h 8h 4h Kc] [6d]
AlGzl: checks 
npAaL leaves the table
Lorpugo: bets $0.22
AlGzl: folds 
Uncalled bet ($0.22) returned to Lorpugo
Lorpugo collected $0.12 from pot
Lorpugo: doesn't show hand 
*** SUMMARY ***
Total pot $0.12 | Rake $0 
Board [5h 8h 4h Kc 6d]
Seat 1: AlGzl (big blind) folded on the River
Seat 4: Lorpugo (button) (small blind) collected ($0.12)



