PokerStars Hand #239564590966:  Hold'em No Limit ($0.01/$0.02 USD) - 2022/10/31 11:47:31 ET
Table 'Larissa II' 6-max Seat #2 is the button
Seat 1: Baulöwe1958 ($1.47 in chips) 
Seat 2: Presly79 ($4.04 in chips) 
Seat 3: (BäST23) ($2.73 in chips) 
Seat 4: Lorpugo ($1.60 in chips) 
Seat 6: Jernah ($2.28 in chips) 
(BäST23): posts small blind $0.01
Lorpugo: posts big blind $0.02
*** HOLE CARDS ***
Dealt to Lorpugo [Qc Ad]
Jernah: folds 
Baulöwe1958: folds 
Presly79: folds 
(BäST23): calls $0.01
Lorpugo: raises $0.08 to $0.10
(BäST23): folds 
Uncalled bet ($0.08) returned to Lorpugo
Lorpugo collected $0.04 from pot
Lorpugo: doesn't show hand 
*** SUMMARY ***
Total pot $0.04 | Rake $0 
Seat 1: Baulöwe1958 folded before Flop (didn't bet)
Seat 2: Presly79 (button) folded before Flop (didn't bet)
Seat 3: (BäST23) (small blind) folded before Flop
Seat 4: Lorpugo (big blind) collected ($0.04)
Seat 6: Jernah folded before Flop (didn't bet)



PokerStars Hand #239564600611:  Hold'em No Limit ($0.01/$0.02 USD) - 2022/10/31 11:48:06 ET
Table 'Larissa II' 6-max Seat #3 is the button
Seat 1: Baulöwe1958 ($1.47 in chips) 
Seat 2: Presly79 ($4.04 in chips) 
Seat 3: (BäST23) ($2.71 in chips) 
Seat 4: Lorpugo ($1.62 in chips) 
Seat 5: FrancoOlmedo ($2 in chips) 
Seat 6: Jernah ($2.28 in chips) 
Lorpugo: posts small blind $0.01
FrancoOlmedo: posts big blind $0.02
*** HOLE CARDS ***
Dealt to Lorpugo [Tc Ac]
Jernah: folds 
Baulöwe1958: folds 
Presly79: folds 
(BäST23): folds 
Lorpugo: raises $0.04 to $0.06
FrancoOlmedo: folds 
Uncalled bet ($0.04) returned to Lorpugo
Lorpugo collected $0.04 from pot
Lorpugo: doesn't show hand 
*** SUMMARY ***
Total pot $0.04 | Rake $0 
Seat 1: Baulöwe1958 folded before Flop (didn't bet)
Seat 2: Presly79 folded before Flop (didn't bet)
Seat 3: (BäST23) (button) folded before Flop (didn't bet)
Seat 4: Lorpugo (small blind) collected ($0.04)
Seat 5: FrancoOlmedo (big blind) folded before Flop
Seat 6: Jernah folded before Flop (didn't bet)



PokerStars Hand #239564604114:  Hold'em No Limit ($0.01/$0.02 USD) - 2022/10/31 11:48:19 ET
Table 'Larissa II' 6-max Seat #4 is the button
Seat 1: Baulöwe1958 ($1.47 in chips) 
Seat 2: Presly79 ($4.04 in chips) 
Seat 3: (BäST23) ($2.71 in chips) 
Seat 4: Lorpugo ($1.64 in chips) 
Seat 5: FrancoOlmedo ($2 in chips) 
Seat 6: Jernah ($2.28 in chips) 
FrancoOlmedo: posts small blind $0.01
Jernah: posts big blind $0.02
*** HOLE CARDS ***
Dealt to Lorpugo [2h 4s]
Baulöwe1958: calls $0.02
Presly79: calls $0.02
(BäST23): folds 
Lorpugo: folds 
FrancoOlmedo: folds 
Jernah: checks 
*** FLOP *** [4h 7s Ad]
Jernah: checks 
Baulöwe1958: checks 
Presly79: bets $0.07
Jernah: folds 
Baulöwe1958: raises $0.07 to $0.14
Presly79: calls $0.07
*** TURN *** [4h 7s Ad] [Kc]
Baulöwe1958: bets $0.10
Presly79: folds 
Uncalled bet ($0.10) returned to Baulöwe1958
Baulöwe1958 collected $0.34 from pot
*** SUMMARY ***
Total pot $0.35 | Rake $0.01 
Board [4h 7s Ad Kc]
Seat 1: Baulöwe1958 collected ($0.34)
Seat 2: Presly79 folded on the Turn
Seat 3: (BäST23) folded before Flop (didn't bet)
Seat 4: Lorpugo (button) folded before Flop (didn't bet)
Seat 5: FrancoOlmedo (small blind) folded before Flop
Seat 6: Jernah (big blind) folded on the Flop



PokerStars Hand #239564619254:  Hold'em No Limit ($0.01/$0.02 USD) - 2022/10/31 11:49:14 ET
Table 'Larissa II' 6-max Seat #5 is the button
Seat 1: Baulöwe1958 ($1.65 in chips) 
Seat 2: Presly79 ($3.88 in chips) 
Seat 3: (BäST23) ($2.71 in chips) 
Seat 4: Lorpugo ($1.64 in chips) 
Seat 5: FrancoOlmedo ($2 in chips) 
Seat 6: Jernah ($2.26 in chips) 
Jernah: posts small blind $0.01
Baulöwe1958: posts big blind $0.02
*** HOLE CARDS ***
Dealt to Lorpugo [3c 7h]
Presly79: folds 
(BäST23): raises $0.05 to $0.07
Lorpugo: folds 
FrancoOlmedo: folds 
Jernah: folds 
Baulöwe1958: folds 
Uncalled bet ($0.05) returned to (BäST23)
(BäST23) collected $0.05 from pot
*** SUMMARY ***
Total pot $0.05 | Rake $0 
Seat 1: Baulöwe1958 (big blind) folded before Flop
Seat 2: Presly79 folded before Flop (didn't bet)
Seat 3: (BäST23) collected ($0.05)
Seat 4: Lorpugo folded before Flop (didn't bet)
Seat 5: FrancoOlmedo (button) folded before Flop (didn't bet)
Seat 6: Jernah (small blind) folded before Flop



PokerStars Hand #239564624081:  Hold'em No Limit ($0.01/$0.02 USD) - 2022/10/31 11:49:32 ET
Table 'Larissa II' 6-max Seat #6 is the button
Seat 1: Baulöwe1958 ($1.63 in chips) 
Seat 2: Presly79 ($3.88 in chips) 
Seat 3: (BäST23) ($2.74 in chips) 
Seat 4: Lorpugo ($1.64 in chips) 
Seat 5: FrancoOlmedo ($2 in chips) 
Seat 6: Jernah ($2.25 in chips) 
Baulöwe1958: posts small blind $0.01
Presly79: posts big blind $0.02
*** HOLE CARDS ***
Dealt to Lorpugo [Qd 3d]
(BäST23): folds 
Lorpugo: folds 
FrancoOlmedo: folds 
Jernah: folds 
Baulöwe1958: folds 
Uncalled bet ($0.01) returned to Presly79
Presly79 collected $0.02 from pot
Presly79: doesn't show hand 
*** SUMMARY ***
Total pot $0.02 | Rake $0 
Seat 1: Baulöwe1958 (small blind) folded before Flop
Seat 2: Presly79 (big blind) collected ($0.02)
Seat 3: (BäST23) folded before Flop (didn't bet)
Seat 4: Lorpugo folded before Flop (didn't bet)
Seat 5: FrancoOlmedo folded before Flop (didn't bet)
Seat 6: Jernah (button) folded before Flop (didn't bet)



PokerStars Hand #239564628177:  Hold'em No Limit ($0.01/$0.02 USD) - 2022/10/31 11:49:47 ET
Table 'Larissa II' 6-max Seat #1 is the button
Seat 1: Baulöwe1958 ($1.62 in chips) 
Seat 2: Presly79 ($3.89 in chips) 
Seat 3: (BäST23) ($2.74 in chips) 
Seat 4: Lorpugo ($1.64 in chips) 
Seat 5: FrancoOlmedo ($2 in chips) 
Seat 6: Jernah ($2.25 in chips) 
Presly79: posts small blind $0.01
(BäST23): posts big blind $0.02
*** HOLE CARDS ***
Dealt to Lorpugo [7d 4d]
Lorpugo: folds 
FrancoOlmedo: raises $0.02 to $0.04
Jernah: folds 
Baulöwe1958: calls $0.04
Presly79: folds 
(BäST23): folds 
*** FLOP *** [7h Ah 3h]
FrancoOlmedo: checks 
Baulöwe1958: bets $0.02
FrancoOlmedo: folds 
Uncalled bet ($0.02) returned to Baulöwe1958
Baulöwe1958 collected $0.11 from pot
*** SUMMARY ***
Total pot $0.11 | Rake $0 
Board [7h Ah 3h]
Seat 1: Baulöwe1958 (button) collected ($0.11)
Seat 2: Presly79 (small blind) folded before Flop
Seat 3: (BäST23) (big blind) folded before Flop
Seat 4: Lorpugo folded before Flop (didn't bet)
Seat 5: FrancoOlmedo folded on the Flop
Seat 6: Jernah folded before Flop (didn't bet)



PokerStars Hand #239564638782:  Hold'em No Limit ($0.01/$0.02 USD) - 2022/10/31 11:50:26 ET
Table 'Larissa II' 6-max Seat #2 is the button
Seat 1: Baulöwe1958 ($1.69 in chips) 
Seat 2: Presly79 ($3.88 in chips) 
Seat 3: (BäST23) ($2.72 in chips) 
Seat 4: Lorpugo ($1.64 in chips) 
Seat 5: FrancoOlmedo ($2 in chips) 
Seat 6: Jernah ($2.25 in chips) 
(BäST23): posts small blind $0.01
Lorpugo: posts big blind $0.02
*** HOLE CARDS ***
Dealt to Lorpugo [7s 2s]
FrancoOlmedo: folds 
Jernah: folds 
Baulöwe1958: folds 
Presly79: folds 
(BäST23): folds 
Uncalled bet ($0.01) returned to Lorpugo
Lorpugo collected $0.02 from pot
Lorpugo: doesn't show hand 
*** SUMMARY ***
Total pot $0.02 | Rake $0 
Seat 1: Baulöwe1958 folded before Flop (didn't bet)
Seat 2: Presly79 (button) folded before Flop (didn't bet)
Seat 3: (BäST23) (small blind) folded before Flop
Seat 4: Lorpugo (big blind) collected ($0.02)
Seat 5: FrancoOlmedo folded before Flop (didn't bet)
Seat 6: Jernah folded before Flop (didn't bet)



PokerStars Hand #239564641409:  Hold'em No Limit ($0.01/$0.02 USD) - 2022/10/31 11:50:36 ET
Table 'Larissa II' 6-max Seat #3 is the button
Seat 1: Baulöwe1958 ($1.69 in chips) 
Seat 2: Presly79 ($3.88 in chips) 
Seat 3: (BäST23) ($2.71 in chips) 
Seat 4: Lorpugo ($1.65 in chips) 
Seat 5: FrancoOlmedo ($2 in chips) 
Seat 6: Jernah ($2.25 in chips) 
Lorpugo: posts small blind $0.01
FrancoOlmedo: posts big blind $0.02
*** HOLE CARDS ***
Dealt to Lorpugo [Th 9h]
Jernah: folds 
Baulöwe1958: folds 
Presly79: folds 
(BäST23): raises $0.05 to $0.07
Lorpugo: calls $0.06
FrancoOlmedo: folds 
*** FLOP *** [Ah 7d 6c]
Baulöwe1958 leaves the table
Lorpugo: checks 
(BäST23): checks 
*** TURN *** [Ah 7d 6c] [6h]
Lorpugo: bets $0.22
(BäST23): folds 
Uncalled bet ($0.22) returned to Lorpugo
Lorpugo collected $0.15 from pot
Lorpugo: doesn't show hand 
*** SUMMARY ***
Total pot $0.16 | Rake $0.01 
Board [Ah 7d 6c 6h]
Seat 1: Baulöwe1958 folded before Flop (didn't bet)
Seat 2: Presly79 folded before Flop (didn't bet)
Seat 3: (BäST23) (button) folded on the Turn
Seat 4: Lorpugo (small blind) collected ($0.15)
Seat 5: FrancoOlmedo (big blind) folded before Flop
Seat 6: Jernah folded before Flop (didn't bet)



PokerStars Hand #239564650582:  Hold'em No Limit ($0.01/$0.02 USD) - 2022/10/31 11:51:09 ET
Table 'Larissa II' 6-max Seat #4 is the button
Seat 2: Presly79 ($3.88 in chips) 
Seat 3: (BäST23) ($2.64 in chips) 
Seat 4: Lorpugo ($1.73 in chips) 
Seat 5: FrancoOlmedo ($2 in chips) 
Seat 6: Jernah ($2.25 in chips) 
FrancoOlmedo: posts small blind $0.01
Jernah: posts big blind $0.02
*** HOLE CARDS ***
Dealt to Lorpugo [2s 2d]
Presly79: raises $0.04 to $0.06
(BäST23): calls $0.06
Lorpugo: calls $0.06
FrancoOlmedo: folds 
Jernah: folds 
*** FLOP *** [Kd Kc 2h]
Presly79: checks 
(BäST23): checks 
Lorpugo: bets $0.10
Presly79: folds 
(BäST23): calls $0.10
*** TURN *** [Kd Kc 2h] [6h]
(BäST23): checks 
Lorpugo: bets $0.28
deakonu joins the table at seat #1 
(BäST23): calls $0.28
*** RIVER *** [Kd Kc 2h 6h] [9h]
(BäST23): checks 
Lorpugo: bets $1.29 and is all-in
(BäST23): calls $1.29
*** SHOW DOWN ***
Lorpugo: shows [2s 2d] (a full house, Deuces full of Kings)
(BäST23): shows [Ks Ts] (three of a kind, Kings)
Lorpugo collected $3.43 from pot
*** SUMMARY ***
Total pot $3.55 | Rake $0.12 
Board [Kd Kc 2h 6h 9h]
Seat 2: Presly79 folded on the Flop
Seat 3: (BäST23) showed [Ks Ts] and lost with three of a kind, Kings
Seat 4: Lorpugo (button) showed [2s 2d] and won ($3.43) with a full house, Deuces full of Kings
Seat 5: FrancoOlmedo (small blind) folded before Flop
Seat 6: Jernah (big blind) folded before Flop



PokerStars Hand #239564675230:  Hold'em No Limit ($0.01/$0.02 USD) - 2022/10/31 11:52:40 ET
Table 'Larissa II' 6-max Seat #5 is the button
Seat 1: deakonu ($0.80 in chips) 
Seat 2: Presly79 ($3.82 in chips) 
Seat 3: (BäST23) ($0.91 in chips) 
Seat 4: Lorpugo ($3.43 in chips) 
Seat 5: FrancoOlmedo ($2 in chips) 
Seat 6: Jernah ($2.23 in chips) 
Jernah: posts small blind $0.01
deakonu: posts big blind $0.02
*** HOLE CARDS ***
Dealt to Lorpugo [Qd Ah]
Presly79: folds 
(BäST23): folds 
Lorpugo: raises $0.04 to $0.06
FrancoOlmedo: folds 
Jernah: folds 
deakonu: calls $0.04
*** FLOP *** [5c 9d Ts]
deakonu: bets $0.13
Lorpugo: folds 
Uncalled bet ($0.13) returned to deakonu
deakonu collected $0.13 from pot
deakonu: doesn't show hand 
*** SUMMARY ***
Total pot $0.13 | Rake $0 
Board [5c 9d Ts]
Seat 1: deakonu (big blind) collected ($0.13)
Seat 2: Presly79 folded before Flop (didn't bet)
Seat 3: (BäST23) folded before Flop (didn't bet)
Seat 4: Lorpugo folded on the Flop
Seat 5: FrancoOlmedo (button) folded before Flop (didn't bet)
Seat 6: Jernah (small blind) folded before Flop



PokerStars Hand #239564684011:  Hold'em No Limit ($0.01/$0.02 USD) - 2022/10/31 11:53:12 ET
Table 'Larissa II' 6-max Seat #6 is the button
Seat 1: deakonu ($0.87 in chips) 
Seat 2: Presly79 ($3.82 in chips) 
Seat 3: (BäST23) ($0.91 in chips) 
Seat 4: Lorpugo ($3.37 in chips) 
Seat 5: FrancoOlmedo ($2 in chips) 
Seat 6: Jernah ($2.22 in chips) 
deakonu: posts small blind $0.01
Presly79: posts big blind $0.02
*** HOLE CARDS ***
Dealt to Lorpugo [7h Jd]
(BäST23): folds 
Lorpugo: folds 
FrancoOlmedo: folds 
Jernah: raises $0.04 to $0.06
deakonu: calls $0.05
Presly79: folds 
*** FLOP *** [4s 5c 3c]
deakonu: bets $0.14
Jernah: folds 
Uncalled bet ($0.14) returned to deakonu
deakonu collected $0.14 from pot
deakonu: doesn't show hand 
*** SUMMARY ***
Total pot $0.14 | Rake $0 
Board [4s 5c 3c]
Seat 1: deakonu (small blind) collected ($0.14)
Seat 2: Presly79 (big blind) folded before Flop
Seat 3: (BäST23) folded before Flop (didn't bet)
Seat 4: Lorpugo folded before Flop (didn't bet)
Seat 5: FrancoOlmedo folded before Flop (didn't bet)
Seat 6: Jernah (button) folded on the Flop



PokerStars Hand #239564693382:  Hold'em No Limit ($0.01/$0.02 USD) - 2022/10/31 11:53:47 ET
Table 'Larissa II' 6-max Seat #1 is the button
Seat 1: deakonu ($0.95 in chips) 
Seat 2: Presly79 ($3.80 in chips) 
Seat 3: (BäST23) ($0.91 in chips) 
Seat 4: Lorpugo ($3.37 in chips) 
Seat 5: FrancoOlmedo ($2 in chips) 
Seat 6: Jernah ($2.16 in chips) 
Presly79: posts small blind $0.01
(BäST23): posts big blind $0.02
*** HOLE CARDS ***
Dealt to Lorpugo [Qh 7c]
Lorpugo: folds 
FrancoOlmedo: folds 
Jernah: raises $0.04 to $0.06
deakonu: folds 
Presly79: folds 
(BäST23): folds 
Uncalled bet ($0.04) returned to Jernah
Jernah collected $0.05 from pot
Jernah: doesn't show hand 
*** SUMMARY ***
Total pot $0.05 | Rake $0 
Seat 1: deakonu (button) folded before Flop (didn't bet)
Seat 2: Presly79 (small blind) folded before Flop
Seat 3: (BäST23) (big blind) folded before Flop
Seat 4: Lorpugo folded before Flop (didn't bet)
Seat 5: FrancoOlmedo folded before Flop (didn't bet)
Seat 6: Jernah collected ($0.05)



PokerStars Hand #239564697561:  Hold'em No Limit ($0.01/$0.02 USD) - 2022/10/31 11:54:02 ET
Table 'Larissa II' 6-max Seat #2 is the button
Seat 1: deakonu ($0.95 in chips) 
Seat 2: Presly79 ($3.79 in chips) 
Seat 3: (BäST23) ($0.89 in chips) 
Seat 4: Lorpugo ($3.37 in chips) 
Seat 5: FrancoOlmedo ($2 in chips) 
Seat 6: Jernah ($2.19 in chips) 
(BäST23): posts small blind $0.01
Lorpugo: posts big blind $0.02
*** HOLE CARDS ***
Dealt to Lorpugo [Th 9s]
FrancoOlmedo: raises $0.02 to $0.04
Jernah: folds 
deakonu: calls $0.04
Presly79: calls $0.04
(BäST23): folds 
Lorpugo: calls $0.02
*** FLOP *** [4d 6c 6s]
Lorpugo: checks 
FrancoOlmedo: checks 
deakonu: bets $0.08
Presly79: calls $0.08
Lorpugo: folds 
FrancoOlmedo: folds 
*** TURN *** [4d 6c 6s] [Kc]
deakonu: bets $0.08
Presly79: folds 
Uncalled bet ($0.08) returned to deakonu
deakonu collected $0.32 from pot
deakonu: doesn't show hand 
*** SUMMARY ***
Total pot $0.33 | Rake $0.01 
Board [4d 6c 6s Kc]
Seat 1: deakonu collected ($0.32)
Seat 2: Presly79 (button) folded on the Turn
Seat 3: (BäST23) (small blind) folded before Flop
Seat 4: Lorpugo (big blind) folded on the Flop
Seat 5: FrancoOlmedo folded on the Flop
Seat 6: Jernah folded before Flop (didn't bet)



PokerStars Hand #239564712222:  Hold'em No Limit ($0.01/$0.02 USD) - 2022/10/31 11:54:56 ET
Table 'Larissa II' 6-max Seat #3 is the button
Seat 1: deakonu ($1.15 in chips) 
Seat 2: Presly79 ($3.67 in chips) 
Seat 3: (BäST23) ($1.68 in chips) 
Seat 4: Lorpugo ($3.33 in chips) 
Seat 5: FrancoOlmedo ($2 in chips) 
Seat 6: Jernah ($2.19 in chips) 
Lorpugo: posts small blind $0.01
FrancoOlmedo: posts big blind $0.02
*** HOLE CARDS ***
Dealt to Lorpugo [As 6d]
Jernah: folds 
deakonu: folds 
Presly79: folds 
(BäST23): folds 
Lorpugo: raises $0.04 to $0.06
FrancoOlmedo: folds 
Uncalled bet ($0.04) returned to Lorpugo
Lorpugo collected $0.04 from pot
Lorpugo: doesn't show hand 
*** SUMMARY ***
Total pot $0.04 | Rake $0 
Seat 1: deakonu folded before Flop (didn't bet)
Seat 2: Presly79 folded before Flop (didn't bet)
Seat 3: (BäST23) (button) folded before Flop (didn't bet)
Seat 4: Lorpugo (small blind) collected ($0.04)
Seat 5: FrancoOlmedo (big blind) folded before Flop
Seat 6: Jernah folded before Flop (didn't bet)



PokerStars Hand #239564717347:  Hold'em No Limit ($0.01/$0.02 USD) - 2022/10/31 11:55:17 ET
Table 'Larissa II' 6-max Seat #4 is the button
Seat 1: deakonu ($1.15 in chips) 
Seat 2: Presly79 ($3.67 in chips) 
Seat 3: (BäST23) ($1.68 in chips) 
Seat 4: Lorpugo ($3.35 in chips) 
Seat 5: FrancoOlmedo ($2 in chips) 
Seat 6: Jernah ($2.19 in chips) 
FrancoOlmedo: posts small blind $0.01
Jernah: posts big blind $0.02
*** HOLE CARDS ***
Dealt to Lorpugo [Ac 8h]
deakonu: calls $0.02
Presly79: folds 
(BäST23): folds 
Lorpugo: calls $0.02
FrancoOlmedo: folds 
Jernah: checks 
*** FLOP *** [5h Ks Qc]
Jernah: checks 
deakonu: bets $0.02
Lorpugo: folds 
Jernah: folds 
Uncalled bet ($0.02) returned to deakonu
deakonu collected $0.07 from pot
deakonu: doesn't show hand 
*** SUMMARY ***
Total pot $0.07 | Rake $0 
Board [5h Ks Qc]
Seat 1: deakonu collected ($0.07)
Seat 2: Presly79 folded before Flop (didn't bet)
Seat 3: (BäST23) folded before Flop (didn't bet)
Seat 4: Lorpugo (button) folded on the Flop
Seat 5: FrancoOlmedo (small blind) folded before Flop
Seat 6: Jernah (big blind) folded on the Flop



PokerStars Hand #239564725529:  Hold'em No Limit ($0.01/$0.02 USD) - 2022/10/31 11:55:55 ET
Table 'Larissa II' 6-max Seat #5 is the button
Seat 1: deakonu ($1.20 in chips) 
Seat 2: Presly79 ($3.67 in chips) 
Seat 3: (BäST23) ($1.68 in chips) 
Seat 4: Lorpugo ($3.33 in chips) 
Seat 5: FrancoOlmedo ($2 in chips) 
Seat 6: Jernah ($2.17 in chips) 
Jernah: posts small blind $0.01
deakonu: posts big blind $0.02
*** HOLE CARDS ***
Dealt to Lorpugo [3c Jh]
Presly79: folds 
(BäST23): raises $0.05 to $0.07
Lorpugo: folds 
FrancoOlmedo: folds 
Jernah: folds 
deakonu: folds 
Uncalled bet ($0.05) returned to (BäST23)
(BäST23) collected $0.05 from pot
*** SUMMARY ***
Total pot $0.05 | Rake $0 
Seat 1: deakonu (big blind) folded before Flop
Seat 2: Presly79 folded before Flop (didn't bet)
Seat 3: (BäST23) collected ($0.05)
Seat 4: Lorpugo folded before Flop (didn't bet)
Seat 5: FrancoOlmedo (button) folded before Flop (didn't bet)
Seat 6: Jernah (small blind) folded before Flop



PokerStars Hand #239564730579:  Hold'em No Limit ($0.01/$0.02 USD) - 2022/10/31 11:56:18 ET
Table 'Larissa II' 6-max Seat #6 is the button
Seat 1: deakonu ($1.18 in chips) 
Seat 2: Presly79 ($3.67 in chips) 
Seat 3: (BäST23) ($1.71 in chips) 
Seat 4: Lorpugo ($3.33 in chips) 
Seat 5: FrancoOlmedo ($2 in chips) 
Seat 6: Jernah ($2.16 in chips) 
deakonu: posts small blind $0.01
Presly79: posts big blind $0.02
*** HOLE CARDS ***
Dealt to Lorpugo [7h Ad]
(BäST23) has timed out
(BäST23): folds 
Lorpugo: raises $0.02 to $0.04
FrancoOlmedo: folds 
Jernah: folds 
deakonu: folds 
Presly79: calls $0.02
*** FLOP *** [Th 4c Qc]
Presly79: checks 
Lorpugo: checks 
*** TURN *** [Th 4c Qc] [Js]
Presly79: checks 
Lorpugo: checks 
*** RIVER *** [Th 4c Qc Js] [9c]
Presly79: checks 
Lorpugo: checks 
*** SHOW DOWN ***
Presly79: shows [3s Ks] (a straight, Nine to King)
Lorpugo: mucks hand 
Presly79 collected $0.09 from pot
*** SUMMARY ***
Total pot $0.09 | Rake $0 
Board [Th 4c Qc Js 9c]
Seat 1: deakonu (small blind) folded before Flop
Seat 2: Presly79 (big blind) showed [3s Ks] and won ($0.09) with a straight, Nine to King
Seat 3: (BäST23) folded before Flop (didn't bet)
Seat 4: Lorpugo mucked [7h Ad]
Seat 5: FrancoOlmedo folded before Flop (didn't bet)
Seat 6: Jernah (button) folded before Flop (didn't bet)



PokerStars Hand #239564741109:  Hold'em No Limit ($0.01/$0.02 USD) - 2022/10/31 11:57:06 ET
Table 'Larissa II' 6-max Seat #1 is the button
Seat 1: deakonu ($1.17 in chips) 
Seat 2: Presly79 ($3.72 in chips) 
Seat 3: (BäST23) ($1.71 in chips) 
Seat 4: Lorpugo ($3.29 in chips) 
Seat 5: FrancoOlmedo ($2 in chips) 
Seat 6: Jernah ($2.16 in chips) 
Presly79: posts small blind $0.01
(BäST23): posts big blind $0.02
*** HOLE CARDS ***
Dealt to Lorpugo [3c 9d]
Lorpugo: folds 
FrancoOlmedo: folds 
Jernah: folds 
deakonu: folds 
Presly79: folds 
Uncalled bet ($0.01) returned to (BäST23)
(BäST23) collected $0.02 from pot
*** SUMMARY ***
Total pot $0.02 | Rake $0 
Seat 1: deakonu (button) folded before Flop (didn't bet)
Seat 2: Presly79 (small blind) folded before Flop
Seat 3: (BäST23) (big blind) collected ($0.02)
Seat 4: Lorpugo folded before Flop (didn't bet)
Seat 5: FrancoOlmedo folded before Flop (didn't bet)
Seat 6: Jernah folded before Flop (didn't bet)



PokerStars Hand #239564743114:  Hold'em No Limit ($0.01/$0.02 USD) - 2022/10/31 11:57:15 ET
Table 'Larissa II' 6-max Seat #2 is the button
Seat 1: deakonu ($1.17 in chips) 
Seat 2: Presly79 ($3.71 in chips) 
Seat 3: (BäST23) ($1.72 in chips) 
Seat 4: Lorpugo ($3.29 in chips) 
Seat 5: FrancoOlmedo ($2 in chips) 
Seat 6: Jernah ($2.16 in chips) 
(BäST23): posts small blind $0.01
Lorpugo: posts big blind $0.02
*** HOLE CARDS ***
Dealt to Lorpugo [3c Qs]
FrancoOlmedo: raises $0.02 to $0.04
Jernah: folds 
deakonu: folds 
Presly79: calls $0.04
(BäST23): folds 
Lorpugo: folds 
*** FLOP *** [Kd 9d 8c]
FrancoOlmedo: bets $0.05
Presly79: folds 
Uncalled bet ($0.05) returned to FrancoOlmedo
FrancoOlmedo collected $0.11 from pot
*** SUMMARY ***
Total pot $0.11 | Rake $0 
Board [Kd 9d 8c]
Seat 1: deakonu folded before Flop (didn't bet)
Seat 2: Presly79 (button) folded on the Flop
Seat 3: (BäST23) (small blind) folded before Flop
Seat 4: Lorpugo (big blind) folded before Flop
Seat 5: FrancoOlmedo collected ($0.11)
Seat 6: Jernah folded before Flop (didn't bet)



PokerStars Hand #239564748498:  Hold'em No Limit ($0.01/$0.02 USD) - 2022/10/31 11:57:40 ET
Table 'Larissa II' 6-max Seat #3 is the button
Seat 1: deakonu ($1.17 in chips) 
Seat 2: Presly79 ($3.67 in chips) 
Seat 3: (BäST23) ($1.71 in chips) 
Seat 4: Lorpugo ($3.27 in chips) 
Seat 5: FrancoOlmedo ($2.07 in chips) 
Seat 6: Jernah ($2.16 in chips) 
Lorpugo: posts small blind $0.01
FrancoOlmedo: posts big blind $0.02
*** HOLE CARDS ***
Dealt to Lorpugo [Qd 2c]
Jernah: folds 
deakonu: calls $0.02
Presly79: raises $0.02 to $0.04
(BäST23): calls $0.04
Lorpugo: folds 
FrancoOlmedo: calls $0.02
deakonu: calls $0.02
*** FLOP *** [6d 2d Ah]
FrancoOlmedo: checks 
deakonu: checks 
Presly79: checks 
(BäST23): checks 
*** TURN *** [6d 2d Ah] [3h]
FrancoOlmedo: checks 
deakonu: checks 
Presly79: bets $0.08
(BäST23): calls $0.08
FrancoOlmedo: folds 
deakonu: folds 
*** RIVER *** [6d 2d Ah 3h] [Jc]
Presly79: checks 
(BäST23): checks 
*** SHOW DOWN ***
Presly79: shows [Kh Jh] (a pair of Jacks)
(BäST23): mucks hand 
Presly79 collected $0.32 from pot
*** SUMMARY ***
Total pot $0.33 | Rake $0.01 
Board [6d 2d Ah 3h Jc]
Seat 1: deakonu folded on the Turn
Seat 2: Presly79 showed [Kh Jh] and won ($0.32) with a pair of Jacks
Seat 3: (BäST23) (button) mucked [6h 9h]
Seat 4: Lorpugo (small blind) folded before Flop
Seat 5: FrancoOlmedo (big blind) folded on the Turn
Seat 6: Jernah folded before Flop (didn't bet)



PokerStars Hand #239564759920:  Hold'em No Limit ($0.01/$0.02 USD) - 2022/10/31 11:58:32 ET
Table 'Larissa II' 6-max Seat #4 is the button
Seat 1: deakonu ($1.13 in chips) 
Seat 2: Presly79 ($3.87 in chips) 
Seat 3: (BäST23) ($1.59 in chips) 
Seat 4: Lorpugo ($3.26 in chips) 
Seat 5: FrancoOlmedo ($2.03 in chips) 
Seat 6: Jernah ($2.16 in chips) 
FrancoOlmedo: posts small blind $0.01
Jernah: posts big blind $0.02
*** HOLE CARDS ***
Dealt to Lorpugo [Kc 3c]
deakonu: folds 
Presly79: folds 
(BäST23): folds 
Lorpugo: raises $0.04 to $0.06
FrancoOlmedo: raises $0.15 to $0.21
Jernah: folds 
Lorpugo: folds 
Uncalled bet ($0.15) returned to FrancoOlmedo
FrancoOlmedo collected $0.14 from pot
*** SUMMARY ***
Total pot $0.14 | Rake $0 
Seat 1: deakonu folded before Flop (didn't bet)
Seat 2: Presly79 folded before Flop (didn't bet)
Seat 3: (BäST23) folded before Flop (didn't bet)
Seat 4: Lorpugo (button) folded before Flop
Seat 5: FrancoOlmedo (small blind) collected ($0.14)
Seat 6: Jernah (big blind) folded before Flop



PokerStars Hand #239564765053:  Hold'em No Limit ($0.01/$0.02 USD) - 2022/10/31 11:58:56 ET
Table 'Larissa II' 6-max Seat #5 is the button
Seat 1: deakonu ($1.13 in chips) 
Seat 2: Presly79 ($3.87 in chips) 
Seat 4: Lorpugo ($3.20 in chips) 
Seat 5: FrancoOlmedo ($2.11 in chips) 
Seat 6: Jernah ($2.14 in chips) 
Jernah: posts small blind $0.01
deakonu: posts big blind $0.02
*** HOLE CARDS ***
Dealt to Lorpugo [4d Qc]
Presly79: folds 
Lorpugo: folds 
FrancoOlmedo: folds 
Jernah: raises $0.04 to $0.06
deakonu: calls $0.04
*** FLOP *** [Ah 5h 8s]
Jernah: bets $0.06
deakonu: folds 
Uncalled bet ($0.06) returned to Jernah
Jernah collected $0.12 from pot
Jernah: doesn't show hand 
*** SUMMARY ***
Total pot $0.12 | Rake $0 
Board [Ah 5h 8s]
Seat 1: deakonu (big blind) folded on the Flop
Seat 2: Presly79 folded before Flop (didn't bet)
Seat 4: Lorpugo folded before Flop (didn't bet)
Seat 5: FrancoOlmedo (button) folded before Flop (didn't bet)
Seat 6: Jernah (small blind) collected ($0.12)



PokerStars Hand #239564775132:  Hold'em No Limit ($0.01/$0.02 USD) - 2022/10/31 11:59:42 ET
Table 'Larissa II' 6-max Seat #6 is the button
Seat 1: deakonu ($1.07 in chips) 
Seat 2: Presly79 ($3.87 in chips) 
Seat 4: Lorpugo ($3.20 in chips) 
Seat 5: FrancoOlmedo ($2.11 in chips) 
Seat 6: Jernah ($2.20 in chips) 
deakonu: posts small blind $0.01
Presly79: posts big blind $0.02
*** HOLE CARDS ***
Dealt to Lorpugo [Ac 5h]
Lorpugo: raises $0.04 to $0.06
FrancoOlmedo: calls $0.06
Jernah: folds 
deakonu: folds 
Presly79: folds 
*** FLOP *** [7c 3h 2s]
Lorpugo: bets $0.07
FrancoOlmedo: calls $0.07
*** TURN *** [7c 3h 2s] [Jh]
Lorpugo: bets $0.24
FrancoOlmedo: folds 
Uncalled bet ($0.24) returned to Lorpugo
Lorpugo collected $0.28 from pot
Lorpugo: doesn't show hand 
*** SUMMARY ***
Total pot $0.29 | Rake $0.01 
Board [7c 3h 2s Jh]
Seat 1: deakonu (small blind) folded before Flop
Seat 2: Presly79 (big blind) folded before Flop
Seat 4: Lorpugo collected ($0.28)
Seat 5: FrancoOlmedo folded on the Turn
Seat 6: Jernah (button) folded before Flop (didn't bet)



PokerStars Hand #239564786566:  Hold'em No Limit ($0.01/$0.02 USD) - 2022/10/31 12:00:33 ET
Table 'Larissa II' 6-max Seat #1 is the button
Seat 1: deakonu ($1.06 in chips) 
Seat 2: Presly79 ($3.85 in chips) 
Seat 4: Lorpugo ($3.35 in chips) 
Seat 5: FrancoOlmedo ($2 in chips) 
Seat 6: Jernah ($2.20 in chips) 
Presly79: posts small blind $0.01
Lorpugo: posts big blind $0.02
*** HOLE CARDS ***
Dealt to Lorpugo [5c 8h]
FrancoOlmedo: folds 
Jernah: folds 
deakonu: folds 
Presly79: folds 
Uncalled bet ($0.01) returned to Lorpugo
Lorpugo collected $0.02 from pot
Lorpugo: doesn't show hand 
*** SUMMARY ***
Total pot $0.02 | Rake $0 
Seat 1: deakonu (button) folded before Flop (didn't bet)
Seat 2: Presly79 (small blind) folded before Flop
Seat 4: Lorpugo (big blind) collected ($0.02)
Seat 5: FrancoOlmedo folded before Flop (didn't bet)
Seat 6: Jernah folded before Flop (didn't bet)



PokerStars Hand #239564792106:  Hold'em No Limit ($0.01/$0.02 USD) - 2022/10/31 12:00:56 ET
Table 'Larissa II' 6-max Seat #2 is the button
Seat 1: deakonu ($1.06 in chips) 
Seat 2: Presly79 ($3.84 in chips) 
Seat 4: Lorpugo ($3.36 in chips) 
Seat 5: FrancoOlmedo ($2 in chips) 
Seat 6: Jernah ($2.20 in chips) 
Lorpugo: posts small blind $0.01
FrancoOlmedo: posts big blind $0.02
*** HOLE CARDS ***
Dealt to Lorpugo [Ah 2d]
Jernah: folds 
deakonu: calls $0.02
Presly79: folds 
Lorpugo: calls $0.01
FrancoOlmedo: checks 
*** FLOP *** [Jh 8s Kh]
Lorpugo: checks 
FrancoOlmedo: checks 
deakonu: checks 
*** TURN *** [Jh 8s Kh] [4s]
Lorpugo: checks 
FrancoOlmedo: checks 
deakonu: checks 
*** RIVER *** [Jh 8s Kh 4s] [2s]
Lorpugo: checks 
FrancoOlmedo: checks 
deakonu: checks 
*** SHOW DOWN ***
Lorpugo: shows [Ah 2d] (a pair of Deuces)
FrancoOlmedo: shows [8h 6s] (a pair of Eights)
deakonu: mucks hand 
FrancoOlmedo collected $0.06 from pot
*** SUMMARY ***
Total pot $0.06 | Rake $0 
Board [Jh 8s Kh 4s 2s]
Seat 1: deakonu mucked [Ac 9c]
Seat 2: Presly79 (button) folded before Flop (didn't bet)
Seat 4: Lorpugo (small blind) showed [Ah 2d] and lost with a pair of Deuces
Seat 5: FrancoOlmedo (big blind) showed [8h 6s] and won ($0.06) with a pair of Eights
Seat 6: Jernah folded before Flop (didn't bet)



PokerStars Hand #239564806293:  Hold'em No Limit ($0.01/$0.02 USD) - 2022/10/31 12:01:51 ET
Table 'Larissa II' 6-max Seat #4 is the button
Seat 1: deakonu ($1.04 in chips) 
Seat 2: Presly79 ($3.84 in chips) 
Seat 4: Lorpugo ($3.34 in chips) 
Seat 5: FrancoOlmedo ($2.04 in chips) 
Seat 6: Jernah ($2.20 in chips) 
FrancoOlmedo: posts small blind $0.01
Jernah: posts big blind $0.02
(BäST23): sits out 
*** HOLE CARDS ***
Dealt to Lorpugo [6s Ad]
deakonu: calls $0.02
Presly79: folds 
Lorpugo: folds 
FrancoOlmedo: calls $0.01
Jernah: checks 
*** FLOP *** [Jd As 4c]
FrancoOlmedo: checks 
Jernah: bets $0.03
deakonu: folds 
FrancoOlmedo: folds 
Uncalled bet ($0.03) returned to Jernah
Jernah collected $0.06 from pot
Jernah: doesn't show hand 
*** SUMMARY ***
Total pot $0.06 | Rake $0 
Board [Jd As 4c]
Seat 1: deakonu folded on the Flop
Seat 2: Presly79 folded before Flop (didn't bet)
Seat 4: Lorpugo (button) folded before Flop (didn't bet)
Seat 5: FrancoOlmedo (small blind) folded on the Flop
Seat 6: Jernah (big blind) collected ($0.06)



PokerStars Hand #239564818117:  Hold'em No Limit ($0.01/$0.02 USD) - 2022/10/31 12:02:35 ET
Table 'Larissa II' 6-max Seat #5 is the button
Seat 1: deakonu ($1.02 in chips) 
Seat 2: Presly79 ($3.84 in chips) 
Seat 4: Lorpugo ($3.34 in chips) 
Seat 5: FrancoOlmedo ($2.02 in chips) 
Seat 6: Jernah ($2.24 in chips) 
Jernah: posts small blind $0.01
deakonu: posts big blind $0.02
(BäST23): sits out 
*** HOLE CARDS ***
Dealt to Lorpugo [4d Ac]
Presly79: folds 
Lorpugo: raises $0.04 to $0.06
FrancoOlmedo: calls $0.06
Jernah: folds 
deakonu: folds 
*** FLOP *** [8d Jd 5s]
Lorpugo: checks 
FrancoOlmedo: checks 
*** TURN *** [8d Jd 5s] [Jh]
Lorpugo: checks 
FrancoOlmedo: bets $0.07
(BäST23) leaves the table
Lorpugo: folds 
Uncalled bet ($0.07) returned to FrancoOlmedo
FrancoOlmedo collected $0.14 from pot
*** SUMMARY ***
Total pot $0.15 | Rake $0.01 
Board [8d Jd 5s Jh]
Seat 1: deakonu (big blind) folded before Flop
Seat 2: Presly79 folded before Flop (didn't bet)
Seat 4: Lorpugo folded on the Turn
Seat 5: FrancoOlmedo (button) collected ($0.14)
Seat 6: Jernah (small blind) folded before Flop



PokerStars Hand #239564827576:  Hold'em No Limit ($0.01/$0.02 USD) - 2022/10/31 12:03:10 ET
Table 'Larissa II' 6-max Seat #6 is the button
Seat 1: deakonu ($1 in chips) 
Seat 2: Presly79 ($3.84 in chips) 
Seat 4: Lorpugo ($3.28 in chips) 
Seat 5: FrancoOlmedo ($2.10 in chips) 
Seat 6: Jernah ($2.23 in chips) 
deakonu: posts small blind $0.01
Presly79: posts big blind $0.02
*** HOLE CARDS ***
Dealt to Lorpugo [8h 9s]
Lorpugo: raises $0.04 to $0.06
FrancoOlmedo: folds 
Jernah: folds 
deakonu: calls $0.05
Presly79: folds 
*** FLOP *** [2c 8d 3h]
deakonu: bets $0.14
Lorpugo: raises $3.08 to $3.22 and is all-in
gimballed joins the table at seat #3 
deakonu: folds 
Uncalled bet ($3.08) returned to Lorpugo
Lorpugo collected $0.41 from pot
Lorpugo: doesn't show hand 
*** SUMMARY ***
Total pot $0.42 | Rake $0.01 
Board [2c 8d 3h]
Seat 1: deakonu (small blind) folded on the Flop
Seat 2: Presly79 (big blind) folded before Flop
Seat 4: Lorpugo collected ($0.41)
Seat 5: FrancoOlmedo folded before Flop (didn't bet)
Seat 6: Jernah (button) folded before Flop (didn't bet)



PokerStars Hand #239564841979:  Hold'em No Limit ($0.01/$0.02 USD) - 2022/10/31 12:04:02 ET
Table 'Larissa II' 6-max Seat #1 is the button
Seat 1: deakonu ($0.80 in chips) 
Seat 2: Presly79 ($3.82 in chips) 
Seat 3: gimballed ($0.80 in chips) 
Seat 4: Lorpugo ($3.49 in chips) 
Seat 5: FrancoOlmedo ($2.10 in chips) 
Seat 6: Jernah ($2.23 in chips) 
Presly79: posts small blind $0.01
gimballed: posts big blind $0.02
*** HOLE CARDS ***
Dealt to Lorpugo [9s Jh]
Lorpugo: folds 
FrancoOlmedo: raises $0.02 to $0.04
Jernah: folds 
deakonu: calls $0.04
Presly79: folds 
gimballed: folds 
*** FLOP *** [Kh 9h As]
FrancoOlmedo: bets $0.05
deakonu: folds 
Uncalled bet ($0.05) returned to FrancoOlmedo
FrancoOlmedo collected $0.11 from pot
*** SUMMARY ***
Total pot $0.11 | Rake $0 
Board [Kh 9h As]
Seat 1: deakonu (button) folded on the Flop
Seat 2: Presly79 (small blind) folded before Flop
Seat 3: gimballed (big blind) folded before Flop
Seat 4: Lorpugo folded before Flop (didn't bet)
Seat 5: FrancoOlmedo collected ($0.11)
Seat 6: Jernah folded before Flop (didn't bet)



PokerStars Hand #239564847086:  Hold'em No Limit ($0.01/$0.02 USD) - 2022/10/31 12:04:21 ET
Table 'Larissa II' 6-max Seat #2 is the button
Seat 1: deakonu ($0.76 in chips) 
Seat 2: Presly79 ($3.81 in chips) 
Seat 3: gimballed ($0.78 in chips) 
Seat 4: Lorpugo ($3.49 in chips) 
Seat 5: FrancoOlmedo ($2.17 in chips) 
Seat 6: Jernah ($2.23 in chips) 
gimballed: posts small blind $0.01
Lorpugo: posts big blind $0.02
*** HOLE CARDS ***
Dealt to Lorpugo [9c 3d]
FrancoOlmedo: folds 
Jernah: folds 
deakonu: calls $0.02
Presly79: folds 
gimballed: folds 
Lorpugo: checks 
*** FLOP *** [Ac 5s 9s]
Lorpugo: bets $0.03
deakonu: calls $0.03
*** TURN *** [Ac 5s 9s] [3s]
Lorpugo: bets $0.07
deakonu: calls $0.07
*** RIVER *** [Ac 5s 9s 3s] [Kc]
Lorpugo: checks 
deakonu: checks 
*** SHOW DOWN ***
Lorpugo: shows [9c 3d] (two pair, Nines and Threes)
deakonu: mucks hand 
Lorpugo collected $0.24 from pot
*** SUMMARY ***
Total pot $0.25 | Rake $0.01 
Board [Ac 5s 9s 3s Kc]
Seat 1: deakonu mucked [Ah 7c]
Seat 2: Presly79 (button) folded before Flop (didn't bet)
Seat 3: gimballed (small blind) folded before Flop
Seat 4: Lorpugo (big blind) showed [9c 3d] and won ($0.24) with two pair, Nines and Threes
Seat 5: FrancoOlmedo folded before Flop (didn't bet)
Seat 6: Jernah folded before Flop (didn't bet)



PokerStars Hand #239564857865:  Hold'em No Limit ($0.01/$0.02 USD) - 2022/10/31 12:05:00 ET
Table 'Larissa II' 6-max Seat #3 is the button
Seat 1: deakonu ($0.64 in chips) 
Seat 2: Presly79 ($3.81 in chips) 
Seat 3: gimballed ($0.77 in chips) 
Seat 4: Lorpugo ($3.61 in chips) 
Seat 5: FrancoOlmedo ($2.17 in chips) 
Seat 6: Jernah ($2.23 in chips) 
Lorpugo: posts small blind $0.01
FrancoOlmedo: posts big blind $0.02
*** HOLE CARDS ***
Dealt to Lorpugo [Ks 4h]
Jernah: folds 
deakonu: calls $0.02
Presly79: folds 
gimballed: folds 
Lorpugo: folds 
FrancoOlmedo: checks 
*** FLOP *** [4c 8s 9d]
FrancoOlmedo: checks 
deakonu: bets $0.05
FrancoOlmedo: folds 
Uncalled bet ($0.05) returned to deakonu
deakonu collected $0.05 from pot
deakonu: doesn't show hand 
*** SUMMARY ***
Total pot $0.05 | Rake $0 
Board [4c 8s 9d]
Seat 1: deakonu collected ($0.05)
Seat 2: Presly79 folded before Flop (didn't bet)
Seat 3: gimballed (button) folded before Flop (didn't bet)
Seat 4: Lorpugo (small blind) folded before Flop
Seat 5: FrancoOlmedo (big blind) folded on the Flop
Seat 6: Jernah folded before Flop (didn't bet)



PokerStars Hand #239564866999:  Hold'em No Limit ($0.01/$0.02 USD) - 2022/10/31 12:05:34 ET
Table 'Larissa II' 6-max Seat #4 is the button
Seat 1: deakonu ($0.67 in chips) 
Seat 2: Presly79 ($3.81 in chips) 
Seat 3: gimballed ($0.77 in chips) 
Seat 4: Lorpugo ($3.60 in chips) 
Seat 5: FrancoOlmedo ($2.15 in chips) 
Seat 6: Jernah ($2.23 in chips) 
FrancoOlmedo: posts small blind $0.01
Jernah: posts big blind $0.02
*** HOLE CARDS ***
Dealt to Lorpugo [8d 3d]
deakonu: calls $0.02
Presly79: folds 
gimballed: folds 
Lorpugo: folds 
FrancoOlmedo: raises $0.06 to $0.08
Jernah: calls $0.06
deakonu: calls $0.06
*** FLOP *** [7s Jc Ts]
FrancoOlmedo: checks 
Jernah: bets $0.11
deakonu: folds 
FrancoOlmedo: calls $0.11
*** TURN *** [7s Jc Ts] [Ks]
FrancoOlmedo: checks 
Jernah: checks 
*** RIVER *** [7s Jc Ts Ks] [7c]
FrancoOlmedo: bets $0.44
Jernah: folds 
Uncalled bet ($0.44) returned to FrancoOlmedo
FrancoOlmedo collected $0.44 from pot
*** SUMMARY ***
Total pot $0.46 | Rake $0.02 
Board [7s Jc Ts Ks 7c]
Seat 1: deakonu folded on the Flop
Seat 2: Presly79 folded before Flop (didn't bet)
Seat 3: gimballed folded before Flop (didn't bet)
Seat 4: Lorpugo (button) folded before Flop (didn't bet)
Seat 5: FrancoOlmedo (small blind) collected ($0.44)
Seat 6: Jernah (big blind) folded on the River



PokerStars Hand #239564886647:  Hold'em No Limit ($0.01/$0.02 USD) - 2022/10/31 12:06:46 ET
Table 'Larissa II' 6-max Seat #5 is the button
Seat 1: deakonu ($0.59 in chips) 
Seat 2: Presly79 ($3.81 in chips) 
Seat 3: gimballed ($0.77 in chips) 
Seat 4: Lorpugo ($3.60 in chips) 
Seat 5: FrancoOlmedo ($2.40 in chips) 
Seat 6: Jernah ($2.04 in chips) 
Jernah: posts small blind $0.01
deakonu: posts big blind $0.02
*** HOLE CARDS ***
Dealt to Lorpugo [8s Jc]
Presly79: folds 
gimballed: calls $0.02
Lorpugo: folds 
FrancoOlmedo: folds 
Jernah: calls $0.01
deakonu: checks 
*** FLOP *** [Ts 9d 8h]
Jernah: checks 
deakonu: checks 
gimballed: checks 
*** TURN *** [Ts 9d 8h] [Qs]
Jernah: checks 
deakonu: checks 
gimballed: checks 
*** RIVER *** [Ts 9d 8h Qs] [3s]
Jernah: checks 
deakonu: checks 
gimballed: checks 
*** SHOW DOWN ***
Jernah: shows [7c 5c] (high card Queen)
deakonu: shows [2c Ac] (high card Ace)
gimballed: shows [As Th] (a pair of Tens)
gimballed collected $0.06 from pot
*** SUMMARY ***
Total pot $0.06 | Rake $0 
Board [Ts 9d 8h Qs 3s]
Seat 1: deakonu (big blind) showed [2c Ac] and lost with high card Ace
Seat 2: Presly79 folded before Flop (didn't bet)
Seat 3: gimballed showed [As Th] and won ($0.06) with a pair of Tens
Seat 4: Lorpugo folded before Flop (didn't bet)
Seat 5: FrancoOlmedo (button) folded before Flop (didn't bet)
Seat 6: Jernah (small blind) showed [7c 5c] and lost with high card Queen



PokerStars Hand #239564900507:  Hold'em No Limit ($0.01/$0.02 USD) - 2022/10/31 12:07:36 ET
Table 'Larissa II' 6-max Seat #6 is the button
Seat 1: deakonu ($0.57 in chips) 
Seat 2: Presly79 ($3.81 in chips) 
Seat 3: gimballed ($0.81 in chips) 
Seat 4: Lorpugo ($3.60 in chips) 
Seat 5: FrancoOlmedo ($2.40 in chips) 
Seat 6: Jernah ($2.02 in chips) 
deakonu: posts small blind $0.01
Presly79: posts big blind $0.02
*** HOLE CARDS ***
Dealt to Lorpugo [As 3c]
gimballed: folds 
Lorpugo: folds 
FrancoOlmedo: folds 
Jernah: raises $0.04 to $0.06
deakonu: calls $0.05
Presly79: folds 
*** FLOP *** [2s Th 2c]
deakonu: bets $0.14
Jernah: folds 
Uncalled bet ($0.14) returned to deakonu
deakonu collected $0.14 from pot
deakonu: doesn't show hand 
*** SUMMARY ***
Total pot $0.14 | Rake $0 
Board [2s Th 2c]
Seat 1: deakonu (small blind) collected ($0.14)
Seat 2: Presly79 (big blind) folded before Flop
Seat 3: gimballed folded before Flop (didn't bet)
Seat 4: Lorpugo folded before Flop (didn't bet)
Seat 5: FrancoOlmedo folded before Flop (didn't bet)
Seat 6: Jernah (button) folded on the Flop



PokerStars Hand #239564911397:  Hold'em No Limit ($0.01/$0.02 USD) - 2022/10/31 12:08:16 ET
Table 'Larissa II' 6-max Seat #1 is the button
Seat 1: deakonu ($0.65 in chips) 
Seat 2: Presly79 ($3.79 in chips) 
Seat 3: gimballed ($0.81 in chips) 
Seat 4: Lorpugo ($3.60 in chips) 
Seat 5: FrancoOlmedo ($2.40 in chips) 
Seat 6: Jernah ($2 in chips) 
Presly79: posts small blind $0.01
gimballed: posts big blind $0.02
*** HOLE CARDS ***
Dealt to Lorpugo [8s Ks]
Lorpugo: folds 
FrancoOlmedo: folds 
Jernah: folds 
deakonu: calls $0.02
Presly79: folds 
gimballed: checks 
*** FLOP *** [Kh 9c 3h]
gimballed: checks 
deakonu: bets $0.05
gimballed: folds 
Uncalled bet ($0.05) returned to deakonu
deakonu collected $0.05 from pot
deakonu: doesn't show hand 
*** SUMMARY ***
Total pot $0.05 | Rake $0 
Board [Kh 9c 3h]
Seat 1: deakonu (button) collected ($0.05)
Seat 2: Presly79 (small blind) folded before Flop
Seat 3: gimballed (big blind) folded on the Flop
Seat 4: Lorpugo folded before Flop (didn't bet)
Seat 5: FrancoOlmedo folded before Flop (didn't bet)
Seat 6: Jernah folded before Flop (didn't bet)



PokerStars Hand #239564919191:  Hold'em No Limit ($0.01/$0.02 USD) - 2022/10/31 12:08:45 ET
Table 'Larissa II' 6-max Seat #2 is the button
Seat 1: deakonu ($0.68 in chips) 
Seat 2: Presly79 ($3.78 in chips) 
Seat 3: gimballed ($0.79 in chips) 
Seat 4: Lorpugo ($3.60 in chips) 
Seat 5: FrancoOlmedo ($2.40 in chips) 
Seat 6: Jernah ($2 in chips) 
gimballed: posts small blind $0.01
Lorpugo: posts big blind $0.02
*** HOLE CARDS ***
Dealt to Lorpugo [8d Ah]
FrancoOlmedo: folds 
Jernah: raises $0.04 to $0.06
deakonu: calls $0.06
Presly79: folds 
gimballed: folds 
Lorpugo: folds 
*** FLOP *** [6h Tc Ts]
Jernah: bets $0.07
deakonu: calls $0.07
*** TURN *** [6h Tc Ts] [2c]
Jernah: bets $0.14
deakonu: calls $0.14
*** RIVER *** [6h Tc Ts 2c] [Jh]
Jernah: checks 
deakonu: checks 
*** SHOW DOWN ***
Jernah: shows [Kc Ad] (a pair of Tens)
deakonu: shows [6d 4d] (two pair, Tens and Sixes)
deakonu collected $0.55 from pot
*** SUMMARY ***
Total pot $0.57 | Rake $0.02 
Board [6h Tc Ts 2c Jh]
Seat 1: deakonu showed [6d 4d] and won ($0.55) with two pair, Tens and Sixes
Seat 2: Presly79 (button) folded before Flop (didn't bet)
Seat 3: gimballed (small blind) folded before Flop
Seat 4: Lorpugo (big blind) folded before Flop
Seat 5: FrancoOlmedo folded before Flop (didn't bet)
Seat 6: Jernah showed [Kc Ad] and lost with a pair of Tens



PokerStars Hand #239564927675:  Hold'em No Limit ($0.01/$0.02 USD) - 2022/10/31 12:09:16 ET
Table 'Larissa II' 6-max Seat #3 is the button
Seat 1: deakonu ($0.96 in chips) 
Seat 2: Presly79 ($3.78 in chips) 
Seat 3: gimballed ($0.78 in chips) 
Seat 4: Lorpugo ($3.58 in chips) 
Seat 5: FrancoOlmedo ($2.40 in chips) 
Seat 6: Jernah ($2 in chips) 
Lorpugo: posts small blind $0.01
FrancoOlmedo: posts big blind $0.02
*** HOLE CARDS ***
Dealt to Lorpugo [5d 2c]
Jernah: folds 
deakonu: folds 
Presly79: raises $0.07 to $0.09
gimballed: folds 
Lorpugo: folds 
FrancoOlmedo: folds 
Uncalled bet ($0.07) returned to Presly79
Presly79 collected $0.05 from pot
Presly79: doesn't show hand 
*** SUMMARY ***
Total pot $0.05 | Rake $0 
Seat 1: deakonu folded before Flop (didn't bet)
Seat 2: Presly79 collected ($0.05)
Seat 3: gimballed (button) folded before Flop (didn't bet)
Seat 4: Lorpugo (small blind) folded before Flop
Seat 5: FrancoOlmedo (big blind) folded before Flop
Seat 6: Jernah folded before Flop (didn't bet)



PokerStars Hand #239564931390:  Hold'em No Limit ($0.01/$0.02 USD) - 2022/10/31 12:09:30 ET
Table 'Larissa II' 6-max Seat #4 is the button
Seat 1: deakonu ($0.96 in chips) 
Seat 2: Presly79 ($3.81 in chips) 
Seat 3: gimballed ($0.78 in chips) 
Seat 4: Lorpugo ($3.57 in chips) 
Seat 5: FrancoOlmedo ($2.38 in chips) 
Seat 6: Jernah ($2 in chips) 
FrancoOlmedo: posts small blind $0.01
Jernah: posts big blind $0.02
*** HOLE CARDS ***
Dealt to Lorpugo [5d Kc]
deakonu: calls $0.02
Presly79: folds 
gimballed: folds 
Lorpugo: folds 
FrancoOlmedo: folds 
Jernah: checks 
*** FLOP *** [9d 2h 8d]
Jernah: checks 
deakonu: bets $0.05
Jernah: folds 
Uncalled bet ($0.05) returned to deakonu
deakonu collected $0.05 from pot
deakonu: doesn't show hand 
*** SUMMARY ***
Total pot $0.05 | Rake $0 
Board [9d 2h 8d]
Seat 1: deakonu collected ($0.05)
Seat 2: Presly79 folded before Flop (didn't bet)
Seat 3: gimballed folded before Flop (didn't bet)
Seat 4: Lorpugo (button) folded before Flop (didn't bet)
Seat 5: FrancoOlmedo (small blind) folded before Flop
Seat 6: Jernah (big blind) folded on the Flop



PokerStars Hand #239564939343:  Hold'em No Limit ($0.01/$0.02 USD) - 2022/10/31 12:09:59 ET
Table 'Larissa II' 6-max Seat #5 is the button
Seat 1: deakonu ($0.99 in chips) 
Seat 2: Presly79 ($3.81 in chips) 
Seat 3: gimballed ($0.78 in chips) 
Seat 4: Lorpugo ($3.57 in chips) 
Seat 5: FrancoOlmedo ($2.37 in chips) 
Seat 6: Jernah ($2 in chips) 
Jernah: posts small blind $0.01
deakonu: posts big blind $0.02
*** HOLE CARDS ***
Dealt to Lorpugo [9s 3h]
Presly79: folds 
gimballed: folds 
Lorpugo: folds 
FrancoOlmedo: folds 
Jernah: folds 
Uncalled bet ($0.01) returned to deakonu
deakonu collected $0.02 from pot
deakonu: doesn't show hand 
*** SUMMARY ***
Total pot $0.02 | Rake $0 
Seat 1: deakonu (big blind) collected ($0.02)
Seat 2: Presly79 folded before Flop (didn't bet)
Seat 3: gimballed folded before Flop (didn't bet)
Seat 4: Lorpugo folded before Flop (didn't bet)
Seat 5: FrancoOlmedo (button) folded before Flop (didn't bet)
Seat 6: Jernah (small blind) folded before Flop



PokerStars Hand #239564941958:  Hold'em No Limit ($0.01/$0.02 USD) - 2022/10/31 12:10:08 ET
Table 'Larissa II' 6-max Seat #6 is the button
Seat 1: deakonu ($1 in chips) 
Seat 2: Presly79 ($3.81 in chips) 
Seat 3: gimballed ($0.78 in chips) 
Seat 4: Lorpugo ($3.57 in chips) 
Seat 5: FrancoOlmedo ($2.37 in chips) 
Seat 6: Jernah ($2 in chips) 
deakonu: posts small blind $0.01
Presly79: posts big blind $0.02
*** HOLE CARDS ***
Dealt to Lorpugo [Ts 8d]
gimballed: calls $0.02
Lorpugo: folds 
FrancoOlmedo: raises $0.04 to $0.06
Jernah: folds 
deakonu: calls $0.05
Presly79: folds 
gimballed: calls $0.04
*** FLOP *** [Ac 2d 7h]
deakonu: checks 
gimballed: checks 
FrancoOlmedo: bets $0.09
deakonu: folds 
gimballed: calls $0.09
*** TURN *** [Ac 2d 7h] [Td]
gimballed: checks 
FrancoOlmedo: checks 
*** RIVER *** [Ac 2d 7h Td] [Jc]
gimballed: checks 
FrancoOlmedo: bets $0.63
gimballed: folds 
Uncalled bet ($0.63) returned to FrancoOlmedo
FrancoOlmedo collected $0.37 from pot
*** SUMMARY ***
Total pot $0.38 | Rake $0.01 
Board [Ac 2d 7h Td Jc]
Seat 1: deakonu (small blind) folded on the Flop
Seat 2: Presly79 (big blind) folded before Flop
Seat 3: gimballed folded on the River
Seat 4: Lorpugo folded before Flop (didn't bet)
Seat 5: FrancoOlmedo collected ($0.37)
Seat 6: Jernah (button) folded before Flop (didn't bet)



