PokerStars Hand #239210143646:  Hold'em No Limit ($0.01/$0.02 USD) - 2022/10/13 16:32:09 ET
Table 'Lycomedes' 6-max Seat #6 is the button
Seat 1: Edimast6 ($1.14 in chips) 
Seat 3: Lorpugo ($1.60 in chips) 
Seat 4: johnny mc poker ($1.31 in chips) 
Seat 5: cucho0310 ($2.26 in chips) 
Seat 6: 23loulou23 ($1.84 in chips) 
Edimast6: posts small blind $0.01
Lorpugo: posts big blind $0.02
*** HOLE CARDS ***
Dealt to Lorpugo [3s Qh]
johnny mc poker: calls $0.02
cucho0310: folds 
23loulou23: folds 
Edimast6: calls $0.01
Lorpugo: checks 
*** FLOP *** [9c 6h Kh]
Edimast6: bets $0.03
Lorpugo: folds 
johnny mc poker: calls $0.03
*** TURN *** [9c 6h Kh] [6s]
Edimast6: bets $0.06
johnny mc poker: folds 
Uncalled bet ($0.06) returned to Edimast6
Edimast6 collected $0.12 from pot
Edimast6: doesn't show hand 
*** SUMMARY ***
Total pot $0.12 | Rake $0 
Board [9c 6h Kh 6s]
Seat 1: Edimast6 (small blind) collected ($0.12)
Seat 3: Lorpugo (big blind) folded on the Flop
Seat 4: johnny mc poker folded on the Turn
Seat 5: cucho0310 folded before Flop (didn't bet)
Seat 6: 23loulou23 (button) folded before Flop (didn't bet)



PokerStars Hand #239210157506:  Hold'em No Limit ($0.01/$0.02 USD) - 2022/10/13 16:32:44 ET
Table 'Lycomedes' 6-max Seat #1 is the button
Seat 1: Edimast6 ($1.21 in chips) 
Seat 3: Lorpugo ($1.58 in chips) 
Seat 4: johnny mc poker ($1.26 in chips) 
Seat 5: cucho0310 ($2.26 in chips) 
Seat 6: 23loulou23 ($1.84 in chips) 
Lorpugo: posts small blind $0.01
johnny mc poker: posts big blind $0.02
*** HOLE CARDS ***
Dealt to Lorpugo [6h Qc]
cucho0310: folds 
23loulou23: calls $0.02
Edimast6: calls $0.02
Lorpugo: folds 
johnny mc poker: raises $0.07 to $0.09
23loulou23: calls $0.07
Edimast6: calls $0.07
*** FLOP *** [Qh Td 2c]
johnny mc poker: checks 
23loulou23: bets $0.13
Edimast6: calls $0.13
johnny mc poker: calls $0.13
*** TURN *** [Qh Td 2c] [7s]
johnny mc poker: checks 
23loulou23: bets $0.32
Edimast6: calls $0.32
johnny mc poker: calls $0.32
*** RIVER *** [Qh Td 2c 7s] [Jh]
Danilloo93 joins the table at seat #2 
johnny mc poker: checks 
23loulou23: bets $0.78
Edimast6: folds 
johnny mc poker: calls $0.72 and is all-in
Uncalled bet ($0.06) returned to 23loulou23
*** SHOW DOWN ***
23loulou23: shows [7c 7d] (three of a kind, Sevens)
johnny mc poker: shows [Ad Kc] (a straight, Ten to Ace)
johnny mc poker collected $2.96 from pot
*** SUMMARY ***
Total pot $3.07 | Rake $0.11 
Board [Qh Td 2c 7s Jh]
Seat 1: Edimast6 (button) folded on the River
Seat 3: Lorpugo (small blind) folded before Flop
Seat 4: johnny mc poker (big blind) showed [Ad Kc] and won ($2.96) with a straight, Ten to Ace
Seat 5: cucho0310 folded before Flop (didn't bet)
Seat 6: 23loulou23 showed [7c 7d] and lost with three of a kind, Sevens



PokerStars Hand #239210189677:  Hold'em No Limit ($0.01/$0.02 USD) - 2022/10/13 16:34:06 ET
Table 'Lycomedes' 6-max Seat #3 is the button
Seat 1: Edimast6 ($0.67 in chips) 
Seat 3: Lorpugo ($1.57 in chips) 
Seat 4: johnny mc poker ($2.96 in chips) 
Seat 5: cucho0310 ($2.26 in chips) 
Seat 6: 23loulou23 ($0.58 in chips) 
johnny mc poker: posts small blind $0.01
cucho0310: posts big blind $0.02
Danilloo93: sits out 
*** HOLE CARDS ***
Dealt to Lorpugo [9c Qc]
23loulou23: folds 
Edimast6: folds 
Lorpugo: raises $0.04 to $0.06
johnny mc poker: folds 
cucho0310: calls $0.04
*** FLOP *** [3s 5h 3d]
johnny mc poker leaves the table
cucho0310: checks 
Lorpugo: checks 
*** TURN *** [3s 5h 3d] [7s]
r_lucena77 joins the table at seat #4 
cucho0310: checks 
Lorpugo: bets $0.09
cucho0310: folds 
Uncalled bet ($0.09) returned to Lorpugo
Lorpugo collected $0.13 from pot
Lorpugo: doesn't show hand 
*** SUMMARY ***
Total pot $0.13 | Rake $0 
Board [3s 5h 3d 7s]
Seat 1: Edimast6 folded before Flop (didn't bet)
Seat 3: Lorpugo (button) collected ($0.13)
Seat 4: johnny mc poker (small blind) folded before Flop
Seat 5: cucho0310 (big blind) folded on the Turn
Seat 6: 23loulou23 folded before Flop (didn't bet)



PokerStars Hand #239210209821:  Hold'em No Limit ($0.01/$0.02 USD) - 2022/10/13 16:34:58 ET
Table 'Lycomedes' 6-max Seat #5 is the button
Seat 1: Edimast6 ($0.67 in chips) 
Seat 3: Lorpugo ($1.64 in chips) 
Seat 5: cucho0310 ($2.20 in chips) 
Seat 6: 23loulou23 ($0.58 in chips) 
23loulou23: posts small blind $0.01
Edimast6: posts big blind $0.02
Danilloo93: sits out 
r_lucena77: sits out 
*** HOLE CARDS ***
Dealt to Lorpugo [5s 2h]
Lorpugo: folds 
cucho0310: raises $0.03 to $0.05
23loulou23: calls $0.04
Edimast6: calls $0.03
*** FLOP *** [Kd 3h 3c]
23loulou23: checks 
Edimast6: checks 
cucho0310: checks 
*** TURN *** [Kd 3h 3c] [7s]
23loulou23: bets $0.07
Edimast6: calls $0.07
cucho0310: folds 
*** RIVER *** [Kd 3h 3c 7s] [Kh]
23loulou23: checks 
Edimast6: bets $0.14
23loulou23: folds 
Uncalled bet ($0.14) returned to Edimast6
Edimast6 collected $0.28 from pot
Edimast6: doesn't show hand 
*** SUMMARY ***
Total pot $0.29 | Rake $0.01 
Board [Kd 3h 3c 7s Kh]
Seat 1: Edimast6 (big blind) collected ($0.28)
Seat 3: Lorpugo folded before Flop (didn't bet)
Seat 5: cucho0310 (button) folded on the Turn
Seat 6: 23loulou23 (small blind) folded on the River



PokerStars Hand #239210223227:  Hold'em No Limit ($0.01/$0.02 USD) - 2022/10/13 16:35:32 ET
Table 'Lycomedes' 6-max Seat #6 is the button
Seat 1: Edimast6 ($0.83 in chips) 
Seat 2: Danilloo93 ($2 in chips) 
Seat 3: Lorpugo ($1.64 in chips) 
Seat 5: cucho0310 ($2.15 in chips) 
Seat 6: 23loulou23 ($0.46 in chips) 
Edimast6: posts small blind $0.01
Danilloo93: posts big blind $0.02
r_lucena77: sits out 
*** HOLE CARDS ***
Dealt to Lorpugo [Kh 7d]
Lorpugo: folds 
cucho0310: folds 
23loulou23: raises $0.04 to $0.06
Edimast6: calls $0.05
Danilloo93: folds 
*** FLOP *** [5d Ts Jd]
Edimast6: checks 
23loulou23: bets $0.07
Edimast6: calls $0.07
*** TURN *** [5d Ts Jd] [5h]
Edimast6: checks 
23loulou23: bets $0.13
Edimast6: calls $0.13
*** RIVER *** [5d Ts Jd 5h] [Td]
Edimast6: bets $0.26
23loulou23: calls $0.20 and is all-in
Uncalled bet ($0.06) returned to Edimast6
*** SHOW DOWN ***
Edimast6: shows [Js Ac] (two pair, Jacks and Tens)
23loulou23: shows [Ah Tc] (a full house, Tens full of Fives)
23loulou23 collected $0.91 from pot
*** SUMMARY ***
Total pot $0.94 | Rake $0.03 
Board [5d Ts Jd 5h Td]
Seat 1: Edimast6 (small blind) showed [Js Ac] and lost with two pair, Jacks and Tens
Seat 2: Danilloo93 (big blind) folded before Flop
Seat 3: Lorpugo folded before Flop (didn't bet)
Seat 5: cucho0310 folded before Flop (didn't bet)
Seat 6: 23loulou23 (button) showed [Ah Tc] and won ($0.91) with a full house, Tens full of Fives



PokerStars Hand #239210238639:  Hold'em No Limit ($0.01/$0.02 USD) - 2022/10/13 16:36:12 ET
Table 'Lycomedes' 6-max Seat #1 is the button
Seat 1: Edimast6 ($0.37 in chips) 
Seat 2: Danilloo93 ($2 in chips) 
Seat 3: Lorpugo ($1.64 in chips) 
Seat 5: cucho0310 ($2.15 in chips) 
Seat 6: 23loulou23 ($0.91 in chips) 
Danilloo93: posts small blind $0.01
Lorpugo: posts big blind $0.02
r_lucena77: sits out 
*** HOLE CARDS ***
Dealt to Lorpugo [5c Th]
cucho0310: folds 
23loulou23: folds 
Edimast6: calls $0.02
Danilloo93: folds 
Lorpugo: checks 
*** FLOP *** [2d 9d Td]
Lorpugo: bets $0.02
Edimast6: calls $0.02
*** TURN *** [2d 9d Td] [Qs]
Lorpugo: bets $0.04
Edimast6: calls $0.04
*** RIVER *** [2d 9d Td Qs] [Jd]
Lorpugo: checks 
Edimast6: bets $0.16
Lorpugo: folds 
Uncalled bet ($0.16) returned to Edimast6
Edimast6 collected $0.16 from pot
Edimast6: doesn't show hand 
*** SUMMARY ***
Total pot $0.17 | Rake $0.01 
Board [2d 9d Td Qs Jd]
Seat 1: Edimast6 (button) collected ($0.16)
Seat 2: Danilloo93 (small blind) folded before Flop
Seat 3: Lorpugo (big blind) folded on the River
Seat 5: cucho0310 folded before Flop (didn't bet)
Seat 6: 23loulou23 folded before Flop (didn't bet)



PokerStars Hand #239210254644:  Hold'em No Limit ($0.01/$0.02 USD) - 2022/10/13 16:36:53 ET
Table 'Lycomedes' 6-max Seat #2 is the button
Seat 1: Edimast6 ($0.45 in chips) 
Seat 2: Danilloo93 ($2 in chips) 
Seat 3: Lorpugo ($1.56 in chips) 
Seat 4: r_lucena77 ($2 in chips) 
Seat 5: cucho0310 ($2.15 in chips) 
Seat 6: 23loulou23 ($0.91 in chips) 
Lorpugo: posts small blind $0.01
r_lucena77: posts big blind $0.02
*** HOLE CARDS ***
Dealt to Lorpugo [4h Td]
cucho0310: folds 
23loulou23: folds 
Edimast6: folds 
Danilloo93: raises $0.03 to $0.05
Lorpugo: folds 
r_lucena77: folds 
Uncalled bet ($0.03) returned to Danilloo93
Danilloo93 collected $0.05 from pot
Danilloo93: doesn't show hand 
*** SUMMARY ***
Total pot $0.05 | Rake $0 
Seat 1: Edimast6 folded before Flop (didn't bet)
Seat 2: Danilloo93 (button) collected ($0.05)
Seat 3: Lorpugo (small blind) folded before Flop
Seat 4: r_lucena77 (big blind) folded before Flop
Seat 5: cucho0310 folded before Flop (didn't bet)
Seat 6: 23loulou23 folded before Flop (didn't bet)



PokerStars Hand #239210262770:  Hold'em No Limit ($0.01/$0.02 USD) - 2022/10/13 16:37:14 ET
Table 'Lycomedes' 6-max Seat #3 is the button
Seat 1: Edimast6 ($0.45 in chips) 
Seat 2: Danilloo93 ($2.03 in chips) 
Seat 3: Lorpugo ($1.55 in chips) 
Seat 4: r_lucena77 ($2 in chips) 
Seat 5: cucho0310 ($2.15 in chips) 
Seat 6: 23loulou23 ($0.91 in chips) 
r_lucena77: posts small blind $0.01
cucho0310: posts big blind $0.02
*** HOLE CARDS ***
Dealt to Lorpugo [Jc Qd]
23loulou23: raises $0.04 to $0.06
Edimast6: calls $0.06
Danilloo93: calls $0.06
Lorpugo: folds 
r_lucena77: folds 
cucho0310: folds 
*** FLOP *** [Ks 8s 4h]
23loulou23: checks 
Edimast6: checks 
Danilloo93: checks 
*** TURN *** [Ks 8s 4h] [Qc]
23loulou23: bets $0.10
Edimast6: calls $0.10
Danilloo93: folds 
*** RIVER *** [Ks 8s 4h Qc] [5d]
23loulou23: bets $0.40
Edimast6: folds 
Uncalled bet ($0.40) returned to 23loulou23
23loulou23 collected $0.40 from pot
*** SUMMARY ***
Total pot $0.41 | Rake $0.01 
Board [Ks 8s 4h Qc 5d]
Seat 1: Edimast6 folded on the River
Seat 2: Danilloo93 folded on the Turn
Seat 3: Lorpugo (button) folded before Flop (didn't bet)
Seat 4: r_lucena77 (small blind) folded before Flop
Seat 5: cucho0310 (big blind) folded before Flop
Seat 6: 23loulou23 collected ($0.40)



PokerStars Hand #239210284712:  Hold'em No Limit ($0.01/$0.02 USD) - 2022/10/13 16:38:11 ET
Table 'Lycomedes' 6-max Seat #4 is the button
Seat 2: Danilloo93 ($2 in chips) 
Seat 3: Lorpugo ($1.55 in chips) 
Seat 4: r_lucena77 ($2 in chips) 
Seat 5: cucho0310 ($2.13 in chips) 
Seat 6: 23loulou23 ($1.15 in chips) 
cucho0310: posts small blind $0.01
23loulou23: posts big blind $0.02
*** HOLE CARDS ***
Dealt to Lorpugo [4d Ac]
Danilloo93: raises $0.03 to $0.05
Lorpugo: folds 
r_lucena77: folds 
cucho0310: folds 
23loulou23: calls $0.03
*** FLOP *** [Tc 7d 3s]
23loulou23: bets $0.05
Danilloo93: calls $0.05
*** TURN *** [Tc 7d 3s] [Kd]
23loulou23: bets $0.10
Danilloo93: calls $0.10
*** RIVER *** [Tc 7d 3s Kd] [7h]
23loulou23: bets $0.40
Danilloo93: calls $0.40
*** SHOW DOWN ***
23loulou23: shows [3d Ah] (two pair, Sevens and Threes)
Danilloo93: shows [Ks 9s] (two pair, Kings and Sevens)
Danilloo93 collected $1.17 from pot
*** SUMMARY ***
Total pot $1.21 | Rake $0.04 
Board [Tc 7d 3s Kd 7h]
Seat 2: Danilloo93 showed [Ks 9s] and won ($1.17) with two pair, Kings and Sevens
Seat 3: Lorpugo folded before Flop (didn't bet)
Seat 4: r_lucena77 (button) folded before Flop (didn't bet)
Seat 5: cucho0310 (small blind) folded before Flop
Seat 6: 23loulou23 (big blind) showed [3d Ah] and lost with two pair, Sevens and Threes



PokerStars Hand #239210299506:  Hold'em No Limit ($0.01/$0.02 USD) - 2022/10/13 16:38:49 ET
Table 'Lycomedes' 6-max Seat #5 is the button
Seat 2: Danilloo93 ($2.57 in chips) 
Seat 3: Lorpugo ($1.55 in chips) 
Seat 4: r_lucena77 ($2 in chips) 
Seat 5: cucho0310 ($2.12 in chips) 
Seat 6: 23loulou23 ($0.55 in chips) 
23loulou23: posts small blind $0.01
Danilloo93: posts big blind $0.02
*** HOLE CARDS ***
Dealt to Lorpugo [2d 6c]
Lorpugo: folds 
r_lucena77: raises $0.03 to $0.05
cucho0310: folds 
23loulou23: calls $0.04
Danilloo93: folds 
*** FLOP *** [5d Qs 4h]
23loulou23: bets $0.06
r_lucena77: calls $0.06
*** TURN *** [5d Qs 4h] [Th]
23loulou23: bets $0.11
r_lucena77: raises $0.31 to $0.42
23loulou23: calls $0.31
*** RIVER *** [5d Qs 4h Th] [5c]
23loulou23: bets $0.02 and is all-in
r_lucena77: calls $0.02
*** SHOW DOWN ***
23loulou23: shows [Qc Jc] (two pair, Queens and Fives)
r_lucena77: shows [Qd Ad] (two pair, Queens and Fives - Ace kicker)
r_lucena77 collected $1.08 from pot
*** SUMMARY ***
Total pot $1.12 | Rake $0.04 
Board [5d Qs 4h Th 5c]
Seat 2: Danilloo93 (big blind) folded before Flop
Seat 3: Lorpugo folded before Flop (didn't bet)
Seat 4: r_lucena77 showed [Qd Ad] and won ($1.08) with two pair, Queens and Fives
Seat 5: cucho0310 (button) folded before Flop (didn't bet)
Seat 6: 23loulou23 (small blind) showed [Qc Jc] and lost with two pair, Queens and Fives



PokerStars Hand #239210314911:  Hold'em No Limit ($0.01/$0.02 USD) - 2022/10/13 16:39:29 ET
Table 'Lycomedes' 6-max Seat #2 is the button
Seat 2: Danilloo93 ($2.55 in chips) 
Seat 3: Lorpugo ($1.55 in chips) 
Seat 4: r_lucena77 ($2.53 in chips) 
Seat 5: cucho0310 ($2.12 in chips) 
Lorpugo: posts small blind $0.01
r_lucena77: posts big blind $0.02
*** HOLE CARDS ***
Dealt to Lorpugo [7s Ts]
cucho0310: folds 
Danilloo93: folds 
23loulou23 leaves the table
Lorpugo: raises $0.04 to $0.06
r_lucena77: folds 
Uncalled bet ($0.04) returned to Lorpugo
echnhua joins the table at seat #6 
Lorpugo collected $0.04 from pot
Lorpugo: doesn't show hand 
*** SUMMARY ***
Total pot $0.04 | Rake $0 
Seat 2: Danilloo93 (button) folded before Flop (didn't bet)
Seat 3: Lorpugo (small blind) collected ($0.04)
Seat 4: r_lucena77 (big blind) folded before Flop
Seat 5: cucho0310 folded before Flop (didn't bet)



PokerStars Hand #239210321162:  Hold'em No Limit ($0.01/$0.02 USD) - 2022/10/13 16:39:46 ET
Table 'Lycomedes' 6-max Seat #3 is the button
Seat 2: Danilloo93 ($2.55 in chips) 
Seat 3: Lorpugo ($1.57 in chips) 
Seat 4: r_lucena77 ($2.51 in chips) 
Seat 5: cucho0310 ($2.12 in chips) 
r_lucena77: posts small blind $0.01
cucho0310: posts big blind $0.02
echnhua: sits out 
*** HOLE CARDS ***
Dealt to Lorpugo [3h 5s]
Danilloo93: folds 
Lorpugo: folds 
r_lucena77: raises $0.04 to $0.06
cucho0310: folds 
Uncalled bet ($0.04) returned to r_lucena77
r_lucena77 collected $0.04 from pot
r_lucena77: doesn't show hand 
*** SUMMARY ***
Total pot $0.04 | Rake $0 
Seat 2: Danilloo93 folded before Flop (didn't bet)
Seat 3: Lorpugo (button) folded before Flop (didn't bet)
Seat 4: r_lucena77 (small blind) collected ($0.04)
Seat 5: cucho0310 (big blind) folded before Flop



PokerStars Hand #239210326449:  Hold'em No Limit ($0.01/$0.02 USD) - 2022/10/13 16:39:59 ET
Table 'Lycomedes' 6-max Seat #4 is the button
Seat 2: Danilloo93 ($2.55 in chips) 
Seat 3: Lorpugo ($1.57 in chips) 
Seat 4: r_lucena77 ($2.53 in chips) 
Seat 5: cucho0310 ($2.10 in chips) 
Seat 6: echnhua ($2 in chips) 
cucho0310: posts small blind $0.01
echnhua: posts big blind $0.02
*** HOLE CARDS ***
Dealt to Lorpugo [Kc Tc]
Danilloo93: folds 
Lorpugo: raises $0.04 to $0.06
r_lucena77: folds 
cucho0310: folds 
echnhua: calls $0.04
*** FLOP *** [2d 3h 6s]
echnhua: checks 
Lorpugo: checks 
*** TURN *** [2d 3h 6s] [3d]
echnhua: checks 
Lorpugo: bets $0.06
echnhua: folds 
Uncalled bet ($0.06) returned to Lorpugo
Lorpugo collected $0.13 from pot
Lorpugo: doesn't show hand 
*** SUMMARY ***
Total pot $0.13 | Rake $0 
Board [2d 3h 6s 3d]
Seat 2: Danilloo93 folded before Flop (didn't bet)
Seat 3: Lorpugo collected ($0.13)
Seat 4: r_lucena77 (button) folded before Flop (didn't bet)
Seat 5: cucho0310 (small blind) folded before Flop
Seat 6: echnhua (big blind) folded on the Turn



PokerStars Hand #239210339038:  Hold'em No Limit ($0.01/$0.02 USD) - 2022/10/13 16:40:32 ET
Table 'Lycomedes' 6-max Seat #5 is the button
Seat 2: Danilloo93 ($2.55 in chips) 
Seat 3: Lorpugo ($1.64 in chips) 
Seat 4: r_lucena77 ($2.53 in chips) 
Seat 5: cucho0310 ($2.09 in chips) 
Seat 6: echnhua ($1.94 in chips) 
echnhua: posts small blind $0.01
Danilloo93: posts big blind $0.02
*** HOLE CARDS ***
Dealt to Lorpugo [2c 6d]
Lorpugo: folds 
r_lucena77: folds 
cucho0310: folds 
echnhua: raises $0.03 to $0.05
Danilloo93: folds 
Uncalled bet ($0.03) returned to echnhua
echnhua collected $0.04 from pot
echnhua: doesn't show hand 
*** SUMMARY ***
Total pot $0.04 | Rake $0 
Seat 2: Danilloo93 (big blind) folded before Flop
Seat 3: Lorpugo folded before Flop (didn't bet)
Seat 4: r_lucena77 folded before Flop (didn't bet)
Seat 5: cucho0310 (button) folded before Flop (didn't bet)
Seat 6: echnhua (small blind) collected ($0.04)



PokerStars Hand #239210344604:  Hold'em No Limit ($0.01/$0.02 USD) - 2022/10/13 16:40:47 ET
Table 'Lycomedes' 6-max Seat #6 is the button
Seat 2: Danilloo93 ($2.53 in chips) 
Seat 3: Lorpugo ($1.64 in chips) 
Seat 4: r_lucena77 ($2.53 in chips) 
Seat 5: cucho0310 ($2.09 in chips) 
Seat 6: echnhua ($1.96 in chips) 
Danilloo93: posts small blind $0.01
Lorpugo: posts big blind $0.02
*** HOLE CARDS ***
Dealt to Lorpugo [Qd 9s]
r_lucena77: folds 
cucho0310: folds 
echnhua: raises $0.03 to $0.05
Danilloo93: folds 
Lorpugo: calls $0.03
*** FLOP *** [Jh 9d 7d]
Lorpugo: checks 
echnhua: bets $0.04
Lorpugo: calls $0.04
*** TURN *** [Jh 9d 7d] [Ah]
Lorpugo: checks 
echnhua: bets $0.10
Lorpugo: folds 
Uncalled bet ($0.10) returned to echnhua
echnhua collected $0.18 from pot
echnhua: doesn't show hand 
*** SUMMARY ***
Total pot $0.19 | Rake $0.01 
Board [Jh 9d 7d Ah]
Seat 2: Danilloo93 (small blind) folded before Flop
Seat 3: Lorpugo (big blind) folded on the Turn
Seat 4: r_lucena77 folded before Flop (didn't bet)
Seat 5: cucho0310 folded before Flop (didn't bet)
Seat 6: echnhua (button) collected ($0.18)



PokerStars Hand #239210359245:  Hold'em No Limit ($0.01/$0.02 USD) - 2022/10/13 16:41:25 ET
Table 'Lycomedes' 6-max Seat #2 is the button
Seat 2: Danilloo93 ($2.52 in chips) 
Seat 3: Lorpugo ($1.55 in chips) 
Seat 4: r_lucena77 ($2.53 in chips) 
Seat 5: cucho0310 ($2.09 in chips) 
Seat 6: echnhua ($2.05 in chips) 
Lorpugo: posts small blind $0.01
r_lucena77: posts big blind $0.02
*** HOLE CARDS ***
Dealt to Lorpugo [6h As]
cucho0310: raises $0.04 to $0.06
echnhua: calls $0.06
Danilloo93: folds 
Lorpugo: folds 
r_lucena77: folds 
*** FLOP *** [Kh Ad 3d]
cucho0310: bets $0.05
echnhua: calls $0.05
*** TURN *** [Kh Ad 3d] [7d]
cucho0310: checks 
echnhua: checks 
*** RIVER *** [Kh Ad 3d 7d] [Ks]
cucho0310: bets $0.08
echnhua: calls $0.08
*** SHOW DOWN ***
cucho0310: shows [Qs Qc] (two pair, Kings and Queens)
echnhua: mucks hand 
cucho0310 collected $0.40 from pot
*** SUMMARY ***
Total pot $0.41 | Rake $0.01 
Board [Kh Ad 3d 7d Ks]
Seat 2: Danilloo93 (button) folded before Flop (didn't bet)
Seat 3: Lorpugo (small blind) folded before Flop
Seat 4: r_lucena77 (big blind) folded before Flop
Seat 5: cucho0310 showed [Qs Qc] and won ($0.40) with two pair, Kings and Queens
Seat 6: echnhua mucked [9c 9d]



PokerStars Hand #239210379137:  Hold'em No Limit ($0.01/$0.02 USD) - 2022/10/13 16:42:18 ET
Table 'Lycomedes' 6-max Seat #3 is the button
Seat 2: Danilloo93 ($2.52 in chips) 
Seat 3: Lorpugo ($1.54 in chips) 
Seat 4: r_lucena77 ($2.51 in chips) 
Seat 5: cucho0310 ($2.30 in chips) 
Seat 6: echnhua ($1.86 in chips) 
r_lucena77: posts small blind $0.01
cucho0310: posts big blind $0.02
*** HOLE CARDS ***
Dealt to Lorpugo [Ks 3s]
echnhua: folds 
Danilloo93: raises $0.03 to $0.05
Lorpugo: folds 
r_lucena77: raises $0.15 to $0.20
cucho0310: folds 
Danilloo93: calls $0.15
*** FLOP *** [9d 4h 7d]
r_lucena77: bets $0.10
Danilloo93: calls $0.10
*** TURN *** [9d 4h 7d] [3h]
r_lucena77: checks 
Danilloo93: bets $0.32
r_lucena77: folds 
Uncalled bet ($0.32) returned to Danilloo93
Danilloo93 collected $0.60 from pot
Danilloo93: doesn't show hand 
*** SUMMARY ***
Total pot $0.62 | Rake $0.02 
Board [9d 4h 7d 3h]
Seat 2: Danilloo93 collected ($0.60)
Seat 3: Lorpugo (button) folded before Flop (didn't bet)
Seat 4: r_lucena77 (small blind) folded on the Turn
Seat 5: cucho0310 (big blind) folded before Flop
Seat 6: echnhua folded before Flop (didn't bet)



PokerStars Hand #239210394551:  Hold'em No Limit ($0.01/$0.02 USD) - 2022/10/13 16:42:58 ET
Table 'Lycomedes' 6-max Seat #4 is the button
Seat 2: Danilloo93 ($2.82 in chips) 
Seat 3: Lorpugo ($1.54 in chips) 
Seat 4: r_lucena77 ($2.21 in chips) 
Seat 5: cucho0310 ($2.28 in chips) 
Seat 6: echnhua ($1.86 in chips) 
cucho0310: posts small blind $0.01
echnhua: posts big blind $0.02
Edimast6: sits out 
*** HOLE CARDS ***
Dealt to Lorpugo [8c 9c]
Danilloo93: raises $0.03 to $0.05
Lorpugo: calls $0.05
r_lucena77: folds 
cucho0310: folds 
echnhua: calls $0.03
*** FLOP *** [4d Kh Kc]
echnhua: checks 
Danilloo93: checks 
Lorpugo: bets $0.05
echnhua: folds 
Danilloo93: calls $0.05
*** TURN *** [4d Kh Kc] [2s]
Danilloo93: checks 
Lorpugo: checks 
*** RIVER *** [4d Kh Kc 2s] [4c]
Danilloo93: bets $0.19
Lorpugo: folds 
Uncalled bet ($0.19) returned to Danilloo93
Danilloo93 collected $0.25 from pot
Danilloo93: doesn't show hand 
*** SUMMARY ***
Total pot $0.26 | Rake $0.01 
Board [4d Kh Kc 2s 4c]
Seat 2: Danilloo93 collected ($0.25)
Seat 3: Lorpugo folded on the River
Seat 4: r_lucena77 (button) folded before Flop (didn't bet)
Seat 5: cucho0310 (small blind) folded before Flop
Seat 6: echnhua (big blind) folded on the Flop



PokerStars Hand #239210412711:  Hold'em No Limit ($0.01/$0.02 USD) - 2022/10/13 16:43:46 ET
Table 'Lycomedes' 6-max Seat #5 is the button
Seat 1: Edimast6 ($0.29 in chips) 
Seat 2: Danilloo93 ($2.97 in chips) 
Seat 3: Lorpugo ($1.44 in chips) 
Seat 4: r_lucena77 ($2.21 in chips) 
Seat 5: cucho0310 ($2.27 in chips) 
Seat 6: echnhua ($1.81 in chips) 
echnhua: posts small blind $0.01
Edimast6: posts big blind $0.02
*** HOLE CARDS ***
Dealt to Lorpugo [9s Ts]
Danilloo93: folds 
Lorpugo: raises $0.04 to $0.06
r_lucena77: folds 
cucho0310: folds 
echnhua: folds 
Edimast6: calls $0.04
*** FLOP *** [3s 5c 3c]
Edimast6: checks 
Lorpugo: checks 
*** TURN *** [3s 5c 3c] [Jh]
Edimast6: bets $0.06
Lorpugo: folds 
Uncalled bet ($0.06) returned to Edimast6
Edimast6 collected $0.13 from pot
Edimast6: doesn't show hand 
*** SUMMARY ***
Total pot $0.13 | Rake $0 
Board [3s 5c 3c Jh]
Seat 1: Edimast6 (big blind) collected ($0.13)
Seat 2: Danilloo93 folded before Flop (didn't bet)
Seat 3: Lorpugo folded on the Turn
Seat 4: r_lucena77 folded before Flop (didn't bet)
Seat 5: cucho0310 (button) folded before Flop (didn't bet)
Seat 6: echnhua (small blind) folded before Flop



PokerStars Hand #239210428771:  Hold'em No Limit ($0.01/$0.02 USD) - 2022/10/13 16:44:28 ET
Table 'Lycomedes' 6-max Seat #6 is the button
Seat 1: Edimast6 ($0.36 in chips) 
Seat 2: Danilloo93 ($2.97 in chips) 
Seat 3: Lorpugo ($1.38 in chips) 
Seat 4: r_lucena77 ($2.21 in chips) 
Seat 5: cucho0310 ($2.27 in chips) 
Seat 6: echnhua ($1.80 in chips) 
Edimast6: posts small blind $0.01
Danilloo93: posts big blind $0.02
*** HOLE CARDS ***
Dealt to Lorpugo [2h 4s]
Lorpugo: folds 
r_lucena77: folds 
cucho0310: folds 
echnhua: folds 
Edimast6: raises $0.04 to $0.06
Danilloo93: calls $0.04
*** FLOP *** [4h Ad 6d]
Edimast6: bets $0.06
Danilloo93: folds 
Uncalled bet ($0.06) returned to Edimast6
Edimast6 collected $0.12 from pot
Edimast6: doesn't show hand 
*** SUMMARY ***
Total pot $0.12 | Rake $0 
Board [4h Ad 6d]
Seat 1: Edimast6 (small blind) collected ($0.12)
Seat 2: Danilloo93 (big blind) folded on the Flop
Seat 3: Lorpugo folded before Flop (didn't bet)
Seat 4: r_lucena77 folded before Flop (didn't bet)
Seat 5: cucho0310 folded before Flop (didn't bet)
Seat 6: echnhua (button) folded before Flop (didn't bet)



PokerStars Hand #239210436813:  Hold'em No Limit ($0.01/$0.02 USD) - 2022/10/13 16:44:50 ET
Table 'Lycomedes' 6-max Seat #1 is the button
Seat 1: Edimast6 ($0.42 in chips) 
Seat 2: Danilloo93 ($2.91 in chips) 
Seat 3: Lorpugo ($1.38 in chips) 
Seat 4: r_lucena77 ($2.21 in chips) 
Seat 5: cucho0310 ($2.27 in chips) 
Seat 6: echnhua ($1.80 in chips) 
Danilloo93: posts small blind $0.01
Lorpugo: posts big blind $0.02
*** HOLE CARDS ***
Dealt to Lorpugo [2d 6s]
r_lucena77: folds 
cucho0310: folds 
echnhua: folds 
Edimast6: raises $0.04 to $0.06
Danilloo93: folds 
Lorpugo: folds 
Uncalled bet ($0.04) returned to Edimast6
Edimast6 collected $0.05 from pot
Edimast6: doesn't show hand 
*** SUMMARY ***
Total pot $0.05 | Rake $0 
Seat 1: Edimast6 (button) collected ($0.05)
Seat 2: Danilloo93 (small blind) folded before Flop
Seat 3: Lorpugo (big blind) folded before Flop
Seat 4: r_lucena77 folded before Flop (didn't bet)
Seat 5: cucho0310 folded before Flop (didn't bet)
Seat 6: echnhua folded before Flop (didn't bet)



PokerStars Hand #239210442610:  Hold'em No Limit ($0.01/$0.02 USD) - 2022/10/13 16:45:05 ET
Table 'Lycomedes' 6-max Seat #2 is the button
Seat 1: Edimast6 ($0.45 in chips) 
Seat 2: Danilloo93 ($2.90 in chips) 
Seat 3: Lorpugo ($1.36 in chips) 
Seat 4: r_lucena77 ($2.21 in chips) 
Seat 5: cucho0310 ($2.27 in chips) 
Seat 6: echnhua ($1.80 in chips) 
Lorpugo: posts small blind $0.01
r_lucena77: posts big blind $0.02
*** HOLE CARDS ***
Dealt to Lorpugo [Ac 2s]
cucho0310: raises $0.04 to $0.06
echnhua: folds 
Edimast6: folds 
Danilloo93: calls $0.06
Lorpugo: folds 
r_lucena77: folds 
*** FLOP *** [2d 8c 7s]
cucho0310: checks 
Danilloo93: checks 
*** TURN *** [2d 8c 7s] [5c]
cucho0310: checks 
Danilloo93: checks 
*** RIVER *** [2d 8c 7s 5c] [2c]
cucho0310: checks 
Danilloo93: checks 
*** SHOW DOWN ***
cucho0310: shows [Kh Qd] (a pair of Deuces)
Danilloo93: shows [3h 3d] (two pair, Threes and Deuces)
Danilloo93 collected $0.14 from pot
*** SUMMARY ***
Total pot $0.15 | Rake $0.01 
Board [2d 8c 7s 5c 2c]
Seat 1: Edimast6 folded before Flop (didn't bet)
Seat 2: Danilloo93 (button) showed [3h 3d] and won ($0.14) with two pair, Threes and Deuces
Seat 3: Lorpugo (small blind) folded before Flop
Seat 4: r_lucena77 (big blind) folded before Flop
Seat 5: cucho0310 showed [Kh Qd] and lost with a pair of Deuces
Seat 6: echnhua folded before Flop (didn't bet)



PokerStars Hand #239210460896:  Hold'em No Limit ($0.01/$0.02 USD) - 2022/10/13 16:45:53 ET
Table 'Lycomedes' 6-max Seat #3 is the button
Seat 1: Edimast6 ($0.45 in chips) 
Seat 2: Danilloo93 ($2.98 in chips) 
Seat 3: Lorpugo ($1.35 in chips) 
Seat 5: cucho0310 ($2.21 in chips) 
Seat 6: echnhua ($1.80 in chips) 
cucho0310: posts small blind $0.01
echnhua: posts big blind $0.02
*** HOLE CARDS ***
Dealt to Lorpugo [Jc 5c]
r_lucena77 leaves the table
Edimast6: folds 
Danilloo93: folds 
Lorpugo: folds 
cucho0310: raises $0.04 to $0.06
Takamisakary joins the table at seat #4 
echnhua: folds 
Uncalled bet ($0.04) returned to cucho0310
cucho0310 collected $0.04 from pot
*** SUMMARY ***
Total pot $0.04 | Rake $0 
Seat 1: Edimast6 folded before Flop (didn't bet)
Seat 2: Danilloo93 folded before Flop (didn't bet)
Seat 3: Lorpugo (button) folded before Flop (didn't bet)
Seat 5: cucho0310 (small blind) collected ($0.04)
Seat 6: echnhua (big blind) folded before Flop



PokerStars Hand #239210469141:  Hold'em No Limit ($0.01/$0.02 USD) - 2022/10/13 16:46:15 ET
Table 'Lycomedes' 6-max Seat #5 is the button
Seat 1: Edimast6 ($0.45 in chips) 
Seat 2: Danilloo93 ($2.98 in chips) 
Seat 3: Lorpugo ($1.35 in chips) 
Seat 5: cucho0310 ($2.23 in chips) 
Seat 6: echnhua ($1.78 in chips) 
echnhua: posts small blind $0.01
Edimast6: posts big blind $0.02
Takamisakary: sits out 
*** HOLE CARDS ***
Dealt to Lorpugo [7h 9h]
Danilloo93: folds 
Lorpugo: raises $0.04 to $0.06
cucho0310: folds 
echnhua: raises $0.14 to $0.20
Edimast6: calls $0.18
Lorpugo: folds 
*** FLOP *** [3h Ac 2c]
echnhua: bets $0.22
Edimast6: calls $0.22
*** TURN *** [3h Ac 2c] [4s]
echnhua: bets $0.04
Edimast6: calls $0.03 and is all-in
Uncalled bet ($0.01) returned to echnhua
*** RIVER *** [3h Ac 2c 4s] [As]
*** SHOW DOWN ***
echnhua: shows [8d 8h] (two pair, Aces and Eights)
Edimast6: shows [Qd Qc] (two pair, Aces and Queens)
Edimast6 collected $0.93 from pot
*** SUMMARY ***
Total pot $0.96 | Rake $0.03 
Board [3h Ac 2c 4s As]
Seat 1: Edimast6 (big blind) showed [Qd Qc] and won ($0.93) with two pair, Aces and Queens
Seat 2: Danilloo93 folded before Flop (didn't bet)
Seat 3: Lorpugo folded before Flop
Seat 5: cucho0310 (button) folded before Flop (didn't bet)
Seat 6: echnhua (small blind) showed [8d 8h] and lost with two pair, Aces and Eights



PokerStars Hand #239210486666:  Hold'em No Limit ($0.01/$0.02 USD) - 2022/10/13 16:47:01 ET
Table 'Lycomedes' 6-max Seat #6 is the button
Seat 1: Edimast6 ($0.93 in chips) 
Seat 2: Danilloo93 ($2.98 in chips) 
Seat 3: Lorpugo ($1.29 in chips) 
Seat 5: cucho0310 ($2.23 in chips) 
Seat 6: echnhua ($1.33 in chips) 
Edimast6: posts small blind $0.01
Danilloo93: posts big blind $0.02
Takamisakary: sits out 
*** HOLE CARDS ***
Dealt to Lorpugo [9h 7s]
Lorpugo: folds 
cucho0310: folds 
echnhua: folds 
Edimast6: calls $0.01
Danilloo93: checks 
*** FLOP *** [Th 8h Kh]
Edimast6: bets $0.04
Danilloo93: calls $0.04
*** TURN *** [Th 8h Kh] [Kd]
Edimast6: bets $0.06
Danilloo93: calls $0.06
*** RIVER *** [Th 8h Kh Kd] [Ts]
Edimast6: bets $0.11
Danilloo93: calls $0.11
*** SHOW DOWN ***
Edimast6: shows [9s 4s] (two pair, Kings and Tens)
Danilloo93: shows [Ah 4c] (two pair, Kings and Tens - Ace kicker)
Danilloo93 collected $0.44 from pot
*** SUMMARY ***
Total pot $0.46 | Rake $0.02 
Board [Th 8h Kh Kd Ts]
Seat 1: Edimast6 (small blind) showed [9s 4s] and lost with two pair, Kings and Tens
Seat 2: Danilloo93 (big blind) showed [Ah 4c] and won ($0.44) with two pair, Kings and Tens
Seat 3: Lorpugo folded before Flop (didn't bet)
Seat 5: cucho0310 folded before Flop (didn't bet)
Seat 6: echnhua (button) folded before Flop (didn't bet)



PokerStars Hand #239210499064:  Hold'em No Limit ($0.01/$0.02 USD) - 2022/10/13 16:47:34 ET
Table 'Lycomedes' 6-max Seat #1 is the button
Seat 1: Edimast6 ($0.70 in chips) 
Seat 2: Danilloo93 ($3.19 in chips) 
Seat 3: Lorpugo ($1.29 in chips) 
Seat 5: cucho0310 ($2.23 in chips) 
Seat 6: echnhua ($2 in chips) 
Danilloo93: posts small blind $0.01
Lorpugo: posts big blind $0.02
Takamisakary: sits out 
*** HOLE CARDS ***
Dealt to Lorpugo [Ks 2d]
cucho0310: folds 
echnhua: raises $0.03 to $0.05
Edimast6: folds 
Danilloo93: folds 
Lorpugo: folds 
Uncalled bet ($0.03) returned to echnhua
echnhua collected $0.05 from pot
echnhua: doesn't show hand 
*** SUMMARY ***
Total pot $0.05 | Rake $0 
Seat 1: Edimast6 (button) folded before Flop (didn't bet)
Seat 2: Danilloo93 (small blind) folded before Flop
Seat 3: Lorpugo (big blind) folded before Flop
Seat 5: cucho0310 folded before Flop (didn't bet)
Seat 6: echnhua collected ($0.05)



PokerStars Hand #239210505525:  Hold'em No Limit ($0.01/$0.02 USD) - 2022/10/13 16:47:51 ET
Table 'Lycomedes' 6-max Seat #2 is the button
Seat 1: Edimast6 ($0.70 in chips) 
Seat 2: Danilloo93 ($3.18 in chips) 
Seat 3: Lorpugo ($1.27 in chips) 
Seat 4: Takamisakary ($1.60 in chips) 
Seat 5: cucho0310 ($2.23 in chips) 
Seat 6: echnhua ($2.03 in chips) 
Lorpugo: posts small blind $0.01
Takamisakary: posts big blind $0.02
*** HOLE CARDS ***
Dealt to Lorpugo [5c 3d]
cucho0310: folds 
echnhua: raises $0.03 to $0.05
Edimast6: calls $0.05
Danilloo93: calls $0.05
Lorpugo: folds 
Takamisakary: folds 
*** FLOP *** [Jd Ad Th]
echnhua: bets $0.17
Edimast6: calls $0.17
Danilloo93: calls $0.17
*** TURN *** [Jd Ad Th] [9d]
echnhua: bets $0.67
Edimast6: folds 
Danilloo93: raises $2.29 to $2.96 and is all-in
echnhua: folds 
Uncalled bet ($2.29) returned to Danilloo93
Danilloo93 collected $1.96 from pot
Danilloo93: doesn't show hand 
*** SUMMARY ***
Total pot $2.03 | Rake $0.07 
Board [Jd Ad Th 9d]
Seat 1: Edimast6 folded on the Turn
Seat 2: Danilloo93 (button) collected ($1.96)
Seat 3: Lorpugo (small blind) folded before Flop
Seat 4: Takamisakary (big blind) folded before Flop
Seat 5: cucho0310 folded before Flop (didn't bet)
Seat 6: echnhua folded on the Turn



PokerStars Hand #239210523952:  Hold'em No Limit ($0.01/$0.02 USD) - 2022/10/13 16:48:40 ET
Table 'Lycomedes' 6-max Seat #3 is the button
Seat 1: Edimast6 ($0.48 in chips) 
Seat 2: Danilloo93 ($4.25 in chips) 
Seat 3: Lorpugo ($1.26 in chips) 
Seat 4: Takamisakary ($1.58 in chips) 
Seat 5: cucho0310 ($2.23 in chips) 
Seat 6: echnhua ($1.14 in chips) 
Takamisakary: posts small blind $0.01
cucho0310: posts big blind $0.02
*** HOLE CARDS ***
Dealt to Lorpugo [6h 3s]
echnhua: folds 
Edimast6: calls $0.02
Danilloo93: folds 
Lorpugo: folds 
Takamisakary: calls $0.01
cucho0310: raises $0.56 to $0.58
Edimast6: calls $0.46 and is all-in
Takamisakary: raises $1 to $1.58 and is all-in
cucho0310: calls $1
*** FLOP *** [6d Ah Ts]
*** TURN *** [6d Ah Ts] [Js]
*** RIVER *** [6d Ah Ts Js] [5d]
*** SHOW DOWN ***
Takamisakary: shows [Jc Jd] (three of a kind, Jacks)
cucho0310: shows [Kh Kc] (a pair of Kings)
Takamisakary collected $2.12 from side pot
Edimast6: shows [7s Ac] (a pair of Aces)
Takamisakary collected $1.39 from main pot
Edimast6 cashed out the hand for $0.35
*** SUMMARY ***
Total pot $3.64 Main pot $1.39. Side pot $2.12. | Rake $0.13 
Board [6d Ah Ts Js 5d]
Seat 1: Edimast6 showed [7s Ac] and lost with a pair of Aces (cashed out).
Seat 2: Danilloo93 folded before Flop (didn't bet)
Seat 3: Lorpugo (button) folded before Flop (didn't bet)
Seat 4: Takamisakary (small blind) showed [Jc Jd] and won ($3.51) with three of a kind, Jacks
Seat 5: cucho0310 (big blind) showed [Kh Kc] and lost with a pair of Kings
Seat 6: echnhua folded before Flop (didn't bet)



PokerStars Hand #239210540762:  Hold'em No Limit ($0.01/$0.02 USD) - 2022/10/13 16:49:24 ET
Table 'Lycomedes' 6-max Seat #4 is the button
Seat 1: Edimast6 ($0.35 in chips) 
Seat 2: Danilloo93 ($4.25 in chips) 
Seat 3: Lorpugo ($1.26 in chips) 
Seat 4: Takamisakary ($3.51 in chips) 
Seat 5: cucho0310 ($2 in chips) 
Seat 6: echnhua ($1.94 in chips) 
cucho0310: posts small blind $0.01
echnhua: posts big blind $0.02
*** HOLE CARDS ***
Dealt to Lorpugo [Ks 6h]
Edimast6: folds 
Danilloo93: folds 
Lorpugo: folds 
Takamisakary: calls $0.02
cucho0310: folds 
echnhua: checks 
*** FLOP *** [5h Jh 9c]
echnhua: checks 
Takamisakary: bets $0.02
echnhua: folds 
Uncalled bet ($0.02) returned to Takamisakary
Takamisakary collected $0.05 from pot
Takamisakary: doesn't show hand 
*** SUMMARY ***
Total pot $0.05 | Rake $0 
Board [5h Jh 9c]
Seat 1: Edimast6 folded before Flop (didn't bet)
Seat 2: Danilloo93 folded before Flop (didn't bet)
Seat 3: Lorpugo folded before Flop (didn't bet)
Seat 4: Takamisakary (button) collected ($0.05)
Seat 5: cucho0310 (small blind) folded before Flop
Seat 6: echnhua (big blind) folded on the Flop



PokerStars Hand #239210550413:  Hold'em No Limit ($0.01/$0.02 USD) - 2022/10/13 16:49:50 ET
Table 'Lycomedes' 6-max Seat #5 is the button
Seat 1: Edimast6 ($0.35 in chips) 
Seat 2: Danilloo93 ($4.25 in chips) 
Seat 3: Lorpugo ($1.26 in chips) 
Seat 4: Takamisakary ($3.54 in chips) 
Seat 5: cucho0310 ($2 in chips) 
Seat 6: echnhua ($1.92 in chips) 
echnhua: posts small blind $0.01
Edimast6: posts big blind $0.02
*** HOLE CARDS ***
Dealt to Lorpugo [9c 9d]
Danilloo93: folds 
Lorpugo: raises $0.04 to $0.06
Takamisakary: calls $0.06
cucho0310: folds 
echnhua: folds 
Edimast6: calls $0.04
*** FLOP *** [7h 2c 4d]
Edimast6: checks 
Lorpugo: bets $0.12
Takamisakary: raises $0.12 to $0.24
Edimast6: calls $0.24
Lorpugo: raises $0.96 to $1.20 and is all-in
Takamisakary: calls $0.96
Edimast6: calls $0.05 and is all-in
*** TURN *** [7h 2c 4d] [4c]
*** RIVER *** [7h 2c 4d 4c] [Kh]
*** SHOW DOWN ***
Lorpugo: shows [9c 9d] (two pair, Nines and Fours)
Takamisakary: shows [2h 2s] (a full house, Deuces full of Fours)
Takamisakary collected $1.76 from side pot
Edimast6: shows [Ac Td] (a pair of Fours)
Takamisakary collected $1.02 from main pot
*** SUMMARY ***
Total pot $2.88 Main pot $1.02. Side pot $1.76. | Rake $0.10 
Board [7h 2c 4d 4c Kh]
Seat 1: Edimast6 (big blind) showed [Ac Td] and lost with a pair of Fours
Seat 2: Danilloo93 folded before Flop (didn't bet)
Seat 3: Lorpugo showed [9c 9d] and lost with two pair, Nines and Fours
Seat 4: Takamisakary showed [2h 2s] and won ($2.78) with a full house, Deuces full of Fours
Seat 5: cucho0310 (button) folded before Flop (didn't bet)
Seat 6: echnhua (small blind) folded before Flop



PokerStars Hand #239210583735:  Hold'em No Limit ($0.01/$0.02 USD) - 2022/10/13 16:51:19 ET
Table 'Lycomedes' 6-max Seat #4 is the button
Seat 2: Danilloo93 ($4.24 in chips) 
Seat 3: Lorpugo ($1.72 in chips) 
Seat 4: Takamisakary ($5.03 in chips) 
Seat 5: cucho0310 ($2.01 in chips) 
Seat 6: echnhua ($1.94 in chips) 
cucho0310: posts small blind $0.01
echnhua: posts big blind $0.02
Lorpugo: posts small & big blinds $0.03
*** HOLE CARDS ***
Dealt to Lorpugo [3c 7h]
Danilloo93: folds 
Lorpugo: checks 
Takamisakary: calls $0.02
cucho0310: folds 
echnhua: checks 
*** FLOP *** [Tc Td 3s]
echnhua: bets $0.04
Lorpugo: folds 
Takamisakary: calls $0.04
*** TURN *** [Tc Td 3s] [Kd]
echnhua: checks 
Takamisakary: checks 
*** RIVER *** [Tc Td 3s Kd] [Kc]
echnhua: checks 
Takamisakary: checks 
*** SHOW DOWN ***
echnhua: shows [Jc Ac] (two pair, Kings and Tens)
Takamisakary: mucks hand 
echnhua collected $0.15 from pot
*** SUMMARY ***
Total pot $0.16 | Rake $0.01 
Board [Tc Td 3s Kd Kc]
Seat 2: Danilloo93 folded before Flop (didn't bet)
Seat 3: Lorpugo folded on the Flop (didn't bet)
Seat 4: Takamisakary (button) mucked [Qs Js]
Seat 5: cucho0310 (small blind) folded before Flop
Seat 6: echnhua (big blind) showed [Jc Ac] and won ($0.15) with two pair, Kings and Tens



PokerStars Hand #239210612226:  Hold'em No Limit ($0.01/$0.02 USD) - 2022/10/13 16:52:35 ET
Table 'Lycomedes' 6-max Seat #5 is the button
Seat 2: Danilloo93 ($4.24 in chips) 
Seat 3: Lorpugo ($1.69 in chips) 
Seat 4: Takamisakary ($4.97 in chips) 
Seat 5: cucho0310 ($2 in chips) 
Seat 6: echnhua ($2.03 in chips) 
echnhua: posts small blind $0.01
Danilloo93: posts big blind $0.02
*** HOLE CARDS ***
Dealt to Lorpugo [3d 7h]
Lorpugo: folds 
Takamisakary: folds 
cucho0310: folds 
echnhua: raises $0.03 to $0.05
Danilloo93: folds 
Uncalled bet ($0.03) returned to echnhua
echnhua collected $0.04 from pot
echnhua: doesn't show hand 
*** SUMMARY ***
Total pot $0.04 | Rake $0 
Seat 2: Danilloo93 (big blind) folded before Flop
Seat 3: Lorpugo folded before Flop (didn't bet)
Seat 4: Takamisakary folded before Flop (didn't bet)
Seat 5: cucho0310 (button) folded before Flop (didn't bet)
Seat 6: echnhua (small blind) collected ($0.04)



PokerStars Hand #239210618531:  Hold'em No Limit ($0.01/$0.02 USD) - 2022/10/13 16:52:52 ET
Table 'Lycomedes' 6-max Seat #6 is the button
Seat 2: Danilloo93 ($4.22 in chips) 
Seat 3: Lorpugo ($1.69 in chips) 
Seat 4: Takamisakary ($4.97 in chips) 
Seat 5: cucho0310 ($2 in chips) 
Seat 6: echnhua ($2.05 in chips) 
Danilloo93: posts small blind $0.01
Lorpugo: posts big blind $0.02
*** HOLE CARDS ***
Dealt to Lorpugo [9s 4c]
Takamisakary: raises $0.02 to $0.04
cucho0310: calls $0.04
echnhua: folds 
Danilloo93: calls $0.03
Lorpugo: folds 
*** FLOP *** [7d 6h 9d]
cono 18 joins the table at seat #1 
Danilloo93: checks 
Takamisakary: checks 
cucho0310: checks 
*** TURN *** [7d 6h 9d] [3h]
Danilloo93: checks 
Takamisakary: checks 
cucho0310: checks 
*** RIVER *** [7d 6h 9d 3h] [Kc]
Danilloo93: checks 
Takamisakary: checks 
cucho0310: checks 
*** SHOW DOWN ***
Danilloo93: shows [6s 4s] (a pair of Sixes)
Takamisakary: shows [Tc Ts] (a pair of Tens)
cucho0310: mucks hand 
Takamisakary collected $0.14 from pot
*** SUMMARY ***
Total pot $0.14 | Rake $0 
Board [7d 6h 9d 3h Kc]
Seat 2: Danilloo93 (small blind) showed [6s 4s] and lost with a pair of Sixes
Seat 3: Lorpugo (big blind) folded before Flop
Seat 4: Takamisakary showed [Tc Ts] and won ($0.14) with a pair of Tens
Seat 5: cucho0310 mucked [Ac 5c]
Seat 6: echnhua (button) folded before Flop (didn't bet)



PokerStars Hand #239210636748:  Hold'em No Limit ($0.01/$0.02 USD) - 2022/10/13 16:53:40 ET
Table 'Lycomedes' 6-max Seat #2 is the button
Seat 2: Danilloo93 ($4.18 in chips) 
Seat 3: Lorpugo ($1.67 in chips) 
Seat 4: Takamisakary ($5.07 in chips) 
Seat 5: cucho0310 ($2 in chips) 
Seat 6: echnhua ($2.05 in chips) 
Lorpugo: posts small blind $0.01
Takamisakary: posts big blind $0.02
cono 18: sits out 
*** HOLE CARDS ***
Dealt to Lorpugo [8c Ac]
cucho0310: raises $0.04 to $0.06
echnhua: folds 
Danilloo93: folds 
Lorpugo: calls $0.05
Takamisakary: folds 
*** FLOP *** [Qh 8s 5d]
Lorpugo: bets $0.09
cucho0310: folds 
Uncalled bet ($0.09) returned to Lorpugo
Lorpugo collected $0.14 from pot
Lorpugo: doesn't show hand 
*** SUMMARY ***
Total pot $0.14 | Rake $0 
Board [Qh 8s 5d]
Seat 2: Danilloo93 (button) folded before Flop (didn't bet)
Seat 3: Lorpugo (small blind) collected ($0.14)
Seat 4: Takamisakary (big blind) folded before Flop
Seat 5: cucho0310 folded on the Flop
Seat 6: echnhua folded before Flop (didn't bet)



PokerStars Hand #239210651564:  Hold'em No Limit ($0.01/$0.02 USD) - 2022/10/13 16:54:20 ET
Table 'Lycomedes' 6-max Seat #3 is the button
Seat 2: Danilloo93 ($4.18 in chips) 
Seat 3: Lorpugo ($1.75 in chips) 
Seat 4: Takamisakary ($5.05 in chips) 
Seat 5: cucho0310 ($2 in chips) 
Seat 6: echnhua ($2.05 in chips) 
Takamisakary: posts small blind $0.01
cucho0310: posts big blind $0.02
cono 18: sits out 
*** HOLE CARDS ***
Dealt to Lorpugo [6s Jc]
echnhua: folds 
Danilloo93: folds 
Lorpugo: folds 
Takamisakary: raises $0.02 to $0.04
cucho0310: raises $0.14 to $0.18
Takamisakary: calls $0.14
*** FLOP *** [6h Js 7s]
Takamisakary: bets $0.17
cucho0310: calls $0.17
*** TURN *** [6h Js 7s] [2h]
Takamisakary: checks 
cucho0310: checks 
*** RIVER *** [6h Js 7s 2h] [5c]
Takamisakary: checks 
cucho0310: checks 
*** SHOW DOWN ***
Takamisakary: shows [Jh Kd] (a pair of Jacks)
cucho0310: mucks hand 
Takamisakary collected $0.68 from pot
*** SUMMARY ***
Total pot $0.70 | Rake $0.02 
Board [6h Js 7s 2h 5c]
Seat 2: Danilloo93 folded before Flop (didn't bet)
Seat 3: Lorpugo (button) folded before Flop (didn't bet)
Seat 4: Takamisakary (small blind) showed [Jh Kd] and won ($0.68) with a pair of Jacks
Seat 5: cucho0310 (big blind) mucked [Ah 8h]
Seat 6: echnhua folded before Flop (didn't bet)



PokerStars Hand #239210669006:  Hold'em No Limit ($0.01/$0.02 USD) - 2022/10/13 16:55:08 ET
Table 'Lycomedes' 6-max Seat #4 is the button
Seat 2: Danilloo93 ($4.18 in chips) 
Seat 3: Lorpugo ($1.75 in chips) 
Seat 4: Takamisakary ($5.38 in chips) 
Seat 5: cucho0310 ($2 in chips) 
Seat 6: echnhua ($2.05 in chips) 
cucho0310: posts small blind $0.01
echnhua: posts big blind $0.02
cono 18: sits out 
*** HOLE CARDS ***
Dealt to Lorpugo [3s 2s]
Danilloo93: folds 
Lorpugo: folds 
Takamisakary: folds 
cucho0310: raises $0.04 to $0.06
echnhua: raises $0.12 to $0.18
cucho0310: calls $0.12
*** FLOP *** [9s 2h 7d]
cucho0310: checks 
echnhua: bets $0.14
cucho0310: folds 
Uncalled bet ($0.14) returned to echnhua
echnhua collected $0.35 from pot
echnhua: doesn't show hand 
*** SUMMARY ***
Total pot $0.36 | Rake $0.01 
Board [9s 2h 7d]
Seat 2: Danilloo93 folded before Flop (didn't bet)
Seat 3: Lorpugo folded before Flop (didn't bet)
Seat 4: Takamisakary (button) folded before Flop (didn't bet)
Seat 5: cucho0310 (small blind) folded on the Flop
Seat 6: echnhua (big blind) collected ($0.35)



PokerStars Hand #239210677392:  Hold'em No Limit ($0.01/$0.02 USD) - 2022/10/13 16:55:38 ET
Table 'Lycomedes' 6-max Seat #5 is the button
Seat 1: cono 18 ($2 in chips) 
Seat 2: Danilloo93 ($4.18 in chips) 
Seat 3: Lorpugo ($1.75 in chips) 
Seat 4: Takamisakary ($5.38 in chips) 
Seat 5: cucho0310 ($2 in chips) 
Seat 6: echnhua ($2.22 in chips) 
echnhua: posts small blind $0.01
cono 18: posts big blind $0.02
*** HOLE CARDS ***
Dealt to Lorpugo [9d 7s]
Danilloo93: folds 
Lorpugo: folds 
Takamisakary: raises $0.06 to $0.08
cucho0310: folds 
echnhua: calls $0.07
cono 18: folds 
*** FLOP *** [3s 2h 8d]
echnhua: checks 
Takamisakary: checks 
*** TURN *** [3s 2h 8d] [9c]
echnhua: checks 
Takamisakary: checks 
*** RIVER *** [3s 2h 8d 9c] [Kc]
echnhua: checks 
Takamisakary: bets $0.17
echnhua: folds 
Uncalled bet ($0.17) returned to Takamisakary
Takamisakary collected $0.17 from pot
Takamisakary: doesn't show hand 
*** SUMMARY ***
Total pot $0.18 | Rake $0.01 
Board [3s 2h 8d 9c Kc]
Seat 1: cono 18 (big blind) folded before Flop
Seat 2: Danilloo93 folded before Flop (didn't bet)
Seat 3: Lorpugo folded before Flop (didn't bet)
Seat 4: Takamisakary collected ($0.17)
Seat 5: cucho0310 (button) folded before Flop (didn't bet)
Seat 6: echnhua (small blind) folded on the River



PokerStars Hand #239210690968:  Hold'em No Limit ($0.01/$0.02 USD) - 2022/10/13 16:56:25 ET
Table 'Lycomedes' 6-max Seat #6 is the button
Seat 1: cono 18 ($1.98 in chips) 
Seat 2: Danilloo93 ($4.18 in chips) 
Seat 3: Lorpugo ($1.75 in chips) 
Seat 4: Takamisakary ($5.47 in chips) 
Seat 5: cucho0310 ($2 in chips) 
Seat 6: echnhua ($2.14 in chips) 
cono 18: posts small blind $0.01
Danilloo93: posts big blind $0.02
*** HOLE CARDS ***
Dealt to Lorpugo [Jh 5s]
Lorpugo: folds 
Takamisakary: calls $0.02
cucho0310: folds 
echnhua: folds 
cono 18: folds 
Danilloo93: checks 
*** FLOP *** [Qs Qd 8s]
Danilloo93: checks 
Takamisakary: checks 
*** TURN *** [Qs Qd 8s] [Jd]
Danilloo93: checks 
Takamisakary: checks 
*** RIVER *** [Qs Qd 8s Jd] [6c]
Danilloo93: checks 
Takamisakary: checks 
*** SHOW DOWN ***
Danilloo93: shows [Tc Js] (two pair, Queens and Jacks)
Takamisakary: mucks hand 
Danilloo93 collected $0.05 from pot
*** SUMMARY ***
Total pot $0.05 | Rake $0 
Board [Qs Qd 8s Jd 6c]
Seat 1: cono 18 (small blind) folded before Flop
Seat 2: Danilloo93 (big blind) showed [Tc Js] and won ($0.05) with two pair, Queens and Jacks
Seat 3: Lorpugo folded before Flop (didn't bet)
Seat 4: Takamisakary mucked [9h Kd]
Seat 5: cucho0310 folded before Flop (didn't bet)
Seat 6: echnhua (button) folded before Flop (didn't bet)



PokerStars Hand #239210700898:  Hold'em No Limit ($0.01/$0.02 USD) - 2022/10/13 16:57:00 ET
Table 'Lycomedes' 6-max Seat #1 is the button
Seat 1: cono 18 ($2 in chips) 
Seat 2: Danilloo93 ($4.21 in chips) 
Seat 3: Lorpugo ($1.75 in chips) 
Seat 4: Takamisakary ($5.45 in chips) 
Seat 5: cucho0310 ($2 in chips) 
Seat 6: echnhua ($2.14 in chips) 
Danilloo93: posts small blind $0.01
Lorpugo: posts big blind $0.02
*** HOLE CARDS ***
Dealt to Lorpugo [3h Th]
Takamisakary: folds 
cucho0310: folds 
echnhua: raises $0.03 to $0.05
cono 18: folds 
Danilloo93: folds 
Lorpugo: folds 
Uncalled bet ($0.03) returned to echnhua
echnhua collected $0.05 from pot
echnhua: doesn't show hand 
*** SUMMARY ***
Total pot $0.05 | Rake $0 
Seat 1: cono 18 (button) folded before Flop (didn't bet)
Seat 2: Danilloo93 (small blind) folded before Flop
Seat 3: Lorpugo (big blind) folded before Flop
Seat 4: Takamisakary folded before Flop (didn't bet)
Seat 5: cucho0310 folded before Flop (didn't bet)
Seat 6: echnhua collected ($0.05)



PokerStars Hand #239210706740:  Hold'em No Limit ($0.01/$0.02 USD) - 2022/10/13 16:57:21 ET
Table 'Lycomedes' 6-max Seat #2 is the button
Seat 1: cono 18 ($2 in chips) 
Seat 2: Danilloo93 ($4.20 in chips) 
Seat 3: Lorpugo ($1.73 in chips) 
Seat 5: cucho0310 ($2 in chips) 
Seat 6: echnhua ($2.17 in chips) 
Lorpugo: posts small blind $0.01
cucho0310: posts big blind $0.02
*** HOLE CARDS ***
Dealt to Lorpugo [Tc 6d]
echnhua: folds 
cono 18: folds 
Danilloo93: folds 
Lorpugo: folds 
Uncalled bet ($0.01) returned to cucho0310
cucho0310 collected $0.02 from pot
*** SUMMARY ***
Total pot $0.02 | Rake $0 
Seat 1: cono 18 folded before Flop (didn't bet)
Seat 2: Danilloo93 (button) folded before Flop (didn't bet)
Seat 3: Lorpugo (small blind) folded before Flop
Seat 5: cucho0310 (big blind) collected ($0.02)
Seat 6: echnhua folded before Flop (didn't bet)



PokerStars Hand #239210710894:  Hold'em No Limit ($0.01/$0.02 USD) - 2022/10/13 16:57:35 ET
Table 'Lycomedes' 6-max Seat #3 is the button
Seat 1: cono 18 ($2 in chips) 
Seat 2: Danilloo93 ($4.20 in chips) 
Seat 3: Lorpugo ($1.72 in chips) 
Seat 5: cucho0310 ($2.01 in chips) 
Seat 6: echnhua ($2.17 in chips) 
cucho0310: posts small blind $0.01
echnhua: posts big blind $0.02
*** HOLE CARDS ***
Dealt to Lorpugo [Kd 8s]
cono 18: folds 
Danilloo93: folds 
Lorpugo: raises $0.04 to $0.06
cucho0310: folds 
echnhua: folds 
Uncalled bet ($0.04) returned to Lorpugo
Lorpugo collected $0.05 from pot
Lorpugo: doesn't show hand 
*** SUMMARY ***
Total pot $0.05 | Rake $0 
Seat 1: cono 18 folded before Flop (didn't bet)
Seat 2: Danilloo93 folded before Flop (didn't bet)
Seat 3: Lorpugo (button) collected ($0.05)
Seat 5: cucho0310 (small blind) folded before Flop
Seat 6: echnhua (big blind) folded before Flop



PokerStars Hand #239210716234:  Hold'em No Limit ($0.01/$0.02 USD) - 2022/10/13 16:57:54 ET
Table 'Lycomedes' 6-max Seat #5 is the button
Seat 1: cono 18 ($2 in chips) 
Seat 2: Danilloo93 ($4.20 in chips) 
Seat 3: Lorpugo ($1.75 in chips) 
Seat 5: cucho0310 ($2 in chips) 
Seat 6: echnhua ($2.15 in chips) 
echnhua: posts small blind $0.01
cono 18: posts big blind $0.02
*** HOLE CARDS ***
Dealt to Lorpugo [7c Ts]
Danilloo93: folds 
Lorpugo: folds 
cucho0310: folds 
echnhua: folds 
Uncalled bet ($0.01) returned to cono 18
cono 18 collected $0.02 from pot
cono 18: doesn't show hand 
*** SUMMARY ***
Total pot $0.02 | Rake $0 
Seat 1: cono 18 (big blind) collected ($0.02)
Seat 2: Danilloo93 folded before Flop (didn't bet)
Seat 3: Lorpugo folded before Flop (didn't bet)
Seat 5: cucho0310 (button) folded before Flop (didn't bet)
Seat 6: echnhua (small blind) folded before Flop



PokerStars Hand #239210720156:  Hold'em No Limit ($0.01/$0.02 USD) - 2022/10/13 16:58:08 ET
Table 'Lycomedes' 6-max Seat #6 is the button
Seat 1: cono 18 ($2.01 in chips) 
Seat 2: Danilloo93 ($4.20 in chips) 
Seat 3: Lorpugo ($1.75 in chips) 
Seat 5: cucho0310 ($2 in chips) 
Seat 6: echnhua ($2.14 in chips) 
cono 18: posts small blind $0.01
Danilloo93: posts big blind $0.02
*** HOLE CARDS ***
Dealt to Lorpugo [2c 3s]
Lorpugo: folds 
cucho0310: folds 
echnhua: folds 
cono 18: folds 
Uncalled bet ($0.01) returned to Danilloo93
Danilloo93 collected $0.02 from pot
Danilloo93: doesn't show hand 
*** SUMMARY ***
Total pot $0.02 | Rake $0 
Seat 1: cono 18 (small blind) folded before Flop
Seat 2: Danilloo93 (big blind) collected ($0.02)
Seat 3: Lorpugo folded before Flop (didn't bet)
Seat 5: cucho0310 folded before Flop (didn't bet)
Seat 6: echnhua (button) folded before Flop (didn't bet)



PokerStars Hand #239210724318:  Hold'em No Limit ($0.01/$0.02 USD) - 2022/10/13 16:58:23 ET
Table 'Lycomedes' 6-max Seat #1 is the button
Seat 1: cono 18 ($2 in chips) 
Seat 2: Danilloo93 ($4.21 in chips) 
Seat 3: Lorpugo ($1.75 in chips) 
Seat 5: cucho0310 ($2 in chips) 
Seat 6: echnhua ($2.14 in chips) 
Danilloo93: posts small blind $0.01
Lorpugo: posts big blind $0.02
*** HOLE CARDS ***
Dealt to Lorpugo [Jh Th]
cucho0310: folds 
echnhua: raises $0.03 to $0.05
cono 18: folds 
Danilloo93: folds 
Lorpugo: calls $0.03
*** FLOP *** [4h Ts 6h]
Lorpugo: checks 
echnhua: bets $0.04
Lorpugo: raises $0.10 to $0.14
echnhua: folds 
Uncalled bet ($0.10) returned to Lorpugo
Lorpugo collected $0.18 from pot
Lorpugo: doesn't show hand 
*** SUMMARY ***
Total pot $0.19 | Rake $0.01 
Board [4h Ts 6h]
Seat 1: cono 18 (button) folded before Flop (didn't bet)
Seat 2: Danilloo93 (small blind) folded before Flop
Seat 3: Lorpugo (big blind) collected ($0.18)
Seat 5: cucho0310 folded before Flop (didn't bet)
Seat 6: echnhua folded on the Flop



PokerStars Hand #239210733001:  Hold'em No Limit ($0.01/$0.02 USD) - 2022/10/13 16:58:53 ET
Table 'Lycomedes' 6-max Seat #2 is the button
Seat 1: cono 18 ($2 in chips) 
Seat 2: Danilloo93 ($4.20 in chips) 
Seat 3: Lorpugo ($1.84 in chips) 
Seat 5: cucho0310 ($2 in chips) 
Seat 6: echnhua ($2.05 in chips) 
Lorpugo: posts small blind $0.01
cucho0310: posts big blind $0.02
*** HOLE CARDS ***
Dealt to Lorpugo [6d 4d]
echnhua: folds 
cono 18: raises $0.04 to $0.06
Danilloo93: folds 
Lorpugo: folds 
cucho0310: calls $0.04
*** FLOP *** [3h 4h Jd]
cucho0310: checks 
cono 18: bets $0.07
cucho0310: calls $0.07
*** TURN *** [3h 4h Jd] [Kc]
cucho0310: checks 
cono 18: bets $0.20
cucho0310: folds 
Uncalled bet ($0.20) returned to cono 18
cono 18 collected $0.26 from pot
cono 18: doesn't show hand 
*** SUMMARY ***
Total pot $0.27 | Rake $0.01 
Board [3h 4h Jd Kc]
Seat 1: cono 18 collected ($0.26)
Seat 2: Danilloo93 (button) folded before Flop (didn't bet)
Seat 3: Lorpugo (small blind) folded before Flop
Seat 5: cucho0310 (big blind) folded on the Turn
Seat 6: echnhua folded before Flop (didn't bet)



PokerStars Hand #239210744857:  Hold'em No Limit ($0.01/$0.02 USD) - 2022/10/13 16:59:34 ET
Table 'Lycomedes' 6-max Seat #3 is the button
Seat 1: cono 18 ($2.13 in chips) 
Seat 2: Danilloo93 ($4.20 in chips) 
Seat 3: Lorpugo ($1.83 in chips) 
Seat 5: cucho0310 ($2 in chips) 
Seat 6: echnhua ($2.05 in chips) 
cucho0310: posts small blind $0.01
echnhua: posts big blind $0.02
*** HOLE CARDS ***
Dealt to Lorpugo [5h 2h]
cono 18: folds 
Danilloo93: folds 
Lorpugo: folds 
cucho0310: folds 
Uncalled bet ($0.01) returned to echnhua
echnhua collected $0.02 from pot
echnhua: doesn't show hand 
*** SUMMARY ***
Total pot $0.02 | Rake $0 
Seat 1: cono 18 folded before Flop (didn't bet)
Seat 2: Danilloo93 folded before Flop (didn't bet)
Seat 3: Lorpugo (button) folded before Flop (didn't bet)
Seat 5: cucho0310 (small blind) folded before Flop
Seat 6: echnhua (big blind) collected ($0.02)



PokerStars Hand #239210747423:  Hold'em No Limit ($0.01/$0.02 USD) - 2022/10/13 16:59:43 ET
Table 'Lycomedes' 6-max Seat #5 is the button
Seat 1: cono 18 ($2.13 in chips) 
Seat 2: Danilloo93 ($4.20 in chips) 
Seat 3: Lorpugo ($1.83 in chips) 
Seat 4: Takamisakary ($5.45 in chips) 
Seat 5: cucho0310 ($2 in chips) 
Seat 6: echnhua ($2.06 in chips) 
echnhua: posts small blind $0.01
cono 18: posts big blind $0.02
Takamisakary: posts small & big blinds $0.03
*** HOLE CARDS ***
Dealt to Lorpugo [3c 2d]
Danilloo93: raises $0.06 to $0.08
Lorpugo: folds 
Takamisakary: folds 
cucho0310: folds 
echnhua: folds 
cono 18: calls $0.06
*** FLOP *** [8h 3s 5h]
cono 18: checks 
Danilloo93: bets $0.10
cono 18: calls $0.10
*** TURN *** [8h 3s 5h] [2h]
cono 18: checks 
Danilloo93: bets $0.22
cono 18: calls $0.22
*** RIVER *** [8h 3s 5h 2h] [Qd]
cono 18: checks 
Danilloo93: checks 
*** SHOW DOWN ***
cono 18: shows [Ac 8c] (a pair of Eights)
Danilloo93: mucks hand 
cono 18 collected $0.81 from pot
*** SUMMARY ***
Total pot $0.84 | Rake $0.03 
Board [8h 3s 5h 2h Qd]
Seat 1: cono 18 (big blind) showed [Ac 8c] and won ($0.81) with a pair of Eights
Seat 2: Danilloo93 mucked [Js Ah]
Seat 3: Lorpugo folded before Flop (didn't bet)
Seat 4: Takamisakary folded before Flop (didn't bet)
Seat 5: cucho0310 (button) folded before Flop (didn't bet)
Seat 6: echnhua (small blind) folded before Flop



PokerStars Hand #239210767132:  Hold'em No Limit ($0.01/$0.02 USD) - 2022/10/13 17:00:47 ET
Table 'Lycomedes' 6-max Seat #6 is the button
Seat 1: cono 18 ($2.54 in chips) 
Seat 2: Danilloo93 ($3.80 in chips) 
Seat 3: Lorpugo ($1.83 in chips) 
Seat 4: Takamisakary ($5.42 in chips) 
Seat 5: cucho0310 ($2 in chips) 
Seat 6: echnhua ($2.05 in chips) 
cono 18: posts small blind $0.01
Danilloo93: posts big blind $0.02
*** HOLE CARDS ***
Dealt to Lorpugo [Kd Js]
Lorpugo: folds 
Takamisakary: folds 
cucho0310: folds 
echnhua: folds 
cono 18: folds 
Uncalled bet ($0.01) returned to Danilloo93
Danilloo93 collected $0.02 from pot
Danilloo93: doesn't show hand 
*** SUMMARY ***
Total pot $0.02 | Rake $0 
Seat 1: cono 18 (small blind) folded before Flop
Seat 2: Danilloo93 (big blind) collected ($0.02)
Seat 3: Lorpugo folded before Flop (didn't bet)
Seat 4: Takamisakary folded before Flop (didn't bet)
Seat 5: cucho0310 folded before Flop (didn't bet)
Seat 6: echnhua (button) folded before Flop (didn't bet)



PokerStars Hand #239210770921:  Hold'em No Limit ($0.01/$0.02 USD) - 2022/10/13 17:00:59 ET
Table 'Lycomedes' 6-max Seat #1 is the button
Seat 1: cono 18 ($2.53 in chips) 
Seat 2: Danilloo93 ($3.81 in chips) 
Seat 3: Lorpugo ($1.83 in chips) 
Seat 4: Takamisakary ($5.42 in chips) 
Seat 5: cucho0310 ($2 in chips) 
Seat 6: echnhua ($2.05 in chips) 
Danilloo93: posts small blind $0.01
Lorpugo: posts big blind $0.02
*** HOLE CARDS ***
Dealt to Lorpugo [6c 3s]
Takamisakary: folds 
cucho0310: folds 
echnhua: folds 
cono 18: raises $0.04 to $0.06
Danilloo93: folds 
Lorpugo: folds 
Uncalled bet ($0.04) returned to cono 18
cono 18 collected $0.05 from pot
cono 18: doesn't show hand 
*** SUMMARY ***
Total pot $0.05 | Rake $0 
Seat 1: cono 18 (button) collected ($0.05)
Seat 2: Danilloo93 (small blind) folded before Flop
Seat 3: Lorpugo (big blind) folded before Flop
Seat 4: Takamisakary folded before Flop (didn't bet)
Seat 5: cucho0310 folded before Flop (didn't bet)
Seat 6: echnhua folded before Flop (didn't bet)



PokerStars Hand #239210777985:  Hold'em No Limit ($0.01/$0.02 USD) - 2022/10/13 17:01:19 ET
Table 'Lycomedes' 6-max Seat #2 is the button
Seat 1: cono 18 ($2.56 in chips) 
Seat 2: Danilloo93 ($3.80 in chips) 
Seat 3: Lorpugo ($1.81 in chips) 
Seat 4: Takamisakary ($5.42 in chips) 
Seat 5: cucho0310 ($2 in chips) 
Seat 6: echnhua ($2.05 in chips) 
Lorpugo: posts small blind $0.01
Takamisakary: posts big blind $0.02
*** HOLE CARDS ***
Dealt to Lorpugo [5h Ad]
cucho0310: folds 
echnhua: raises $0.03 to $0.05
cono 18: folds 
Danilloo93: folds 
Lorpugo: calls $0.04
Takamisakary: folds 
*** FLOP *** [Kh Qh 8h]
Lorpugo: checks 
echnhua: checks 
*** TURN *** [Kh Qh 8h] [5d]
Lorpugo: bets $0.06
echnhua: raises $0.10 to $0.16
Lorpugo: calls $0.10
*** RIVER *** [Kh Qh 8h 5d] [8s]
Lorpugo: checks 
echnhua: checks 
*** SHOW DOWN ***
Lorpugo: shows [5h Ad] (two pair, Eights and Fives)
echnhua: shows [5c Qc] (two pair, Queens and Eights)
echnhua collected $0.42 from pot
*** SUMMARY ***
Total pot $0.44 | Rake $0.02 
Board [Kh Qh 8h 5d 8s]
Seat 1: cono 18 folded before Flop (didn't bet)
Seat 2: Danilloo93 (button) folded before Flop (didn't bet)
Seat 3: Lorpugo (small blind) showed [5h Ad] and lost with two pair, Eights and Fives
Seat 4: Takamisakary (big blind) folded before Flop
Seat 5: cucho0310 folded before Flop (didn't bet)
Seat 6: echnhua showed [5c Qc] and won ($0.42) with two pair, Queens and Eights



PokerStars Hand #239210801895:  Hold'em No Limit ($0.01/$0.02 USD) - 2022/10/13 17:02:23 ET
Table 'Lycomedes' 6-max Seat #3 is the button
Seat 1: cono 18 ($2.56 in chips) 
Seat 2: Danilloo93 ($3.80 in chips) 
Seat 3: Lorpugo ($1.60 in chips) 
Seat 4: Takamisakary ($5.40 in chips) 
Seat 5: cucho0310 ($2 in chips) 
Seat 6: echnhua ($2.26 in chips) 
Takamisakary: posts small blind $0.01
cucho0310: posts big blind $0.02
*** HOLE CARDS ***
Dealt to Lorpugo [5c 5s]
echnhua: folds 
cono 18: folds 
Danilloo93: raises $0.03 to $0.05
Lorpugo: calls $0.05
Takamisakary: calls $0.04
cucho0310: calls $0.03
*** FLOP *** [3h 2h 6d]
Takamisakary: bets $0.19
cucho0310: calls $0.19
Danilloo93: folds 
Lorpugo: folds 
*** TURN *** [3h 2h 6d] [Ad]
Takamisakary: checks 
cucho0310: checks 
*** RIVER *** [3h 2h 6d Ad] [2s]
Takamisakary: checks 
cucho0310: checks 
*** SHOW DOWN ***
Takamisakary: shows [7d 7s] (two pair, Sevens and Deuces)
cucho0310: mucks hand 
Takamisakary collected $0.56 from pot
*** SUMMARY ***
Total pot $0.58 | Rake $0.02 
Board [3h 2h 6d Ad 2s]
Seat 1: cono 18 folded before Flop (didn't bet)
Seat 2: Danilloo93 folded on the Flop
Seat 3: Lorpugo (button) folded on the Flop
Seat 4: Takamisakary (small blind) showed [7d 7s] and won ($0.56) with two pair, Sevens and Deuces
Seat 5: cucho0310 (big blind) mucked [6h 7c]
Seat 6: echnhua folded before Flop (didn't bet)



PokerStars Hand #239210825466:  Hold'em No Limit ($0.01/$0.02 USD) - 2022/10/13 17:03:26 ET
Table 'Lycomedes' 6-max Seat #4 is the button
Seat 1: cono 18 ($2.56 in chips) 
Seat 2: Danilloo93 ($3.75 in chips) 
Seat 3: Lorpugo ($1.55 in chips) 
Seat 4: Takamisakary ($5.72 in chips) 
Seat 5: cucho0310 ($2 in chips) 
cucho0310: posts small blind $0.01
echnhua: is sitting out 
echnhua leaves the table
cono 18: posts big blind $0.02
*** HOLE CARDS ***
Dealt to Lorpugo [2d Js]
Danilloo93: folds 
Lorpugo: folds 
Takamisakary: calls $0.02
4oAses joins the table at seat #6 
cucho0310: folds 
cono 18: checks 
*** FLOP *** [7h Td 8h]
cono 18: checks 
Takamisakary: bets $0.05
cono 18: folds 
Uncalled bet ($0.05) returned to Takamisakary
Takamisakary collected $0.05 from pot
Takamisakary: doesn't show hand 
*** SUMMARY ***
Total pot $0.05 | Rake $0 
Board [7h Td 8h]
Seat 1: cono 18 (big blind) folded on the Flop
Seat 2: Danilloo93 folded before Flop (didn't bet)
Seat 3: Lorpugo folded before Flop (didn't bet)
Seat 4: Takamisakary (button) collected ($0.05)
Seat 5: cucho0310 (small blind) folded before Flop



PokerStars Hand #239210837195:  Hold'em No Limit ($0.01/$0.02 USD) - 2022/10/13 17:03:57 ET
Table 'Lycomedes' 6-max Seat #5 is the button
Seat 1: cono 18 ($2.54 in chips) 
Seat 2: Danilloo93 ($3.75 in chips) 
Seat 3: Lorpugo ($1.55 in chips) 
Seat 4: Takamisakary ($5.75 in chips) 
Seat 5: cucho0310 ($2 in chips) 
cono 18: posts small blind $0.01
Danilloo93: posts big blind $0.02
*** HOLE CARDS ***
Dealt to Lorpugo [Qd Qh]
Lorpugo: raises $0.02 to $0.04
Takamisakary: calls $0.04
cucho0310: folds 
cono 18: calls $0.03
Danilloo93: folds 
*** FLOP *** [7d 9h Ac]
cono 18: checks 
Lorpugo: bets $0.03
Takamisakary: folds 
cono 18: folds 
Uncalled bet ($0.03) returned to Lorpugo
Lorpugo collected $0.14 from pot
Lorpugo: doesn't show hand 
*** SUMMARY ***
Total pot $0.14 | Rake $0 
Board [7d 9h Ac]
Seat 1: cono 18 (small blind) folded on the Flop
Seat 2: Danilloo93 (big blind) folded before Flop
Seat 3: Lorpugo collected ($0.14)
Seat 4: Takamisakary folded on the Flop
Seat 5: cucho0310 (button) folded before Flop (didn't bet)



PokerStars Hand #239210850144:  Hold'em No Limit ($0.01/$0.02 USD) - 2022/10/13 17:04:31 ET
Table 'Lycomedes' 6-max Seat #1 is the button
Seat 1: cono 18 ($2.50 in chips) 
Seat 2: Danilloo93 ($3.73 in chips) 
Seat 3: Lorpugo ($1.65 in chips) 
Seat 4: Takamisakary ($5.71 in chips) 
Seat 5: cucho0310 ($2 in chips) 
Danilloo93: posts small blind $0.01
Lorpugo: posts big blind $0.02
4oAses: sits out 
*** HOLE CARDS ***
Dealt to Lorpugo [9d Kd]
Takamisakary: calls $0.02
cucho0310: folds 
cono 18: folds 
Danilloo93: raises $0.06 to $0.08
Lorpugo: calls $0.06
Takamisakary: folds 
*** FLOP *** [5d 5c Ks]
Danilloo93: bets $0.09
Lorpugo: calls $0.09
*** TURN *** [5d 5c Ks] [5s]
Danilloo93: bets $0.18
Lorpugo: calls $0.18
*** RIVER *** [5d 5c Ks 5s] [2c]
Danilloo93: checks 
Lorpugo: bets $0.16
Danilloo93: folds 
Uncalled bet ($0.16) returned to Lorpugo
Lorpugo collected $0.69 from pot
Lorpugo: doesn't show hand 
*** SUMMARY ***
Total pot $0.72 | Rake $0.03 
Board [5d 5c Ks 5s 2c]
Seat 1: cono 18 (button) folded before Flop (didn't bet)
Seat 2: Danilloo93 (small blind) folded on the River
Seat 3: Lorpugo (big blind) collected ($0.69)
Seat 4: Takamisakary folded before Flop
Seat 5: cucho0310 folded before Flop (didn't bet)



PokerStars Hand #239210873962:  Hold'em No Limit ($0.01/$0.02 USD) - 2022/10/13 17:05:35 ET
Table 'Lycomedes' 6-max Seat #2 is the button
Seat 1: cono 18 ($2.50 in chips) 
Seat 2: Danilloo93 ($3.38 in chips) 
Seat 3: Lorpugo ($1.99 in chips) 
Seat 4: Takamisakary ($5.69 in chips) 
Seat 5: cucho0310 ($2 in chips) 
Lorpugo: posts small blind $0.01
Takamisakary: posts big blind $0.02
4oAses: sits out 
*** HOLE CARDS ***
Dealt to Lorpugo [Ks 8s]
cucho0310: folds 
cono 18: folds 
Danilloo93: folds 
Lorpugo: raises $0.04 to $0.06
Takamisakary: folds 
Uncalled bet ($0.04) returned to Lorpugo
Lorpugo collected $0.04 from pot
Lorpugo: doesn't show hand 
*** SUMMARY ***
Total pot $0.04 | Rake $0 
Seat 1: cono 18 folded before Flop (didn't bet)
Seat 2: Danilloo93 (button) folded before Flop (didn't bet)
Seat 3: Lorpugo (small blind) collected ($0.04)
Seat 4: Takamisakary (big blind) folded before Flop
Seat 5: cucho0310 folded before Flop (didn't bet)



PokerStars Hand #239210879375:  Hold'em No Limit ($0.01/$0.02 USD) - 2022/10/13 17:05:49 ET
Table 'Lycomedes' 6-max Seat #3 is the button
Seat 1: cono 18 ($2.50 in chips) 
Seat 2: Danilloo93 ($3.38 in chips) 
Seat 3: Lorpugo ($2.01 in chips) 
Seat 4: Takamisakary ($5.67 in chips) 
Seat 5: cucho0310 ($2 in chips) 
Takamisakary: posts small blind $0.01
cucho0310: posts big blind $0.02
4oAses: sits out 
*** HOLE CARDS ***
Dealt to Lorpugo [3h 8h]
cono 18: folds 
Danilloo93: raises $0.03 to $0.05
Lorpugo: folds 
Takamisakary: calls $0.04
cucho0310: folds 
*** FLOP *** [Kd 9s 4c]
Takamisakary: bets $0.12
Danilloo93: calls $0.12
*** TURN *** [Kd 9s 4c] [Ts]
Takamisakary: checks 
Danilloo93: checks 
*** RIVER *** [Kd 9s 4c Ts] [Kh]
Takamisakary: bets $0.35
Danilloo93: folds 
Uncalled bet ($0.35) returned to Takamisakary
Takamisakary collected $0.35 from pot
Takamisakary: doesn't show hand 
*** SUMMARY ***
Total pot $0.36 | Rake $0.01 
Board [Kd 9s 4c Ts Kh]
Seat 1: cono 18 folded before Flop (didn't bet)
Seat 2: Danilloo93 folded on the River
Seat 3: Lorpugo (button) folded before Flop (didn't bet)
Seat 4: Takamisakary (small blind) collected ($0.35)
Seat 5: cucho0310 (big blind) folded before Flop



PokerStars Hand #239210892827:  Hold'em No Limit ($0.01/$0.02 USD) - 2022/10/13 17:06:24 ET
Table 'Lycomedes' 6-max Seat #4 is the button
Seat 1: cono 18 ($2.50 in chips) 
Seat 2: Danilloo93 ($3.21 in chips) 
Seat 3: Lorpugo ($2.01 in chips) 
Seat 4: Takamisakary ($5.85 in chips) 
Seat 5: cucho0310 ($2 in chips) 
Seat 6: 4oAses ($2 in chips) 
cucho0310: posts small blind $0.01
4oAses: posts big blind $0.02
*** HOLE CARDS ***
Dealt to Lorpugo [5s 9c]
cono 18: folds 
Danilloo93: folds 
Lorpugo: folds 
Takamisakary: folds 
cucho0310: raises $0.04 to $0.06
4oAses: raises $0.12 to $0.18
cucho0310: calls $0.12
*** FLOP *** [4d 7s 4s]
cucho0310: checks 
4oAses: checks 
*** TURN *** [4d 7s 4s] [9s]
cucho0310: checks 
4oAses: bets $0.26
cucho0310: calls $0.26
*** RIVER *** [4d 7s 4s 9s] [7h]
cucho0310: checks 
4oAses: checks 
*** SHOW DOWN ***
cucho0310: shows [Ac Qs] (two pair, Sevens and Fours)
4oAses: shows [2s 9h] (two pair, Nines and Sevens)
4oAses collected $0.85 from pot
*** SUMMARY ***
Total pot $0.88 | Rake $0.03 
Board [4d 7s 4s 9s 7h]
Seat 1: cono 18 folded before Flop (didn't bet)
Seat 2: Danilloo93 folded before Flop (didn't bet)
Seat 3: Lorpugo folded before Flop (didn't bet)
Seat 4: Takamisakary (button) folded before Flop (didn't bet)
Seat 5: cucho0310 (small blind) showed [Ac Qs] and lost with two pair, Sevens and Fours
Seat 6: 4oAses (big blind) showed [2s 9h] and won ($0.85) with two pair, Nines and Sevens



PokerStars Hand #239210908144:  Hold'em No Limit ($0.01/$0.02 USD) - 2022/10/13 17:07:04 ET
Table 'Lycomedes' 6-max Seat #5 is the button
Seat 2: Danilloo93 ($3.21 in chips) 
Seat 3: Lorpugo ($2.01 in chips) 
Seat 4: Takamisakary ($5.85 in chips) 
Seat 5: cucho0310 ($2 in chips) 
Seat 6: 4oAses ($2.41 in chips) 
4oAses: posts small blind $0.01
cono 18: is sitting out 
Danilloo93: posts big blind $0.02
*** HOLE CARDS ***
Dealt to Lorpugo [6h 9s]
Lorpugo: folds 
Takamisakary: calls $0.02
cucho0310: folds 
4oAses: folds 
Danilloo93: checks 
*** FLOP *** [Td 4d 5d]
Danilloo93: checks 
cono 18 leaves the table
Takamisakary: bets $0.05
EmptyHouse0 joins the table at seat #1 
Danilloo93: folds 
Uncalled bet ($0.05) returned to Takamisakary
Takamisakary collected $0.05 from pot
Takamisakary: doesn't show hand 
*** SUMMARY ***
Total pot $0.05 | Rake $0 
Board [Td 4d 5d]
Seat 2: Danilloo93 (big blind) folded on the Flop
Seat 3: Lorpugo folded before Flop (didn't bet)
Seat 4: Takamisakary collected ($0.05)
Seat 5: cucho0310 (button) folded before Flop (didn't bet)
Seat 6: 4oAses (small blind) folded before Flop



PokerStars Hand #239210919624:  Hold'em No Limit ($0.01/$0.02 USD) - 2022/10/13 17:07:34 ET
Table 'Lycomedes' 6-max Seat #6 is the button
Seat 2: Danilloo93 ($3.19 in chips) 
Seat 3: Lorpugo ($2.01 in chips) 
Seat 4: Takamisakary ($5.88 in chips) 
Seat 5: cucho0310 ($2 in chips) 
Seat 6: 4oAses ($2.40 in chips) 
Danilloo93: posts small blind $0.01
Lorpugo: posts big blind $0.02
*** HOLE CARDS ***
Dealt to Lorpugo [Ac Td]
Takamisakary: calls $0.02
cucho0310: folds 
4oAses: folds 
Danilloo93: raises $0.06 to $0.08
Lorpugo: calls $0.06
Takamisakary: folds 
*** FLOP *** [Th Ks 3s]
Danilloo93: bets $0.09
Lorpugo: calls $0.09
*** TURN *** [Th Ks 3s] [2c]
Danilloo93: bets $0.18
Lorpugo: calls $0.18
*** RIVER *** [Th Ks 3s 2c] [8s]
Danilloo93: checks 
Lorpugo: checks 
*** SHOW DOWN ***
Danilloo93: shows [Kd Jd] (a pair of Kings)
Lorpugo: mucks hand 
Danilloo93 collected $0.69 from pot
*** SUMMARY ***
Total pot $0.72 | Rake $0.03 
Board [Th Ks 3s 2c 8s]
Seat 2: Danilloo93 (small blind) showed [Kd Jd] and won ($0.69) with a pair of Kings
Seat 3: Lorpugo (big blind) mucked [Ac Td]
Seat 4: Takamisakary folded before Flop
Seat 5: cucho0310 folded before Flop (didn't bet)
Seat 6: 4oAses (button) folded before Flop (didn't bet)



PokerStars Hand #239210937932:  Hold'em No Limit ($0.01/$0.02 USD) - 2022/10/13 17:08:22 ET
Table 'Lycomedes' 6-max Seat #2 is the button
Seat 2: Danilloo93 ($3.53 in chips) 
Seat 3: Lorpugo ($1.66 in chips) 
Seat 4: Takamisakary ($5.86 in chips) 
Seat 5: cucho0310 ($2 in chips) 
Seat 6: 4oAses ($2.40 in chips) 
Lorpugo: posts small blind $0.01
Takamisakary: posts big blind $0.02
EmptyHouse0: sits out 
*** HOLE CARDS ***
Dealt to Lorpugo [2s 5h]
cucho0310: folds 
4oAses: raises $0.04 to $0.06
Danilloo93: folds 
Lorpugo: folds 
Takamisakary: folds 
Uncalled bet ($0.04) returned to 4oAses
4oAses collected $0.05 from pot
4oAses: doesn't show hand 
*** SUMMARY ***
Total pot $0.05 | Rake $0 
Seat 2: Danilloo93 (button) folded before Flop (didn't bet)
Seat 3: Lorpugo (small blind) folded before Flop
Seat 4: Takamisakary (big blind) folded before Flop
Seat 5: cucho0310 folded before Flop (didn't bet)
Seat 6: 4oAses collected ($0.05)



PokerStars Hand #239210942619:  Hold'em No Limit ($0.01/$0.02 USD) - 2022/10/13 17:08:35 ET
Table 'Lycomedes' 6-max Seat #3 is the button
Seat 2: Danilloo93 ($3.53 in chips) 
Seat 3: Lorpugo ($1.65 in chips) 
Seat 4: Takamisakary ($5.84 in chips) 
Seat 5: cucho0310 ($2 in chips) 
Seat 6: 4oAses ($2.43 in chips) 
Takamisakary: posts small blind $0.01
cucho0310: posts big blind $0.02
EmptyHouse0: sits out 
*** HOLE CARDS ***
Dealt to Lorpugo [Jd 4c]
4oAses: raises $0.03 to $0.05
Danilloo93: folds 
Lorpugo: folds 
Takamisakary: calls $0.04
cucho0310: calls $0.03
*** FLOP *** [5d 7c Ac]
Takamisakary: checks 
cucho0310: checks 
4oAses: checks 
*** TURN *** [5d 7c Ac] [Qd]
Takamisakary: bets $0.14
cucho0310: folds 
4oAses: folds 
Uncalled bet ($0.14) returned to Takamisakary
Takamisakary collected $0.14 from pot
Takamisakary: doesn't show hand 
*** SUMMARY ***
Total pot $0.15 | Rake $0.01 
Board [5d 7c Ac Qd]
Seat 2: Danilloo93 folded before Flop (didn't bet)
Seat 3: Lorpugo (button) folded before Flop (didn't bet)
Seat 4: Takamisakary (small blind) collected ($0.14)
Seat 5: cucho0310 (big blind) folded on the Turn
Seat 6: 4oAses folded on the Turn



PokerStars Hand #239210953071:  Hold'em No Limit ($0.01/$0.02 USD) - 2022/10/13 17:09:02 ET
Table 'Lycomedes' 6-max Seat #4 is the button
Seat 2: Danilloo93 ($3.53 in chips) 
Seat 3: Lorpugo ($1.65 in chips) 
Seat 4: Takamisakary ($5.93 in chips) 
Seat 5: cucho0310 ($2 in chips) 
Seat 6: 4oAses ($2.38 in chips) 
cucho0310: posts small blind $0.01
4oAses: posts big blind $0.02
EmptyHouse0: sits out 
*** HOLE CARDS ***
Dealt to Lorpugo [6s Qd]
Danilloo93: folds 
Lorpugo: folds 
Takamisakary: calls $0.02
cucho0310: folds 
4oAses: checks 
*** FLOP *** [5c 2c Jh]
4oAses: checks 
Takamisakary: checks 
*** TURN *** [5c 2c Jh] [2s]
4oAses: checks 
Takamisakary: checks 
*** RIVER *** [5c 2c Jh 2s] [Ah]
4oAses: checks 
Takamisakary: checks 
*** SHOW DOWN ***
4oAses: shows [6c Td] (a pair of Deuces)
Takamisakary: shows [Qs 5s] (two pair, Fives and Deuces)
Takamisakary collected $0.05 from pot
*** SUMMARY ***
Total pot $0.05 | Rake $0 
Board [5c 2c Jh 2s Ah]
Seat 2: Danilloo93 folded before Flop (didn't bet)
Seat 3: Lorpugo folded before Flop (didn't bet)
Seat 4: Takamisakary (button) showed [Qs 5s] and won ($0.05) with two pair, Fives and Deuces
Seat 5: cucho0310 (small blind) folded before Flop
Seat 6: 4oAses (big blind) showed [6c Td] and lost with a pair of Deuces



PokerStars Hand #239210962118:  Hold'em No Limit ($0.01/$0.02 USD) - 2022/10/13 17:09:26 ET
Table 'Lycomedes' 6-max Seat #5 is the button
Seat 1: EmptyHouse0 ($2 in chips) 
Seat 2: Danilloo93 ($3.53 in chips) 
Seat 3: Lorpugo ($1.65 in chips) 
Seat 4: Takamisakary ($5.96 in chips) 
Seat 5: cucho0310 ($2 in chips) 
Seat 6: 4oAses ($2.36 in chips) 
4oAses: posts small blind $0.01
EmptyHouse0: posts big blind $0.02
*** HOLE CARDS ***
Dealt to Lorpugo [7d 4d]
Danilloo93: folds 
Lorpugo: folds 
Takamisakary: calls $0.02
cucho0310: folds 
4oAses: folds 
EmptyHouse0: checks 
*** FLOP *** [Ad 6h Qc]
EmptyHouse0: bets $0.04
Takamisakary: calls $0.04
*** TURN *** [Ad 6h Qc] [5s]
EmptyHouse0: bets $0.04
Takamisakary: folds 
Uncalled bet ($0.04) returned to EmptyHouse0
EmptyHouse0 collected $0.13 from pot
EmptyHouse0: doesn't show hand 
*** SUMMARY ***
Total pot $0.13 | Rake $0 
Board [Ad 6h Qc 5s]
Seat 1: EmptyHouse0 (big blind) collected ($0.13)
Seat 2: Danilloo93 folded before Flop (didn't bet)
Seat 3: Lorpugo folded before Flop (didn't bet)
Seat 4: Takamisakary folded on the Turn
Seat 5: cucho0310 (button) folded before Flop (didn't bet)
Seat 6: 4oAses (small blind) folded before Flop



PokerStars Hand #239210976890:  Hold'em No Limit ($0.01/$0.02 USD) - 2022/10/13 17:10:05 ET
Table 'Lycomedes' 6-max Seat #6 is the button
Seat 1: EmptyHouse0 ($2.07 in chips) 
Seat 2: Danilloo93 ($3.53 in chips) 
Seat 3: Lorpugo ($1.65 in chips) 
Seat 4: Takamisakary ($5.90 in chips) 
Seat 5: cucho0310 ($2 in chips) 
Seat 6: 4oAses ($2.35 in chips) 
EmptyHouse0: posts small blind $0.01
Danilloo93: posts big blind $0.02
*** HOLE CARDS ***
Dealt to Lorpugo [8c 5h]
Lorpugo has timed out
Lorpugo: folds 
Takamisakary: calls $0.02
cucho0310: folds 
4oAses: raises $0.08 to $0.10
EmptyHouse0: folds 
Danilloo93: folds 
Takamisakary: calls $0.08
*** FLOP *** [Jd 3c 4h]
Takamisakary: checks 
4oAses: bets $0.11
Takamisakary: folds 
Uncalled bet ($0.11) returned to 4oAses
4oAses collected $0.22 from pot
4oAses: doesn't show hand 
*** SUMMARY ***
Total pot $0.23 | Rake $0.01 
Board [Jd 3c 4h]
Seat 1: EmptyHouse0 (small blind) folded before Flop
Seat 2: Danilloo93 (big blind) folded before Flop
Seat 3: Lorpugo folded before Flop (didn't bet)
Seat 4: Takamisakary folded on the Flop
Seat 5: cucho0310 folded before Flop (didn't bet)
Seat 6: 4oAses (button) collected ($0.22)



PokerStars Hand #239210995465:  Hold'em No Limit ($0.01/$0.02 USD) - 2022/10/13 17:10:54 ET
Table 'Lycomedes' 6-max Seat #1 is the button
Seat 1: EmptyHouse0 ($2.06 in chips) 
Seat 2: Danilloo93 ($3.51 in chips) 
Seat 3: Lorpugo ($1.65 in chips) 
Seat 4: Takamisakary ($5.80 in chips) 
Seat 5: cucho0310 ($2 in chips) 
Seat 6: 4oAses ($2.47 in chips) 
Danilloo93: posts small blind $0.01
Lorpugo: posts big blind $0.02
*** HOLE CARDS ***
Dealt to Lorpugo [4s 7d]
Takamisakary: folds 
cucho0310: raises $0.04 to $0.06
4oAses: folds 
EmptyHouse0: folds 
Danilloo93: folds 
Lorpugo: folds 
Uncalled bet ($0.04) returned to cucho0310
cucho0310 collected $0.05 from pot
*** SUMMARY ***
Total pot $0.05 | Rake $0 
Seat 1: EmptyHouse0 (button) folded before Flop (didn't bet)
Seat 2: Danilloo93 (small blind) folded before Flop
Seat 3: Lorpugo (big blind) folded before Flop
Seat 4: Takamisakary folded before Flop (didn't bet)
Seat 5: cucho0310 collected ($0.05)
Seat 6: 4oAses folded before Flop (didn't bet)



PokerStars Hand #239211004341:  Hold'em No Limit ($0.01/$0.02 USD) - 2022/10/13 17:11:17 ET
Table 'Lycomedes' 6-max Seat #2 is the button
Seat 1: EmptyHouse0 ($2.06 in chips) 
Seat 2: Danilloo93 ($3.50 in chips) 
Seat 3: Lorpugo ($1.63 in chips) 
Seat 4: Takamisakary ($5.80 in chips) 
Seat 5: cucho0310 ($2.03 in chips) 
Seat 6: 4oAses ($2.47 in chips) 
Lorpugo: posts small blind $0.01
Takamisakary: posts big blind $0.02
*** HOLE CARDS ***
Dealt to Lorpugo [Qd Ad]
cucho0310: folds 
4oAses: raises $0.03 to $0.05
EmptyHouse0: folds 
Danilloo93: folds 
Lorpugo: raises $0.13 to $0.18
Takamisakary: folds 
4oAses: folds 
Uncalled bet ($0.13) returned to Lorpugo
Lorpugo collected $0.12 from pot
Lorpugo: doesn't show hand 
*** SUMMARY ***
Total pot $0.12 | Rake $0 
Seat 1: EmptyHouse0 folded before Flop (didn't bet)
Seat 2: Danilloo93 (button) folded before Flop (didn't bet)
Seat 3: Lorpugo (small blind) collected ($0.12)
Seat 4: Takamisakary (big blind) folded before Flop
Seat 5: cucho0310 folded before Flop (didn't bet)
Seat 6: 4oAses folded before Flop



PokerStars Hand #239211016294:  Hold'em No Limit ($0.01/$0.02 USD) - 2022/10/13 17:11:49 ET
Table 'Lycomedes' 6-max Seat #3 is the button
Seat 1: EmptyHouse0 ($2.06 in chips) 
Seat 2: Danilloo93 ($3.50 in chips) 
Seat 3: Lorpugo ($1.70 in chips) 
Seat 4: Takamisakary ($5.78 in chips) 
Seat 5: cucho0310 ($2.03 in chips) 
Seat 6: 4oAses ($2.42 in chips) 
Takamisakary: posts small blind $0.01
cucho0310: posts big blind $0.02
*** HOLE CARDS ***
Dealt to Lorpugo [3c 7c]
4oAses: folds 
EmptyHouse0: folds 
Danilloo93: folds 
Lorpugo: folds 
Takamisakary: calls $0.01
cucho0310: raises $0.06 to $0.08
Takamisakary: calls $0.06
*** FLOP *** [2h 9s Ks]
Takamisakary: checks 
cucho0310: bets $1.95 and is all-in
Takamisakary: folds 
Uncalled bet ($1.95) returned to cucho0310
cucho0310 collected $0.15 from pot
*** SUMMARY ***
Total pot $0.16 | Rake $0.01 
Board [2h 9s Ks]
Seat 1: EmptyHouse0 folded before Flop (didn't bet)
Seat 2: Danilloo93 folded before Flop (didn't bet)
Seat 3: Lorpugo (button) folded before Flop (didn't bet)
Seat 4: Takamisakary (small blind) folded on the Flop
Seat 5: cucho0310 (big blind) collected ($0.15)
Seat 6: 4oAses folded before Flop (didn't bet)



PokerStars Hand #239211032913:  Hold'em No Limit ($0.01/$0.02 USD) - 2022/10/13 17:12:33 ET
Table 'Lycomedes' 6-max Seat #4 is the button
Seat 1: EmptyHouse0 ($2.06 in chips) 
Seat 2: Danilloo93 ($3.50 in chips) 
Seat 3: Lorpugo ($1.70 in chips) 
Seat 4: Takamisakary ($5.70 in chips) 
Seat 5: cucho0310 ($2.10 in chips) 
Seat 6: 4oAses ($2.42 in chips) 
cucho0310: posts small blind $0.01
4oAses: posts big blind $0.02
*** HOLE CARDS ***
Dealt to Lorpugo [4s Qs]
EmptyHouse0: folds 
Danilloo93: folds 
Lorpugo: folds 
Takamisakary: calls $0.02
cucho0310: raises $0.08 to $0.10
4oAses: folds 
Takamisakary: calls $0.08
*** FLOP *** [7h Ks 9c]
cucho0310: bets $0.07
Takamisakary: folds 
Uncalled bet ($0.07) returned to cucho0310
cucho0310 collected $0.21 from pot
*** SUMMARY ***
Total pot $0.22 | Rake $0.01 
Board [7h Ks 9c]
Seat 1: EmptyHouse0 folded before Flop (didn't bet)
Seat 2: Danilloo93 folded before Flop (didn't bet)
Seat 3: Lorpugo folded before Flop (didn't bet)
Seat 4: Takamisakary (button) folded on the Flop
Seat 5: cucho0310 (small blind) collected ($0.21)
Seat 6: 4oAses (big blind) folded before Flop



PokerStars Hand #239211049016:  Hold'em No Limit ($0.01/$0.02 USD) - 2022/10/13 17:13:15 ET
Table 'Lycomedes' 6-max Seat #5 is the button
Seat 1: EmptyHouse0 ($2.06 in chips) 
Seat 2: Danilloo93 ($3.50 in chips) 
Seat 3: Lorpugo ($1.70 in chips) 
Seat 4: Takamisakary ($5.60 in chips) 
Seat 5: cucho0310 ($2.21 in chips) 
Seat 6: 4oAses ($2.40 in chips) 
4oAses: posts small blind $0.01
EmptyHouse0: posts big blind $0.02
*** HOLE CARDS ***
Dealt to Lorpugo [9c Ac]
Danilloo93: folds 
Lorpugo: raises $0.04 to $0.06
Takamisakary: calls $0.06
cucho0310: folds 
4oAses: folds 
EmptyHouse0: folds 
*** FLOP *** [Jd 8d 3d]
Lorpugo: checks 
Takamisakary: bets $0.14
Lorpugo: folds 
Uncalled bet ($0.14) returned to Takamisakary
Takamisakary collected $0.14 from pot
Takamisakary: doesn't show hand 
*** SUMMARY ***
Total pot $0.15 | Rake $0.01 
Board [Jd 8d 3d]
Seat 1: EmptyHouse0 (big blind) folded before Flop
Seat 2: Danilloo93 folded before Flop (didn't bet)
Seat 3: Lorpugo folded on the Flop
Seat 4: Takamisakary collected ($0.14)
Seat 5: cucho0310 (button) folded before Flop (didn't bet)
Seat 6: 4oAses (small blind) folded before Flop



PokerStars Hand #239211060815:  Hold'em No Limit ($0.01/$0.02 USD) - 2022/10/13 17:13:47 ET
Table 'Lycomedes' 6-max Seat #6 is the button
Seat 1: EmptyHouse0 ($2.04 in chips) 
Seat 2: Danilloo93 ($3.50 in chips) 
Seat 3: Lorpugo ($1.64 in chips) 
Seat 4: Takamisakary ($5.68 in chips) 
Seat 5: cucho0310 ($2.21 in chips) 
Seat 6: 4oAses ($2.39 in chips) 
EmptyHouse0: posts small blind $0.01
Danilloo93: posts big blind $0.02
*** HOLE CARDS ***
Dealt to Lorpugo [Js 9h]
Lorpugo: folds 
Takamisakary: calls $0.02
cucho0310: folds 
4oAses: folds 
EmptyHouse0: raises $0.04 to $0.06
Danilloo93: raises $0.14 to $0.20
Takamisakary: folds 
EmptyHouse0: folds 
Uncalled bet ($0.14) returned to Danilloo93
Danilloo93 collected $0.14 from pot
Danilloo93: doesn't show hand 
*** SUMMARY ***
Total pot $0.14 | Rake $0 
Seat 1: EmptyHouse0 (small blind) folded before Flop
Seat 2: Danilloo93 (big blind) collected ($0.14)
Seat 3: Lorpugo folded before Flop (didn't bet)
Seat 4: Takamisakary folded before Flop
Seat 5: cucho0310 folded before Flop (didn't bet)
Seat 6: 4oAses (button) folded before Flop (didn't bet)



PokerStars Hand #239211068887:  Hold'em No Limit ($0.01/$0.02 USD) - 2022/10/13 17:14:09 ET
Table 'Lycomedes' 6-max Seat #1 is the button
Seat 1: EmptyHouse0 ($1.98 in chips) 
Seat 2: Danilloo93 ($3.58 in chips) 
Seat 3: Lorpugo ($1.64 in chips) 
Seat 4: Takamisakary ($5.66 in chips) 
Seat 5: cucho0310 ($2.21 in chips) 
Seat 6: 4oAses ($2.39 in chips) 
Danilloo93: posts small blind $0.01
Lorpugo: posts big blind $0.02
*** HOLE CARDS ***
Dealt to Lorpugo [Ah Ac]
Takamisakary: folds 
cucho0310: folds 
4oAses: folds 
EmptyHouse0: folds 
Danilloo93: folds 
Uncalled bet ($0.01) returned to Lorpugo
Lorpugo collected $0.02 from pot
Lorpugo: doesn't show hand 
*** SUMMARY ***
Total pot $0.02 | Rake $0 
Seat 1: EmptyHouse0 (button) folded before Flop (didn't bet)
Seat 2: Danilloo93 (small blind) folded before Flop
Seat 3: Lorpugo (big blind) collected ($0.02)
Seat 4: Takamisakary folded before Flop (didn't bet)
Seat 5: cucho0310 folded before Flop (didn't bet)
Seat 6: 4oAses folded before Flop (didn't bet)



PokerStars Hand #239211075604:  Hold'em No Limit ($0.01/$0.02 USD) - 2022/10/13 17:14:27 ET
Table 'Lycomedes' 6-max Seat #2 is the button
Seat 1: EmptyHouse0 ($1.98 in chips) 
Seat 2: Danilloo93 ($3.57 in chips) 
Seat 3: Lorpugo ($1.65 in chips) 
Seat 4: Takamisakary ($5.66 in chips) 
Seat 5: cucho0310 ($2.21 in chips) 
Seat 6: 4oAses ($2.39 in chips) 
Lorpugo: posts small blind $0.01
Takamisakary: posts big blind $0.02
*** HOLE CARDS ***
Dealt to Lorpugo [9c As]
cucho0310: folds 
4oAses: raises $0.04 to $0.06
EmptyHouse0: folds 
Danilloo93: folds 
Lorpugo: calls $0.05
Takamisakary: calls $0.04
*** FLOP *** [9h Qs Kd]
Lorpugo: checks 
Takamisakary: bets $0.17
4oAses: calls $0.17
Lorpugo: folds 
*** TURN *** [9h Qs Kd] [Ah]
Takamisakary: checks 
4oAses: bets $0.50
Takamisakary: calls $0.50
*** RIVER *** [9h Qs Kd Ah] [5d]
Takamisakary: checks 
4oAses: bets $1.66 and is all-in
Takamisakary: folds 
Uncalled bet ($1.66) returned to 4oAses
4oAses collected $1.47 from pot
4oAses: doesn't show hand 
*** SUMMARY ***
Total pot $1.52 | Rake $0.05 
Board [9h Qs Kd Ah 5d]
Seat 1: EmptyHouse0 folded before Flop (didn't bet)
Seat 2: Danilloo93 (button) folded before Flop (didn't bet)
Seat 3: Lorpugo (small blind) folded on the Flop
Seat 4: Takamisakary (big blind) folded on the River
Seat 5: cucho0310 folded before Flop (didn't bet)
Seat 6: 4oAses collected ($1.47)



PokerStars Hand #239211105613:  Hold'em No Limit ($0.01/$0.02 USD) - 2022/10/13 17:15:47 ET
Table 'Lycomedes' 6-max Seat #3 is the button
Seat 1: EmptyHouse0 ($1.98 in chips) 
Seat 2: Danilloo93 ($3.57 in chips) 
Seat 3: Lorpugo ($1.59 in chips) 
Seat 4: Takamisakary ($4.93 in chips) 
Seat 5: cucho0310 ($2.21 in chips) 
Seat 6: 4oAses ($3.13 in chips) 
Takamisakary: posts small blind $0.01
cucho0310: posts big blind $0.02
*** HOLE CARDS ***
Dealt to Lorpugo [7h Td]
4oAses: folds 
EmptyHouse0: raises $0.02 to $0.04
Danilloo93: folds 
Lorpugo: folds 
Takamisakary: folds 
cucho0310: folds 
Uncalled bet ($0.02) returned to EmptyHouse0
EmptyHouse0 collected $0.05 from pot
EmptyHouse0: doesn't show hand 
*** SUMMARY ***
Total pot $0.05 | Rake $0 
Seat 1: EmptyHouse0 collected ($0.05)
Seat 2: Danilloo93 folded before Flop (didn't bet)
Seat 3: Lorpugo (button) folded before Flop (didn't bet)
Seat 4: Takamisakary (small blind) folded before Flop
Seat 5: cucho0310 (big blind) folded before Flop
Seat 6: 4oAses folded before Flop (didn't bet)



PokerStars Hand #239211110471:  Hold'em No Limit ($0.01/$0.02 USD) - 2022/10/13 17:16:00 ET
Table 'Lycomedes' 6-max Seat #4 is the button
Seat 1: EmptyHouse0 ($2.01 in chips) 
Seat 2: Danilloo93 ($3.57 in chips) 
Seat 3: Lorpugo ($1.59 in chips) 
Seat 4: Takamisakary ($4.92 in chips) 
Seat 5: cucho0310 ($2.19 in chips) 
Seat 6: 4oAses ($3.13 in chips) 
cucho0310: posts small blind $0.01
4oAses: posts big blind $0.02
*** HOLE CARDS ***
Dealt to Lorpugo [7d 5s]
EmptyHouse0: raises $0.04 to $0.06
Danilloo93: folds 
Lorpugo: folds 
Takamisakary: folds 
cucho0310: folds 
Takamisakary leaves the table
4oAses: folds 
Uncalled bet ($0.04) returned to EmptyHouse0
EmptyHouse0 collected $0.05 from pot
EmptyHouse0: doesn't show hand 
*** SUMMARY ***
Total pot $0.05 | Rake $0 
Seat 1: EmptyHouse0 collected ($0.05)
Seat 2: Danilloo93 folded before Flop (didn't bet)
Seat 3: Lorpugo folded before Flop (didn't bet)
Seat 4: Takamisakary (button) folded before Flop (didn't bet)
Seat 5: cucho0310 (small blind) folded before Flop
Seat 6: 4oAses (big blind) folded before Flop



PokerStars Hand #239211118040:  Hold'em No Limit ($0.01/$0.02 USD) - 2022/10/13 17:16:20 ET
Table 'Lycomedes' 6-max Seat #5 is the button
Seat 1: EmptyHouse0 ($2.04 in chips) 
Seat 2: Danilloo93 ($3.57 in chips) 
Seat 3: Lorpugo ($1.59 in chips) 
Seat 5: cucho0310 ($2.18 in chips) 
Seat 6: 4oAses ($3.11 in chips) 
4oAses: posts small blind $0.01
EmptyHouse0: posts big blind $0.02
*** HOLE CARDS ***
Dealt to Lorpugo [Kd 3c]
Danilloo93: raises $0.03 to $0.05
Lorpugo: folds 
cucho0310: folds 
4oAses: folds 
EmptyHouse0: folds 
Uncalled bet ($0.03) returned to Danilloo93
Danilloo93 collected $0.05 from pot
Danilloo93: doesn't show hand 
*** SUMMARY ***
Total pot $0.05 | Rake $0 
Seat 1: EmptyHouse0 (big blind) folded before Flop
Seat 2: Danilloo93 collected ($0.05)
Seat 3: Lorpugo folded before Flop (didn't bet)
Seat 5: cucho0310 (button) folded before Flop (didn't bet)
Seat 6: 4oAses (small blind) folded before Flop



PokerStars Hand #239211124151:  Hold'em No Limit ($0.01/$0.02 USD) - 2022/10/13 17:16:37 ET
Table 'Lycomedes' 6-max Seat #6 is the button
Seat 1: EmptyHouse0 ($2.02 in chips) 
Seat 2: Danilloo93 ($3.60 in chips) 
Seat 3: Lorpugo ($1.59 in chips) 
Seat 5: cucho0310 ($2.18 in chips) 
Seat 6: 4oAses ($3.10 in chips) 
EmptyHouse0: posts small blind $0.01
Danilloo93: posts big blind $0.02
*** HOLE CARDS ***
Dealt to Lorpugo [Jh 7h]
Lorpugo: folds 
cucho0310: folds 
4oAses: raises $0.03 to $0.05
EmptyHouse0: folds 
Danilloo93: folds 
Uncalled bet ($0.03) returned to 4oAses
4oAses collected $0.05 from pot
4oAses: doesn't show hand 
*** SUMMARY ***
Total pot $0.05 | Rake $0 
Seat 1: EmptyHouse0 (small blind) folded before Flop
Seat 2: Danilloo93 (big blind) folded before Flop
Seat 3: Lorpugo folded before Flop (didn't bet)
Seat 5: cucho0310 folded before Flop (didn't bet)
Seat 6: 4oAses (button) collected ($0.05)



PokerStars Hand #239211129430:  Hold'em No Limit ($0.01/$0.02 USD) - 2022/10/13 17:16:51 ET
Table 'Lycomedes' 6-max Seat #1 is the button
Seat 1: EmptyHouse0 ($2.01 in chips) 
Seat 2: Danilloo93 ($3.58 in chips) 
Seat 3: Lorpugo ($1.59 in chips) 
Seat 5: cucho0310 ($2.18 in chips) 
Seat 6: 4oAses ($3.13 in chips) 
Danilloo93: posts small blind $0.01
Lorpugo: posts big blind $0.02
*** HOLE CARDS ***
Dealt to Lorpugo [7h 5h]
Yoshijosh123 joins the table at seat #4 
cucho0310: folds 
4oAses: folds 
EmptyHouse0: folds 
Danilloo93: folds 
Uncalled bet ($0.01) returned to Lorpugo
Lorpugo collected $0.02 from pot
Lorpugo: doesn't show hand 
*** SUMMARY ***
Total pot $0.02 | Rake $0 
Seat 1: EmptyHouse0 (button) folded before Flop (didn't bet)
Seat 2: Danilloo93 (small blind) folded before Flop
Seat 3: Lorpugo (big blind) collected ($0.02)
Seat 5: cucho0310 folded before Flop (didn't bet)
Seat 6: 4oAses folded before Flop (didn't bet)



PokerStars Hand #239211132589:  Hold'em No Limit ($0.01/$0.02 USD) - 2022/10/13 17:16:59 ET
Table 'Lycomedes' 6-max Seat #2 is the button
Seat 1: EmptyHouse0 ($2.01 in chips) 
Seat 2: Danilloo93 ($3.57 in chips) 
Seat 3: Lorpugo ($1.60 in chips) 
Seat 4: Yoshijosh123 ($2 in chips) 
Seat 5: cucho0310 ($2.18 in chips) 
Seat 6: 4oAses ($3.13 in chips) 
Lorpugo: posts small blind $0.01
Yoshijosh123: posts big blind $0.02
*** HOLE CARDS ***
Dealt to Lorpugo [3h 7c]
cucho0310: folds 
4oAses: raises $0.04 to $0.06
EmptyHouse0: folds 
Danilloo93: folds 
Lorpugo: folds 
Yoshijosh123: calls $0.04
*** FLOP *** [Qd 6s 5h]
Yoshijosh123: checks 
4oAses: checks 
*** TURN *** [Qd 6s 5h] [4c]
Yoshijosh123: bets $0.06
4oAses: calls $0.06
*** RIVER *** [Qd 6s 5h 4c] [Qh]
Yoshijosh123: bets $0.20
4oAses: folds 
Uncalled bet ($0.20) returned to Yoshijosh123
Yoshijosh123 collected $0.24 from pot
*** SUMMARY ***
Total pot $0.25 | Rake $0.01 
Board [Qd 6s 5h 4c Qh]
Seat 1: EmptyHouse0 folded before Flop (didn't bet)
Seat 2: Danilloo93 (button) folded before Flop (didn't bet)
Seat 3: Lorpugo (small blind) folded before Flop
Seat 4: Yoshijosh123 (big blind) collected ($0.24)
Seat 5: cucho0310 folded before Flop (didn't bet)
Seat 6: 4oAses folded on the River



PokerStars Hand #239211147682:  Hold'em No Limit ($0.01/$0.02 USD) - 2022/10/13 17:17:40 ET
Table 'Lycomedes' 6-max Seat #3 is the button
Seat 1: EmptyHouse0 ($2.01 in chips) 
Seat 2: Danilloo93 ($3.57 in chips) 
Seat 3: Lorpugo ($1.59 in chips) 
Seat 4: Yoshijosh123 ($2.12 in chips) 
Seat 5: cucho0310 ($2.18 in chips) 
Seat 6: 4oAses ($3.01 in chips) 
Yoshijosh123: posts small blind $0.01
cucho0310: posts big blind $0.02
*** HOLE CARDS ***
Dealt to Lorpugo [Qs 3c]
4oAses: folds 
EmptyHouse0: folds 
Danilloo93: folds 
Lorpugo: folds 
Yoshijosh123: raises $0.02 to $0.04
cucho0310: calls $0.02
*** FLOP *** [6d 2d Kh]
Yoshijosh123: checks 
cucho0310: checks 
*** TURN *** [6d 2d Kh] [6h]
Yoshijosh123: bets $0.04
cucho0310: calls $0.04
*** RIVER *** [6d 2d Kh 6h] [Th]
Yoshijosh123: checks 
cucho0310: checks 
*** SHOW DOWN ***
Yoshijosh123: shows [Qd Js] (a pair of Sixes)
cucho0310: shows [8d Ad] (a pair of Sixes - Ace kicker)
cucho0310 collected $0.15 from pot
*** SUMMARY ***
Total pot $0.16 | Rake $0.01 
Board [6d 2d Kh 6h Th]
Seat 1: EmptyHouse0 folded before Flop (didn't bet)
Seat 2: Danilloo93 folded before Flop (didn't bet)
Seat 3: Lorpugo (button) folded before Flop (didn't bet)
Seat 4: Yoshijosh123 (small blind) showed [Qd Js] and lost with a pair of Sixes
Seat 5: cucho0310 (big blind) showed [8d Ad] and won ($0.15) with a pair of Sixes
Seat 6: 4oAses folded before Flop (didn't bet)



PokerStars Hand #239211164199:  Hold'em No Limit ($0.01/$0.02 USD) - 2022/10/13 17:18:24 ET
Table 'Lycomedes' 6-max Seat #4 is the button
Seat 1: EmptyHouse0 ($2.01 in chips) 
Seat 2: Danilloo93 ($3.57 in chips) 
Seat 3: Lorpugo ($1.59 in chips) 
Seat 4: Yoshijosh123 ($2.04 in chips) 
Seat 5: cucho0310 ($2.25 in chips) 
Seat 6: 4oAses ($3.01 in chips) 
cucho0310: posts small blind $0.01
4oAses: posts big blind $0.02
*** HOLE CARDS ***
Dealt to Lorpugo [5s Jd]
EmptyHouse0: raises $0.02 to $0.04
Danilloo93: folds 
Lorpugo: folds 
Yoshijosh123: folds 
cucho0310: folds 
4oAses: folds 
Uncalled bet ($0.02) returned to EmptyHouse0
EmptyHouse0 collected $0.05 from pot
EmptyHouse0: doesn't show hand 
*** SUMMARY ***
Total pot $0.05 | Rake $0 
Seat 1: EmptyHouse0 collected ($0.05)
Seat 2: Danilloo93 folded before Flop (didn't bet)
Seat 3: Lorpugo folded before Flop (didn't bet)
Seat 4: Yoshijosh123 (button) folded before Flop (didn't bet)
Seat 5: cucho0310 (small blind) folded before Flop
Seat 6: 4oAses (big blind) folded before Flop



PokerStars Hand #239211171289:  Hold'em No Limit ($0.01/$0.02 USD) - 2022/10/13 17:18:44 ET
Table 'Lycomedes' 6-max Seat #5 is the button
Seat 1: EmptyHouse0 ($2.04 in chips) 
Seat 2: Danilloo93 ($3.57 in chips) 
Seat 3: Lorpugo ($1.59 in chips) 
Seat 4: Yoshijosh123 ($2.04 in chips) 
Seat 5: cucho0310 ($2.24 in chips) 
Seat 6: 4oAses ($2.99 in chips) 
4oAses: posts small blind $0.01
EmptyHouse0: posts big blind $0.02
*** HOLE CARDS ***
Dealt to Lorpugo [Kd 2d]
Danilloo93: folds 
Lorpugo: folds 
Yoshijosh123: calls $0.02
cucho0310: raises $0.06 to $0.08
4oAses: folds 
EmptyHouse0: folds 
Yoshijosh123: calls $0.06
*** FLOP *** [3d Ad Jd]
Yoshijosh123: checks 
cucho0310: checks 
*** TURN *** [3d Ad Jd] [4s]
Yoshijosh123: bets $0.06
cucho0310: folds 
Uncalled bet ($0.06) returned to Yoshijosh123
Yoshijosh123 collected $0.18 from pot
*** SUMMARY ***
Total pot $0.19 | Rake $0.01 
Board [3d Ad Jd 4s]
Seat 1: EmptyHouse0 (big blind) folded before Flop
Seat 2: Danilloo93 folded before Flop (didn't bet)
Seat 3: Lorpugo folded before Flop (didn't bet)
Seat 4: Yoshijosh123 collected ($0.18)
Seat 5: cucho0310 (button) folded on the Turn
Seat 6: 4oAses (small blind) folded before Flop



PokerStars Hand #239211184044:  Hold'em No Limit ($0.01/$0.02 USD) - 2022/10/13 17:19:18 ET
Table 'Lycomedes' 6-max Seat #6 is the button
Seat 1: EmptyHouse0 ($2.02 in chips) 
Seat 2: Danilloo93 ($3.57 in chips) 
Seat 3: Lorpugo ($1.59 in chips) 
Seat 4: Yoshijosh123 ($2.14 in chips) 
Seat 5: cucho0310 ($2.16 in chips) 
Seat 6: 4oAses ($2.98 in chips) 
EmptyHouse0: posts small blind $0.01
Danilloo93: posts big blind $0.02
*** HOLE CARDS ***
Dealt to Lorpugo [6h Ad]
Lorpugo: folds 
Yoshijosh123: folds 
cucho0310: folds 
4oAses: folds 
EmptyHouse0: raises $0.04 to $0.06
Danilloo93: folds 
Uncalled bet ($0.04) returned to EmptyHouse0
EmptyHouse0 collected $0.04 from pot
EmptyHouse0: doesn't show hand 
*** SUMMARY ***
Total pot $0.04 | Rake $0 
Seat 1: EmptyHouse0 (small blind) collected ($0.04)
Seat 2: Danilloo93 (big blind) folded before Flop
Seat 3: Lorpugo folded before Flop (didn't bet)
Seat 4: Yoshijosh123 folded before Flop (didn't bet)
Seat 5: cucho0310 folded before Flop (didn't bet)
Seat 6: 4oAses (button) folded before Flop (didn't bet)



PokerStars Hand #239211190214:  Hold'em No Limit ($0.01/$0.02 USD) - 2022/10/13 17:19:35 ET
Table 'Lycomedes' 6-max Seat #1 is the button
Seat 1: EmptyHouse0 ($2.04 in chips) 
Seat 2: Danilloo93 ($3.55 in chips) 
Seat 3: Lorpugo ($1.59 in chips) 
Seat 4: Yoshijosh123 ($2.14 in chips) 
Seat 5: cucho0310 ($2.16 in chips) 
Seat 6: 4oAses ($2.98 in chips) 
Danilloo93: posts small blind $0.01
Lorpugo: posts big blind $0.02
*** HOLE CARDS ***
Dealt to Lorpugo [9d Jc]
Yoshijosh123: folds 
cucho0310: raises $0.04 to $0.06
4oAses: folds 
EmptyHouse0: folds 
Danilloo93: folds 
Lorpugo: folds 
Uncalled bet ($0.04) returned to cucho0310
cucho0310 collected $0.05 from pot
*** SUMMARY ***
Total pot $0.05 | Rake $0 
Seat 1: EmptyHouse0 (button) folded before Flop (didn't bet)
Seat 2: Danilloo93 (small blind) folded before Flop
Seat 3: Lorpugo (big blind) folded before Flop
Seat 4: Yoshijosh123 folded before Flop (didn't bet)
Seat 5: cucho0310 collected ($0.05)
Seat 6: 4oAses folded before Flop (didn't bet)



PokerStars Hand #239211196044:  Hold'em No Limit ($0.01/$0.02 USD) - 2022/10/13 17:19:50 ET
Table 'Lycomedes' 6-max Seat #2 is the button
Seat 1: EmptyHouse0 ($2.04 in chips) 
Seat 2: Danilloo93 ($3.54 in chips) 
Seat 3: Lorpugo ($1.57 in chips) 
Seat 4: Yoshijosh123 ($2.14 in chips) 
Seat 5: cucho0310 ($2.19 in chips) 
Seat 6: 4oAses ($2.98 in chips) 
Lorpugo: posts small blind $0.01
Yoshijosh123: posts big blind $0.02
*** HOLE CARDS ***
Dealt to Lorpugo [8c 5s]
cucho0310: raises $0.04 to $0.06
4oAses: folds 
EmptyHouse0: folds 
Danilloo93: folds 
Lorpugo: folds 
Yoshijosh123: calls $0.04
*** FLOP *** [3d Ad Kd]
Yoshijosh123: checks 
cucho0310: checks 
*** TURN *** [3d Ad Kd] [7d]
Yoshijosh123: checks 
cucho0310: checks 
*** RIVER *** [3d Ad Kd 7d] [4s]
Yoshijosh123: bets $0.06
cucho0310: calls $0.06
*** SHOW DOWN ***
Yoshijosh123: shows [Js Jh] (a pair of Jacks)
cucho0310: shows [Ac 6c] (a pair of Aces)
cucho0310 collected $0.24 from pot
*** SUMMARY ***
Total pot $0.25 | Rake $0.01 
Board [3d Ad Kd 7d 4s]
Seat 1: EmptyHouse0 folded before Flop (didn't bet)
Seat 2: Danilloo93 (button) folded before Flop (didn't bet)
Seat 3: Lorpugo (small blind) folded before Flop
Seat 4: Yoshijosh123 (big blind) showed [Js Jh] and lost with a pair of Jacks
Seat 5: cucho0310 showed [Ac 6c] and won ($0.24) with a pair of Aces
Seat 6: 4oAses folded before Flop (didn't bet)



PokerStars Hand #239211210245:  Hold'em No Limit ($0.01/$0.02 USD) - 2022/10/13 17:20:29 ET
Table 'Lycomedes' 6-max Seat #3 is the button
Seat 1: EmptyHouse0 ($2.04 in chips) 
Seat 2: Danilloo93 ($3.54 in chips) 
Seat 3: Lorpugo ($1.56 in chips) 
Seat 4: Yoshijosh123 ($2.02 in chips) 
Seat 5: cucho0310 ($2.31 in chips) 
Seat 6: 4oAses ($2.98 in chips) 
Yoshijosh123: posts small blind $0.01
cucho0310: posts big blind $0.02
*** HOLE CARDS ***
Dealt to Lorpugo [Kh 5h]
4oAses: folds 
EmptyHouse0: raises $0.04 to $0.06
Danilloo93: folds 
Lorpugo: folds 
Yoshijosh123: calls $0.05
cucho0310: folds 
*** FLOP *** [6h 6s 4d]
Yoshijosh123: checks 
EmptyHouse0: bets $0.06
Yoshijosh123: calls $0.06
*** TURN *** [6h 6s 4d] [Tc]
Yoshijosh123: checks 
EmptyHouse0: bets $0.06
Yoshijosh123: calls $0.06
*** RIVER *** [6h 6s 4d Tc] [9s]
Yoshijosh123: checks 
EmptyHouse0: bets $0.20
Yoshijosh123: folds 
Uncalled bet ($0.20) returned to EmptyHouse0
EmptyHouse0 collected $0.37 from pot
EmptyHouse0: doesn't show hand 
*** SUMMARY ***
Total pot $0.38 | Rake $0.01 
Board [6h 6s 4d Tc 9s]
Seat 1: EmptyHouse0 collected ($0.37)
Seat 2: Danilloo93 folded before Flop (didn't bet)
Seat 3: Lorpugo (button) folded before Flop (didn't bet)
Seat 4: Yoshijosh123 (small blind) folded on the River
Seat 5: cucho0310 (big blind) folded before Flop
Seat 6: 4oAses folded before Flop (didn't bet)



PokerStars Hand #239211233341:  Hold'em No Limit ($0.01/$0.02 USD) - 2022/10/13 17:21:32 ET
Table 'Lycomedes' 6-max Seat #4 is the button
Seat 1: EmptyHouse0 ($2.23 in chips) 
Seat 3: Lorpugo ($1.56 in chips) 
Seat 4: Yoshijosh123 ($1.84 in chips) 
Seat 5: cucho0310 ($2.29 in chips) 
Seat 6: 4oAses ($2.98 in chips) 
cucho0310: posts small blind $0.01
4oAses: posts big blind $0.02
*** HOLE CARDS ***
Dealt to Lorpugo [4d 4h]
Danilloo93 leaves the table
EmptyHouse0: folds 
Lorpugo: raises $0.02 to $0.04
Yoshijosh123: calls $0.04
cucho0310: folds 
4oAses: calls $0.02
*** FLOP *** [Ah 6c 6s]
4oAses: checks 
Lorpugo: bets $0.02
Yoshijosh123: calls $0.02
4oAses: raises $0.06 to $0.08
Lorpugo: folds 
Yoshijosh123: calls $0.06
*** TURN *** [Ah 6c 6s] [7d]
4oAses: bets $0.30
ben switch joins the table at seat #2 
Yoshijosh123: folds 
Uncalled bet ($0.30) returned to 4oAses
4oAses collected $0.30 from pot
4oAses: doesn't show hand 
*** SUMMARY ***
Total pot $0.31 | Rake $0.01 
Board [Ah 6c 6s 7d]
Seat 1: EmptyHouse0 folded before Flop (didn't bet)
Seat 3: Lorpugo folded on the Flop
Seat 4: Yoshijosh123 (button) folded on the Turn
Seat 5: cucho0310 (small blind) folded before Flop
Seat 6: 4oAses (big blind) collected ($0.30)



PokerStars Hand #239211256831:  Hold'em No Limit ($0.01/$0.02 USD) - 2022/10/13 17:22:35 ET
Table 'Lycomedes' 6-max Seat #5 is the button
Seat 1: EmptyHouse0 ($2.23 in chips) 
Seat 3: Lorpugo ($1.50 in chips) 
Seat 4: Yoshijosh123 ($1.72 in chips) 
Seat 5: cucho0310 ($2.28 in chips) 
Seat 6: 4oAses ($3.16 in chips) 
4oAses: posts small blind $0.01
EmptyHouse0: posts big blind $0.02
ben switch: sits out 
*** HOLE CARDS ***
Dealt to Lorpugo [8h 7h]
Lorpugo: raises $0.02 to $0.04
Yoshijosh123: folds 
cucho0310: calls $0.04
4oAses: folds 
EmptyHouse0: calls $0.02
*** FLOP *** [Ts 2s Kd]
EmptyHouse0: bets $0.02
Lorpugo: folds 
cucho0310: folds 
Uncalled bet ($0.02) returned to EmptyHouse0
EmptyHouse0 collected $0.13 from pot
EmptyHouse0: doesn't show hand 
*** SUMMARY ***
Total pot $0.13 | Rake $0 
Board [Ts 2s Kd]
Seat 1: EmptyHouse0 (big blind) collected ($0.13)
Seat 3: Lorpugo folded on the Flop
Seat 4: Yoshijosh123 folded before Flop (didn't bet)
Seat 5: cucho0310 (button) folded on the Flop
Seat 6: 4oAses (small blind) folded before Flop



PokerStars Hand #239211269256:  Hold'em No Limit ($0.01/$0.02 USD) - 2022/10/13 17:23:08 ET
Table 'Lycomedes' 6-max Seat #6 is the button
Seat 1: EmptyHouse0 ($2.32 in chips) 
Seat 2: ben switch ($1.60 in chips) 
Seat 3: Lorpugo ($1.46 in chips) 
Seat 4: Yoshijosh123 ($1.72 in chips) 
Seat 5: cucho0310 ($2.24 in chips) 
Seat 6: 4oAses ($3.15 in chips) 
EmptyHouse0: posts small blind $0.01
ben switch: posts big blind $0.02
*** HOLE CARDS ***
Dealt to Lorpugo [Ah 9d]
Lorpugo: folds 
Yoshijosh123: calls $0.02
cucho0310: folds 
4oAses: folds 
EmptyHouse0: raises $0.02 to $0.04
ben switch: folds 
Yoshijosh123: calls $0.02
*** FLOP *** [Kh 4s 5c]
EmptyHouse0: checks 
cucho0310 leaves the table
Yoshijosh123: bets $0.18
EmptyHouse0: folds 
Uncalled bet ($0.18) returned to Yoshijosh123
Yoshijosh123 collected $0.10 from pot
*** SUMMARY ***
Total pot $0.10 | Rake $0 
Board [Kh 4s 5c]
Seat 1: EmptyHouse0 (small blind) folded on the Flop
Seat 2: ben switch (big blind) folded before Flop
Seat 3: Lorpugo folded before Flop (didn't bet)
Seat 4: Yoshijosh123 collected ($0.10)
Seat 5: cucho0310 folded before Flop (didn't bet)
Seat 6: 4oAses (button) folded before Flop (didn't bet)



PokerStars Hand #239211282728:  Hold'em No Limit ($0.01/$0.02 USD) - 2022/10/13 17:23:45 ET
Table 'Lycomedes' 6-max Seat #1 is the button
Seat 1: EmptyHouse0 ($2.28 in chips) 
Seat 2: ben switch ($1.60 in chips) 
Seat 3: Lorpugo ($1.46 in chips) 
Seat 4: Yoshijosh123 ($1.78 in chips) 
Seat 6: 4oAses ($3.15 in chips) 
ben switch: posts small blind $0.01
Lorpugo: posts big blind $0.02
*** HOLE CARDS ***
Dealt to Lorpugo [2s 7d]
Yoshijosh123: folds 
4oAses: folds 
EmptyHouse0: folds 
ben switch: raises $0.04 to $0.06
Lorpugo: folds 
Uncalled bet ($0.04) returned to ben switch
ben switch collected $0.04 from pot
ben switch: doesn't show hand 
*** SUMMARY ***
Total pot $0.04 | Rake $0 
Seat 1: EmptyHouse0 (button) folded before Flop (didn't bet)
Seat 2: ben switch (small blind) collected ($0.04)
Seat 3: Lorpugo (big blind) folded before Flop
Seat 4: Yoshijosh123 folded before Flop (didn't bet)
Seat 6: 4oAses folded before Flop (didn't bet)



PokerStars Hand #239211286007:  Hold'em No Limit ($0.01/$0.02 USD) - 2022/10/13 17:23:54 ET
Table 'Lycomedes' 6-max Seat #2 is the button
Seat 1: EmptyHouse0 ($2.28 in chips) 
Seat 2: ben switch ($1.62 in chips) 
Seat 3: Lorpugo ($1.44 in chips) 
Seat 4: Yoshijosh123 ($1.78 in chips) 
Seat 6: 4oAses ($3.15 in chips) 
Lorpugo: posts small blind $0.01
Yoshijosh123: posts big blind $0.02
*** HOLE CARDS ***
Dealt to Lorpugo [8s Ac]
4oAses: folds 
dsolmos joins the table at seat #5 
EmptyHouse0: raises $0.02 to $0.04
ben switch: calls $0.04
Lorpugo: raises $0.14 to $0.18
Yoshijosh123: folds 
EmptyHouse0: folds 
ben switch: calls $0.14
*** FLOP *** [9s Qd Ts]
Lorpugo: checks 
ben switch: checks 
*** TURN *** [9s Qd Ts] [7h]
Lorpugo: checks 
ben switch: bets $0.04
Lorpugo: calls $0.04
*** RIVER *** [9s Qd Ts 7h] [Kd]
Lorpugo: checks 
ben switch: bets $0.48
Lorpugo: folds 
Uncalled bet ($0.48) returned to ben switch
ben switch collected $0.48 from pot
ben switch: doesn't show hand 
*** SUMMARY ***
Total pot $0.50 | Rake $0.02 
Board [9s Qd Ts 7h Kd]
Seat 1: EmptyHouse0 folded before Flop
Seat 2: ben switch (button) collected ($0.48)
Seat 3: Lorpugo (small blind) folded on the River
Seat 4: Yoshijosh123 (big blind) folded before Flop
Seat 6: 4oAses folded before Flop (didn't bet)



PokerStars Hand #239211305460:  Hold'em No Limit ($0.01/$0.02 USD) - 2022/10/13 17:24:47 ET
Table 'Lycomedes' 6-max Seat #3 is the button
Seat 1: EmptyHouse0 ($2.24 in chips) 
Seat 2: ben switch ($1.88 in chips) 
Seat 3: Lorpugo ($1.22 in chips) 
Seat 4: Yoshijosh123 ($1.76 in chips) 
Seat 5: dsolmos ($2 in chips) 
Seat 6: 4oAses ($3.15 in chips) 
Yoshijosh123: posts small blind $0.01
dsolmos: posts big blind $0.02
*** HOLE CARDS ***
Dealt to Lorpugo [7d 2s]
4oAses: folds 
EmptyHouse0: folds 
ben switch: folds 
Lorpugo: folds 
Yoshijosh123: folds 
Uncalled bet ($0.01) returned to dsolmos
dsolmos collected $0.02 from pot
*** SUMMARY ***
Total pot $0.02 | Rake $0 
Seat 1: EmptyHouse0 folded before Flop (didn't bet)
Seat 2: ben switch folded before Flop (didn't bet)
Seat 3: Lorpugo (button) folded before Flop (didn't bet)
Seat 4: Yoshijosh123 (small blind) folded before Flop
Seat 5: dsolmos (big blind) collected ($0.02)
Seat 6: 4oAses folded before Flop (didn't bet)



PokerStars Hand #239211309964:  Hold'em No Limit ($0.01/$0.02 USD) - 2022/10/13 17:25:00 ET
Table 'Lycomedes' 6-max Seat #4 is the button
Seat 1: EmptyHouse0 ($2.24 in chips) 
Seat 2: ben switch ($1.88 in chips) 
Seat 3: Lorpugo ($1.22 in chips) 
Seat 4: Yoshijosh123 ($1.75 in chips) 
Seat 5: dsolmos ($2.01 in chips) 
Seat 6: 4oAses ($3.15 in chips) 
dsolmos: posts small blind $0.01
4oAses: posts big blind $0.02
*** HOLE CARDS ***
Dealt to Lorpugo [Jd 6d]
EmptyHouse0: folds 
ben switch: folds 
Lorpugo has timed out
Lorpugo: folds 
Yoshijosh123: folds 
dsolmos: folds 
Uncalled bet ($0.01) returned to 4oAses
4oAses collected $0.02 from pot
4oAses: doesn't show hand 
*** SUMMARY ***
Total pot $0.02 | Rake $0 
Seat 1: EmptyHouse0 folded before Flop (didn't bet)
Seat 2: ben switch folded before Flop (didn't bet)
Seat 3: Lorpugo folded before Flop (didn't bet)
Seat 4: Yoshijosh123 (button) folded before Flop (didn't bet)
Seat 5: dsolmos (small blind) folded before Flop
Seat 6: 4oAses (big blind) collected ($0.02)



