PokerStars Hand #239468303153:  Hold'em No Limit ($0.01/$0.02 USD) - 2022/10/26 14:44:20 ET
Table 'Lohmann II' 6-max Seat #5 is the button
Seat 1: Lorpugo ($1.60 in chips) 
Seat 2: abona182 ($2.06 in chips) 
Seat 3: Björk123 ($3.67 in chips) 
Seat 4: MeepoBoy ($3.35 in chips) 
Seat 5: Ubersetzer ($0.62 in chips) 
Seat 6: 5gold jigsaw ($2.91 in chips) 
5gold jigsaw: posts small blind $0.01
Lorpugo: posts big blind $0.02
*** HOLE CARDS ***
Dealt to Lorpugo [4h 2c]
abona182: folds 
Björk123: folds 
MeepoBoy: folds 
Ubersetzer: folds 
5gold jigsaw: folds 
Uncalled bet ($0.01) returned to Lorpugo
Lorpugo collected $0.02 from pot
Lorpugo: doesn't show hand 
*** SUMMARY ***
Total pot $0.02 | Rake $0 
Seat 1: Lorpugo (big blind) collected ($0.02)
Seat 2: abona182 folded before Flop (didn't bet)
Seat 3: Björk123 folded before Flop (didn't bet)
Seat 4: MeepoBoy folded before Flop (didn't bet)
Seat 5: Ubersetzer (button) folded before Flop (didn't bet)
Seat 6: 5gold jigsaw (small blind) folded before Flop



PokerStars Hand #239468310049:  Hold'em No Limit ($0.01/$0.02 USD) - 2022/10/26 14:44:39 ET
Table 'Lohmann II' 6-max Seat #6 is the button
Seat 1: Lorpugo ($1.61 in chips) 
Seat 2: abona182 ($2.06 in chips) 
Seat 3: Björk123 ($3.67 in chips) 
Seat 4: MeepoBoy ($3.35 in chips) 
Seat 5: Ubersetzer ($0.62 in chips) 
Seat 6: 5gold jigsaw ($2.90 in chips) 
Lorpugo: posts small blind $0.01
abona182: posts big blind $0.02
*** HOLE CARDS ***
Dealt to Lorpugo [Ah Jc]
Björk123: folds 
MeepoBoy: folds 
Ubersetzer: folds 
5gold jigsaw: folds 
Lorpugo: raises $0.04 to $0.06
abona182: calls $0.04
*** FLOP *** [9d 4d 5c]
Lorpugo: checks 
abona182: bets $0.06
Lorpugo: calls $0.06
*** TURN *** [9d 4d 5c] [Ts]
Lorpugo: checks 
abona182: checks 
*** RIVER *** [9d 4d 5c Ts] [3s]
Lorpugo: bets $0.14
abona182: folds 
Uncalled bet ($0.14) returned to Lorpugo
Lorpugo collected $0.23 from pot
Lorpugo: doesn't show hand 
*** SUMMARY ***
Total pot $0.24 | Rake $0.01 
Board [9d 4d 5c Ts 3s]
Seat 1: Lorpugo (small blind) collected ($0.23)
Seat 2: abona182 (big blind) folded on the River
Seat 3: Björk123 folded before Flop (didn't bet)
Seat 4: MeepoBoy folded before Flop (didn't bet)
Seat 5: Ubersetzer folded before Flop (didn't bet)
Seat 6: 5gold jigsaw (button) folded before Flop (didn't bet)



PokerStars Hand #239468329194:  Hold'em No Limit ($0.01/$0.02 USD) - 2022/10/26 14:45:30 ET
Table 'Lohmann II' 6-max Seat #1 is the button
Seat 1: Lorpugo ($1.72 in chips) 
Seat 2: abona182 ($2 in chips) 
Seat 3: Björk123 ($3.67 in chips) 
Seat 4: MeepoBoy ($3.35 in chips) 
Seat 5: Ubersetzer ($0.62 in chips) 
Seat 6: 5gold jigsaw ($2.90 in chips) 
abona182: posts small blind $0.01
Björk123: posts big blind $0.02
*** HOLE CARDS ***
Dealt to Lorpugo [2h 8h]
MeepoBoy: folds 
Ubersetzer: raises $0.04 to $0.06
5gold jigsaw: folds 
Lorpugo: folds 
abona182: folds 
Björk123: folds 
Uncalled bet ($0.04) returned to Ubersetzer
Ubersetzer collected $0.05 from pot
Ubersetzer: doesn't show hand 
*** SUMMARY ***
Total pot $0.05 | Rake $0 
Seat 1: Lorpugo (button) folded before Flop (didn't bet)
Seat 2: abona182 (small blind) folded before Flop
Seat 3: Björk123 (big blind) folded before Flop
Seat 4: MeepoBoy folded before Flop (didn't bet)
Seat 5: Ubersetzer collected ($0.05)
Seat 6: 5gold jigsaw folded before Flop (didn't bet)



PokerStars Hand #239468336669:  Hold'em No Limit ($0.01/$0.02 USD) - 2022/10/26 14:45:51 ET
Table 'Lohmann II' 6-max Seat #2 is the button
Seat 1: Lorpugo ($1.72 in chips) 
Seat 2: abona182 ($2 in chips) 
Seat 3: Björk123 ($3.65 in chips) 
Seat 4: MeepoBoy ($3.35 in chips) 
Seat 5: Ubersetzer ($0.65 in chips) 
Seat 6: 5gold jigsaw ($2.90 in chips) 
Björk123: posts small blind $0.01
MeepoBoy: posts big blind $0.02
*** HOLE CARDS ***
Dealt to Lorpugo [Ts 9c]
Ubersetzer: folds 
5gold jigsaw: folds 
Lorpugo: raises $0.04 to $0.06
abona182: folds 
Björk123: folds 
MeepoBoy: folds 
Uncalled bet ($0.04) returned to Lorpugo
Lorpugo collected $0.05 from pot
Lorpugo: doesn't show hand 
*** SUMMARY ***
Total pot $0.05 | Rake $0 
Seat 1: Lorpugo collected ($0.05)
Seat 2: abona182 (button) folded before Flop (didn't bet)
Seat 3: Björk123 (small blind) folded before Flop
Seat 4: MeepoBoy (big blind) folded before Flop
Seat 5: Ubersetzer folded before Flop (didn't bet)
Seat 6: 5gold jigsaw folded before Flop (didn't bet)



PokerStars Hand #239468341314:  Hold'em No Limit ($0.01/$0.02 USD) - 2022/10/26 14:46:03 ET
Table 'Lohmann II' 6-max Seat #3 is the button
Seat 1: Lorpugo ($1.75 in chips) 
Seat 2: abona182 ($2 in chips) 
Seat 3: Björk123 ($3.64 in chips) 
Seat 4: MeepoBoy ($3.33 in chips) 
Seat 5: Ubersetzer ($0.65 in chips) 
Seat 6: 5gold jigsaw ($2.90 in chips) 
MeepoBoy: posts small blind $0.01
Ubersetzer: posts big blind $0.02
*** HOLE CARDS ***
Dealt to Lorpugo [As 4d]
5gold jigsaw: folds 
Lorpugo: raises $0.04 to $0.06
abona182: folds 
Björk123: folds 
MeepoBoy: folds 
Ubersetzer: folds 
Uncalled bet ($0.04) returned to Lorpugo
Lorpugo collected $0.05 from pot
Lorpugo: doesn't show hand 
*** SUMMARY ***
Total pot $0.05 | Rake $0 
Seat 1: Lorpugo collected ($0.05)
Seat 2: abona182 folded before Flop (didn't bet)
Seat 3: Björk123 (button) folded before Flop (didn't bet)
Seat 4: MeepoBoy (small blind) folded before Flop
Seat 5: Ubersetzer (big blind) folded before Flop
Seat 6: 5gold jigsaw folded before Flop (didn't bet)



PokerStars Hand #239468347051:  Hold'em No Limit ($0.01/$0.02 USD) - 2022/10/26 14:46:18 ET
Table 'Lohmann II' 6-max Seat #4 is the button
Seat 1: Lorpugo ($1.78 in chips) 
Seat 2: abona182 ($2 in chips) 
Seat 3: Björk123 ($3.64 in chips) 
Seat 4: MeepoBoy ($3.32 in chips) 
Seat 5: Ubersetzer ($0.63 in chips) 
Seat 6: 5gold jigsaw ($2.90 in chips) 
Ubersetzer: posts small blind $0.01
5gold jigsaw: posts big blind $0.02
*** HOLE CARDS ***
Dealt to Lorpugo [3c 2h]
Lorpugo: folds 
abona182: raises $0.05 to $0.07
Björk123: folds 
MeepoBoy: folds 
Ubersetzer: folds 
5gold jigsaw: calls $0.05
*** FLOP *** [3h Ah 8d]
5gold jigsaw: checks 
abona182: bets $0.07
5gold jigsaw: folds 
Uncalled bet ($0.07) returned to abona182
abona182 collected $0.14 from pot
abona182: doesn't show hand 
*** SUMMARY ***
Total pot $0.15 | Rake $0.01 
Board [3h Ah 8d]
Seat 1: Lorpugo folded before Flop (didn't bet)
Seat 2: abona182 collected ($0.14)
Seat 3: Björk123 folded before Flop (didn't bet)
Seat 4: MeepoBoy (button) folded before Flop (didn't bet)
Seat 5: Ubersetzer (small blind) folded before Flop
Seat 6: 5gold jigsaw (big blind) folded on the Flop



PokerStars Hand #239468357508:  Hold'em No Limit ($0.01/$0.02 USD) - 2022/10/26 14:46:46 ET
Table 'Lohmann II' 6-max Seat #5 is the button
Seat 1: Lorpugo ($1.78 in chips) 
Seat 2: abona182 ($2.07 in chips) 
Seat 3: Björk123 ($3.64 in chips) 
Seat 4: MeepoBoy ($3.32 in chips) 
Seat 5: Ubersetzer ($0.62 in chips) 
Seat 6: 5gold jigsaw ($2.83 in chips) 
5gold jigsaw: posts small blind $0.01
Lorpugo: posts big blind $0.02
*** HOLE CARDS ***
Dealt to Lorpugo [As 5c]
abona182: folds 
Björk123: folds 
MeepoBoy: folds 
Ubersetzer: raises $0.04 to $0.06
5gold jigsaw: calls $0.05
Lorpugo: calls $0.04
*** FLOP *** [3s 2d 5d]
5gold jigsaw: checks 
Lorpugo: bets $0.11
Ubersetzer: folds 
5gold jigsaw: folds 
Uncalled bet ($0.11) returned to Lorpugo
Lorpugo collected $0.17 from pot
Lorpugo: doesn't show hand 
*** SUMMARY ***
Total pot $0.18 | Rake $0.01 
Board [3s 2d 5d]
Seat 1: Lorpugo (big blind) collected ($0.17)
Seat 2: abona182 folded before Flop (didn't bet)
Seat 3: Björk123 folded before Flop (didn't bet)
Seat 4: MeepoBoy folded before Flop (didn't bet)
Seat 5: Ubersetzer (button) folded on the Flop
Seat 6: 5gold jigsaw (small blind) folded on the Flop



PokerStars Hand #239468369147:  Hold'em No Limit ($0.01/$0.02 USD) - 2022/10/26 14:47:17 ET
Table 'Lohmann II' 6-max Seat #6 is the button
Seat 1: Lorpugo ($1.89 in chips) 
Seat 2: abona182 ($2.07 in chips) 
Seat 3: Björk123 ($3.64 in chips) 
Seat 4: MeepoBoy ($3.32 in chips) 
Seat 5: Ubersetzer ($0.56 in chips) 
Seat 6: 5gold jigsaw ($2.77 in chips) 
Lorpugo: posts small blind $0.01
abona182: posts big blind $0.02
*** HOLE CARDS ***
Dealt to Lorpugo [3d 2c]
Björk123: raises $0.04 to $0.06
MeepoBoy: folds 
Ubersetzer: folds 
5gold jigsaw: folds 
Lorpugo: folds 
abona182: calls $0.04
*** FLOP *** [5d 7c 2d]
abona182: checks 
Björk123: bets $0.08
abona182: calls $0.08
*** TURN *** [5d 7c 2d] [Ts]
abona182: bets $0.14
Björk123: folds 
Uncalled bet ($0.14) returned to abona182
abona182 collected $0.28 from pot
abona182: doesn't show hand 
*** SUMMARY ***
Total pot $0.29 | Rake $0.01 
Board [5d 7c 2d Ts]
Seat 1: Lorpugo (small blind) folded before Flop
Seat 2: abona182 (big blind) collected ($0.28)
Seat 3: Björk123 folded on the Turn
Seat 4: MeepoBoy folded before Flop (didn't bet)
Seat 5: Ubersetzer folded before Flop (didn't bet)
Seat 6: 5gold jigsaw (button) folded before Flop (didn't bet)



PokerStars Hand #239468388556:  Hold'em No Limit ($0.01/$0.02 USD) - 2022/10/26 14:48:09 ET
Table 'Lohmann II' 6-max Seat #1 is the button
Seat 1: Lorpugo ($1.88 in chips) 
Seat 2: abona182 ($2.21 in chips) 
Seat 3: Björk123 ($3.50 in chips) 
Seat 4: MeepoBoy ($3.32 in chips) 
Seat 5: Ubersetzer ($0.56 in chips) 
Seat 6: 5gold jigsaw ($2.77 in chips) 
abona182: posts small blind $0.01
Björk123: posts big blind $0.02
*** HOLE CARDS ***
Dealt to Lorpugo [Ks 7c]
MeepoBoy: folds 
Ubersetzer: folds 
5gold jigsaw: raises $0.03 to $0.05
Lorpugo: folds 
abona182: folds 
Björk123: folds 
Uncalled bet ($0.03) returned to 5gold jigsaw
5gold jigsaw collected $0.05 from pot
5gold jigsaw: doesn't show hand 
*** SUMMARY ***
Total pot $0.05 | Rake $0 
Seat 1: Lorpugo (button) folded before Flop (didn't bet)
Seat 2: abona182 (small blind) folded before Flop
Seat 3: Björk123 (big blind) folded before Flop
Seat 4: MeepoBoy folded before Flop (didn't bet)
Seat 5: Ubersetzer folded before Flop (didn't bet)
Seat 6: 5gold jigsaw collected ($0.05)



PokerStars Hand #239468395756:  Hold'em No Limit ($0.01/$0.02 USD) - 2022/10/26 14:48:28 ET
Table 'Lohmann II' 6-max Seat #2 is the button
Seat 1: Lorpugo ($1.88 in chips) 
Seat 2: abona182 ($2.20 in chips) 
Seat 3: Björk123 ($3.48 in chips) 
Seat 4: MeepoBoy ($3.32 in chips) 
Seat 5: Ubersetzer ($0.56 in chips) 
Seat 6: 5gold jigsaw ($2.80 in chips) 
Björk123: posts small blind $0.01
MeepoBoy: posts big blind $0.02
*** HOLE CARDS ***
Dealt to Lorpugo [5c 7s]
Ubersetzer: calls $0.02
5gold jigsaw: folds 
Lorpugo: folds 
abona182: calls $0.02
Björk123: folds 
MeepoBoy: checks 
*** FLOP *** [Kd 9d 7h]
MeepoBoy: checks 
Ubersetzer: bets $0.06
abona182: folds 
MeepoBoy: folds 
Uncalled bet ($0.06) returned to Ubersetzer
Ubersetzer collected $0.07 from pot
Ubersetzer: doesn't show hand 
*** SUMMARY ***
Total pot $0.07 | Rake $0 
Board [Kd 9d 7h]
Seat 1: Lorpugo folded before Flop (didn't bet)
Seat 2: abona182 (button) folded on the Flop
Seat 3: Björk123 (small blind) folded before Flop
Seat 4: MeepoBoy (big blind) folded on the Flop
Seat 5: Ubersetzer collected ($0.07)
Seat 6: 5gold jigsaw folded before Flop (didn't bet)



PokerStars Hand #239468408500:  Hold'em No Limit ($0.01/$0.02 USD) - 2022/10/26 14:49:02 ET
Table 'Lohmann II' 6-max Seat #3 is the button
Seat 1: Lorpugo ($1.88 in chips) 
Seat 2: abona182 ($2.18 in chips) 
Seat 3: Björk123 ($3.47 in chips) 
Seat 4: MeepoBoy ($3.30 in chips) 
Seat 5: Ubersetzer ($0.61 in chips) 
Seat 6: 5gold jigsaw ($2.80 in chips) 
MeepoBoy: posts small blind $0.01
Ubersetzer: posts big blind $0.02
*** HOLE CARDS ***
Dealt to Lorpugo [4s 7d]
5gold jigsaw: raises $0.03 to $0.05
Lorpugo: folds 
abona182: folds 
Björk123: folds 
MeepoBoy: calls $0.04
Ubersetzer: folds 
*** FLOP *** [Ts 8d Ad]
MeepoBoy: checks 
5gold jigsaw: bets $0.08
MeepoBoy: folds 
Uncalled bet ($0.08) returned to 5gold jigsaw
5gold jigsaw collected $0.12 from pot
5gold jigsaw: doesn't show hand 
*** SUMMARY ***
Total pot $0.12 | Rake $0 
Board [Ts 8d Ad]
Seat 1: Lorpugo folded before Flop (didn't bet)
Seat 2: abona182 folded before Flop (didn't bet)
Seat 3: Björk123 (button) folded before Flop (didn't bet)
Seat 4: MeepoBoy (small blind) folded on the Flop
Seat 5: Ubersetzer (big blind) folded before Flop
Seat 6: 5gold jigsaw collected ($0.12)



PokerStars Hand #239468417396:  Hold'em No Limit ($0.01/$0.02 USD) - 2022/10/26 14:49:25 ET
Table 'Lohmann II' 6-max Seat #4 is the button
Seat 1: Lorpugo ($1.88 in chips) 
Seat 2: abona182 ($2.18 in chips) 
Seat 3: Björk123 ($3.47 in chips) 
Seat 4: MeepoBoy ($3.25 in chips) 
Seat 5: Ubersetzer ($0.59 in chips) 
Seat 6: 5gold jigsaw ($2.87 in chips) 
Ubersetzer: posts small blind $0.01
5gold jigsaw: posts big blind $0.02
*** HOLE CARDS ***
Dealt to Lorpugo [2s Td]
Lorpugo: folds 
abona182: folds 
Björk123: raises $0.04 to $0.06
MeepoBoy: folds 
Ubersetzer: folds 
5gold jigsaw: folds 
Uncalled bet ($0.04) returned to Björk123
Björk123 collected $0.05 from pot
Björk123: doesn't show hand 
*** SUMMARY ***
Total pot $0.05 | Rake $0 
Seat 1: Lorpugo folded before Flop (didn't bet)
Seat 2: abona182 folded before Flop (didn't bet)
Seat 3: Björk123 collected ($0.05)
Seat 4: MeepoBoy (button) folded before Flop (didn't bet)
Seat 5: Ubersetzer (small blind) folded before Flop
Seat 6: 5gold jigsaw (big blind) folded before Flop



PokerStars Hand #239468422010:  Hold'em No Limit ($0.01/$0.02 USD) - 2022/10/26 14:49:37 ET
Table 'Lohmann II' 6-max Seat #5 is the button
Seat 1: Lorpugo ($1.88 in chips) 
Seat 2: abona182 ($2.18 in chips) 
Seat 3: Björk123 ($3.50 in chips) 
Seat 4: MeepoBoy ($3.25 in chips) 
Seat 5: Ubersetzer ($0.58 in chips) 
Seat 6: 5gold jigsaw ($2.85 in chips) 
5gold jigsaw: posts small blind $0.01
Lorpugo: posts big blind $0.02
*** HOLE CARDS ***
Dealt to Lorpugo [3h 5d]
abona182: folds 
Björk123: folds 
MeepoBoy: folds 
Ubersetzer: raises $0.04 to $0.06
5gold jigsaw: folds 
Lorpugo: folds 
Uncalled bet ($0.04) returned to Ubersetzer
Ubersetzer collected $0.05 from pot
Ubersetzer: doesn't show hand 
*** SUMMARY ***
Total pot $0.05 | Rake $0 
Seat 1: Lorpugo (big blind) folded before Flop
Seat 2: abona182 folded before Flop (didn't bet)
Seat 3: Björk123 folded before Flop (didn't bet)
Seat 4: MeepoBoy folded before Flop (didn't bet)
Seat 5: Ubersetzer (button) collected ($0.05)
Seat 6: 5gold jigsaw (small blind) folded before Flop



PokerStars Hand #239468427270:  Hold'em No Limit ($0.01/$0.02 USD) - 2022/10/26 14:49:51 ET
Table 'Lohmann II' 6-max Seat #6 is the button
Seat 1: Lorpugo ($1.86 in chips) 
Seat 2: abona182 ($2.18 in chips) 
Seat 3: Björk123 ($3.50 in chips) 
Seat 4: MeepoBoy ($3.25 in chips) 
Seat 5: Ubersetzer ($0.61 in chips) 
Seat 6: 5gold jigsaw ($2.84 in chips) 
Lorpugo: posts small blind $0.01
abona182: posts big blind $0.02
*** HOLE CARDS ***
Dealt to Lorpugo [Kc 9d]
Björk123: folds 
MeepoBoy: folds 
Ubersetzer: folds 
5gold jigsaw: folds 
Lorpugo: raises $0.04 to $0.06
abona182: folds 
Uncalled bet ($0.04) returned to Lorpugo
Lorpugo collected $0.04 from pot
Lorpugo: doesn't show hand 
*** SUMMARY ***
Total pot $0.04 | Rake $0 
Seat 1: Lorpugo (small blind) collected ($0.04)
Seat 2: abona182 (big blind) folded before Flop
Seat 3: Björk123 folded before Flop (didn't bet)
Seat 4: MeepoBoy folded before Flop (didn't bet)
Seat 5: Ubersetzer folded before Flop (didn't bet)
Seat 6: 5gold jigsaw (button) folded before Flop (didn't bet)



PokerStars Hand #239468434217:  Hold'em No Limit ($0.01/$0.02 USD) - 2022/10/26 14:50:10 ET
Table 'Lohmann II' 6-max Seat #1 is the button
Seat 1: Lorpugo ($1.88 in chips) 
Seat 2: abona182 ($2.16 in chips) 
Seat 3: Björk123 ($3.50 in chips) 
Seat 4: MeepoBoy ($3.25 in chips) 
Seat 5: Ubersetzer ($0.61 in chips) 
Seat 6: 5gold jigsaw ($2.84 in chips) 
abona182: posts small blind $0.01
Björk123: posts big blind $0.02
*** HOLE CARDS ***
Dealt to Lorpugo [3c Jc]
MeepoBoy: folds 
Ubersetzer: folds 
5gold jigsaw: folds 
Lorpugo: raises $0.04 to $0.06
abona182: folds 
Björk123: raises $0.12 to $0.18
Lorpugo: folds 
Uncalled bet ($0.12) returned to Björk123
Björk123 collected $0.13 from pot
Björk123: doesn't show hand 
*** SUMMARY ***
Total pot $0.13 | Rake $0 
Seat 1: Lorpugo (button) folded before Flop
Seat 2: abona182 (small blind) folded before Flop
Seat 3: Björk123 (big blind) collected ($0.13)
Seat 4: MeepoBoy folded before Flop (didn't bet)
Seat 5: Ubersetzer folded before Flop (didn't bet)
Seat 6: 5gold jigsaw folded before Flop (didn't bet)



PokerStars Hand #239468444423:  Hold'em No Limit ($0.01/$0.02 USD) - 2022/10/26 14:50:37 ET
Table 'Lohmann II' 6-max Seat #2 is the button
Seat 1: Lorpugo ($1.82 in chips) 
Seat 2: abona182 ($2.15 in chips) 
Seat 3: Björk123 ($3.57 in chips) 
Seat 4: MeepoBoy ($3.25 in chips) 
Seat 5: Ubersetzer ($0.61 in chips) 
Seat 6: 5gold jigsaw ($2.84 in chips) 
Björk123: posts small blind $0.01
MeepoBoy: posts big blind $0.02
*** HOLE CARDS ***
Dealt to Lorpugo [Qs Ts]
Ubersetzer: folds 
5gold jigsaw: folds 
Lorpugo: raises $0.04 to $0.06
abona182: calls $0.06
Björk123: folds 
MeepoBoy: folds 
*** FLOP *** [4d Jd 6d]
Lorpugo: bets $0.02
abona182: calls $0.02
*** TURN *** [4d Jd 6d] [9d]
Lorpugo: bets $0.02
abona182: calls $0.02
*** RIVER *** [4d Jd 6d 9d] [Kc]
Lorpugo: bets $0.02
abona182: calls $0.02
*** SHOW DOWN ***
Lorpugo: shows [Qs Ts] (a straight, Nine to King)
abona182: mucks hand 
Lorpugo collected $0.26 from pot
*** SUMMARY ***
Total pot $0.27 | Rake $0.01 
Board [4d Jd 6d 9d Kc]
Seat 1: Lorpugo showed [Qs Ts] and won ($0.26) with a straight, Nine to King
Seat 2: abona182 (button) mucked [Jc Kh]
Seat 3: Björk123 (small blind) folded before Flop
Seat 4: MeepoBoy (big blind) folded before Flop
Seat 5: Ubersetzer folded before Flop (didn't bet)
Seat 6: 5gold jigsaw folded before Flop (didn't bet)



PokerStars Hand #239468459767:  Hold'em No Limit ($0.01/$0.02 USD) - 2022/10/26 14:51:17 ET
Table 'Lohmann II' 6-max Seat #3 is the button
Seat 1: Lorpugo ($1.96 in chips) 
Seat 2: abona182 ($2.03 in chips) 
Seat 3: Björk123 ($3.56 in chips) 
Seat 4: MeepoBoy ($3.23 in chips) 
Seat 5: Ubersetzer ($0.61 in chips) 
Seat 6: 5gold jigsaw ($2.84 in chips) 
MeepoBoy: posts small blind $0.01
Ubersetzer: posts big blind $0.02
*** HOLE CARDS ***
Dealt to Lorpugo [Ac 8h]
5gold jigsaw: folds 
Lorpugo: raises $0.04 to $0.06
abona182: folds 
Björk123: folds 
MeepoBoy: folds 
Ubersetzer: folds 
Uncalled bet ($0.04) returned to Lorpugo
Lorpugo collected $0.05 from pot
Lorpugo: doesn't show hand 
*** SUMMARY ***
Total pot $0.05 | Rake $0 
Seat 1: Lorpugo collected ($0.05)
Seat 2: abona182 folded before Flop (didn't bet)
Seat 3: Björk123 (button) folded before Flop (didn't bet)
Seat 4: MeepoBoy (small blind) folded before Flop
Seat 5: Ubersetzer (big blind) folded before Flop
Seat 6: 5gold jigsaw folded before Flop (didn't bet)



PokerStars Hand #239468464501:  Hold'em No Limit ($0.01/$0.02 USD) - 2022/10/26 14:51:30 ET
Table 'Lohmann II' 6-max Seat #4 is the button
Seat 1: Lorpugo ($1.99 in chips) 
Seat 2: abona182 ($2.03 in chips) 
Seat 3: Björk123 ($3.56 in chips) 
Seat 4: MeepoBoy ($3.22 in chips) 
Seat 5: Ubersetzer ($0.59 in chips) 
Seat 6: 5gold jigsaw ($2.84 in chips) 
Ubersetzer: posts small blind $0.01
5gold jigsaw: posts big blind $0.02
*** HOLE CARDS ***
Dealt to Lorpugo [Ts Kd]
Lorpugo: raises $0.02 to $0.04
abona182: calls $0.04
Björk123: folds 
MeepoBoy: folds 
Ubersetzer: folds 
5gold jigsaw: calls $0.02
*** FLOP *** [Ks 9d 9s]
5gold jigsaw: checks 
Lorpugo: checks 
abona182: checks 
*** TURN *** [Ks 9d 9s] [2s]
5gold jigsaw: checks 
Lorpugo: bets $0.09
abona182: folds 
5gold jigsaw: folds 
Uncalled bet ($0.09) returned to Lorpugo
Lorpugo collected $0.13 from pot
Lorpugo: doesn't show hand 
*** SUMMARY ***
Total pot $0.13 | Rake $0 
Board [Ks 9d 9s 2s]
Seat 1: Lorpugo collected ($0.13)
Seat 2: abona182 folded on the Turn
Seat 3: Björk123 folded before Flop (didn't bet)
Seat 4: MeepoBoy (button) folded before Flop (didn't bet)
Seat 5: Ubersetzer (small blind) folded before Flop
Seat 6: 5gold jigsaw (big blind) folded on the Turn



PokerStars Hand #239468479370:  Hold'em No Limit ($0.01/$0.02 USD) - 2022/10/26 14:52:09 ET
Table 'Lohmann II' 6-max Seat #5 is the button
Seat 1: Lorpugo ($2.08 in chips) 
Seat 2: abona182 ($2 in chips) 
Seat 3: Björk123 ($3.56 in chips) 
Seat 4: MeepoBoy ($3.22 in chips) 
Seat 5: Ubersetzer ($0.58 in chips) 
Seat 6: 5gold jigsaw ($2.80 in chips) 
5gold jigsaw: posts small blind $0.01
Lorpugo: posts big blind $0.02
*** HOLE CARDS ***
Dealt to Lorpugo [6d 9s]
abona182: folds 
Björk123: folds 
MeepoBoy: folds 
Ubersetzer: raises $0.04 to $0.06
5gold jigsaw: raises $0.12 to $0.18
Lorpugo: raises $0.42 to $0.60
Ubersetzer: folds 
5gold jigsaw: calls $0.42
*** FLOP *** [Th 2c Jh]
5gold jigsaw: checks 
Lorpugo: bets $1.48 and is all-in
5gold jigsaw: folds 
Uncalled bet ($1.48) returned to Lorpugo
Lorpugo collected $1.22 from pot
Lorpugo: doesn't show hand 
*** SUMMARY ***
Total pot $1.26 | Rake $0.04 
Board [Th 2c Jh]
Seat 1: Lorpugo (big blind) collected ($1.22)
Seat 2: abona182 folded before Flop (didn't bet)
Seat 3: Björk123 folded before Flop (didn't bet)
Seat 4: MeepoBoy folded before Flop (didn't bet)
Seat 5: Ubersetzer (button) folded before Flop
Seat 6: 5gold jigsaw (small blind) folded on the Flop



PokerStars Hand #239468499497:  Hold'em No Limit ($0.01/$0.02 USD) - 2022/10/26 14:53:02 ET
Table 'Lohmann II' 6-max Seat #6 is the button
Seat 1: Lorpugo ($2.70 in chips) 
Seat 2: abona182 ($2 in chips) 
Seat 3: Björk123 ($3.56 in chips) 
Seat 4: MeepoBoy ($3.22 in chips) 
Seat 5: Ubersetzer ($0.52 in chips) 
Seat 6: 5gold jigsaw ($2.20 in chips) 
Lorpugo: posts small blind $0.01
abona182: posts big blind $0.02
*** HOLE CARDS ***
Dealt to Lorpugo [Jc Qs]
Björk123: folds 
MeepoBoy: folds 
Ubersetzer: raises $0.04 to $0.06
5gold jigsaw: folds 
Lorpugo: raises $0.14 to $0.20
abona182: folds 
Ubersetzer: folds 
Uncalled bet ($0.14) returned to Lorpugo
Lorpugo collected $0.14 from pot
Lorpugo: doesn't show hand 
*** SUMMARY ***
Total pot $0.14 | Rake $0 
Seat 1: Lorpugo (small blind) collected ($0.14)
Seat 2: abona182 (big blind) folded before Flop
Seat 3: Björk123 folded before Flop (didn't bet)
Seat 4: MeepoBoy folded before Flop (didn't bet)
Seat 5: Ubersetzer folded before Flop
Seat 6: 5gold jigsaw (button) folded before Flop (didn't bet)



PokerStars Hand #239468508761:  Hold'em No Limit ($0.01/$0.02 USD) - 2022/10/26 14:53:27 ET
Table 'Lohmann II' 6-max Seat #1 is the button
Seat 1: Lorpugo ($2.78 in chips) 
Seat 2: abona182 ($2 in chips) 
Seat 3: Björk123 ($3.56 in chips) 
Seat 4: MeepoBoy ($3.22 in chips) 
Seat 5: Ubersetzer ($0.46 in chips) 
Seat 6: 5gold jigsaw ($2.20 in chips) 
abona182: posts small blind $0.01
Björk123: posts big blind $0.02
*** HOLE CARDS ***
Dealt to Lorpugo [2d Qd]
MeepoBoy: folds 
Ubersetzer: folds 
5gold jigsaw has timed out
5gold jigsaw: folds 
Lorpugo: raises $0.04 to $0.06
abona182: folds 
Björk123: folds 
Uncalled bet ($0.04) returned to Lorpugo
Lorpugo collected $0.05 from pot
Lorpugo: doesn't show hand 
*** SUMMARY ***
Total pot $0.05 | Rake $0 
Seat 1: Lorpugo (button) collected ($0.05)
Seat 2: abona182 (small blind) folded before Flop
Seat 3: Björk123 (big blind) folded before Flop
Seat 4: MeepoBoy folded before Flop (didn't bet)
Seat 5: Ubersetzer folded before Flop (didn't bet)
Seat 6: 5gold jigsaw folded before Flop (didn't bet)



PokerStars Hand #239468517036:  Hold'em No Limit ($0.01/$0.02 USD) - 2022/10/26 14:53:49 ET
Table 'Lohmann II' 6-max Seat #2 is the button
Seat 1: Lorpugo ($2.81 in chips) 
Seat 2: abona182 ($2 in chips) 
Seat 3: Björk123 ($3.54 in chips) 
Seat 4: MeepoBoy ($3.22 in chips) 
Seat 5: Ubersetzer ($0.46 in chips) 
Seat 6: 5gold jigsaw ($2.20 in chips) 
Björk123: posts small blind $0.01
MeepoBoy: posts big blind $0.02
*** HOLE CARDS ***
Dealt to Lorpugo [4c 6s]
Ubersetzer: folds 
5gold jigsaw: folds 
Lorpugo: folds 
abona182: folds 
Björk123: raises $0.04 to $0.06
MeepoBoy: calls $0.04
*** FLOP *** [Qc Qh Tc]
Björk123: bets $0.08
MeepoBoy: calls $0.08
*** TURN *** [Qc Qh Tc] [5c]
Björk123: checks 
MeepoBoy: checks 
*** RIVER *** [Qc Qh Tc 5c] [7s]
Björk123: checks 
MeepoBoy: checks 
*** SHOW DOWN ***
Björk123: shows [3c 2s] (a pair of Queens)
MeepoBoy: shows [Ts Kh] (two pair, Queens and Tens)
MeepoBoy collected $0.27 from pot
*** SUMMARY ***
Total pot $0.28 | Rake $0.01 
Board [Qc Qh Tc 5c 7s]
Seat 1: Lorpugo folded before Flop (didn't bet)
Seat 2: abona182 (button) folded before Flop (didn't bet)
Seat 3: Björk123 (small blind) showed [3c 2s] and lost with a pair of Queens
Seat 4: MeepoBoy (big blind) showed [Ts Kh] and won ($0.27) with two pair, Queens and Tens
Seat 5: Ubersetzer folded before Flop (didn't bet)
Seat 6: 5gold jigsaw folded before Flop (didn't bet)



PokerStars Hand #239468533662:  Hold'em No Limit ($0.01/$0.02 USD) - 2022/10/26 14:54:33 ET
Table 'Lohmann II' 6-max Seat #3 is the button
Seat 1: Lorpugo ($2.81 in chips) 
Seat 2: abona182 ($2 in chips) 
Seat 3: Björk123 ($3.40 in chips) 
Seat 4: MeepoBoy ($3.35 in chips) 
Seat 5: Ubersetzer ($0.46 in chips) 
Seat 6: 5gold jigsaw ($2.20 in chips) 
MeepoBoy: posts small blind $0.01
Ubersetzer: posts big blind $0.02
*** HOLE CARDS ***
Dealt to Lorpugo [Td 2h]
5gold jigsaw: folds 
Lorpugo: folds 
abona182: raises $0.04 to $0.06
Björk123: folds 
MeepoBoy: folds 
Ubersetzer: folds 
Uncalled bet ($0.04) returned to abona182
abona182 collected $0.05 from pot
abona182: doesn't show hand 
*** SUMMARY ***
Total pot $0.05 | Rake $0 
Seat 1: Lorpugo folded before Flop (didn't bet)
Seat 2: abona182 collected ($0.05)
Seat 3: Björk123 (button) folded before Flop (didn't bet)
Seat 4: MeepoBoy (small blind) folded before Flop
Seat 5: Ubersetzer (big blind) folded before Flop
Seat 6: 5gold jigsaw folded before Flop (didn't bet)



PokerStars Hand #239468539820:  Hold'em No Limit ($0.01/$0.02 USD) - 2022/10/26 14:54:49 ET
Table 'Lohmann II' 6-max Seat #4 is the button
Seat 1: Lorpugo ($2.81 in chips) 
Seat 2: abona182 ($2.03 in chips) 
Seat 3: Björk123 ($3.40 in chips) 
Seat 4: MeepoBoy ($3.34 in chips) 
Seat 5: Ubersetzer ($0.44 in chips) 
Seat 6: 5gold jigsaw ($2.20 in chips) 
Ubersetzer: posts small blind $0.01
5gold jigsaw: posts big blind $0.02
*** HOLE CARDS ***
Dealt to Lorpugo [Jd Jc]
Lorpugo: raises $0.04 to $0.06
abona182: folds 
Björk123: calls $0.06
MeepoBoy: folds 
Ubersetzer: calls $0.05
5gold jigsaw: calls $0.04
*** FLOP *** [Qs Td 4s]
Ubersetzer: checks 
5gold jigsaw: checks 
Lorpugo: checks 
Björk123: bets $0.14
Ubersetzer: calls $0.14
5gold jigsaw: folds 
Lorpugo: folds 
*** TURN *** [Qs Td 4s] [3h]
Ubersetzer: checks 
Björk123: checks 
*** RIVER *** [Qs Td 4s 3h] [8h]
Ubersetzer: bets $0.24 and is all-in
Björk123: calls $0.24
*** SHOW DOWN ***
Ubersetzer: shows [8s Ts] (two pair, Tens and Eights)
Björk123: shows [Qd Kd] (a pair of Queens)
Ubersetzer collected $0.96 from pot
*** SUMMARY ***
Total pot $1 | Rake $0.04 
Board [Qs Td 4s 3h 8h]
Seat 1: Lorpugo folded on the Flop
Seat 2: abona182 folded before Flop (didn't bet)
Seat 3: Björk123 showed [Qd Kd] and lost with a pair of Queens
Seat 4: MeepoBoy (button) folded before Flop (didn't bet)
Seat 5: Ubersetzer (small blind) showed [8s Ts] and won ($0.96) with two pair, Tens and Eights
Seat 6: 5gold jigsaw (big blind) folded on the Flop



PokerStars Hand #239468555273:  Hold'em No Limit ($0.01/$0.02 USD) - 2022/10/26 14:55:38 ET
Table 'Lohmann II' 6-max Seat #5 is the button
Seat 1: Lorpugo ($2.75 in chips) 
Seat 2: abona182 ($2.03 in chips) 
Seat 3: Björk123 ($2.96 in chips) 
Seat 4: MeepoBoy ($3.34 in chips) 
Seat 5: Ubersetzer ($0.96 in chips) 
Seat 6: 5gold jigsaw ($2.14 in chips) 
5gold jigsaw: posts small blind $0.01
Lorpugo: posts big blind $0.02
*** HOLE CARDS ***
Dealt to Lorpugo [5d 5s]
abona182: folds 
Björk123: folds 
MeepoBoy: folds 
Ubersetzer: raises $0.04 to $0.06
5gold jigsaw: calls $0.05
Lorpugo: calls $0.04
*** FLOP *** [Kh 8c Js]
5gold jigsaw: checks 
Lorpugo: checks 
Ubersetzer: bets $0.10
5gold jigsaw: folds 
Lorpugo: folds 
Uncalled bet ($0.10) returned to Ubersetzer
Ubersetzer collected $0.17 from pot
Ubersetzer: doesn't show hand 
*** SUMMARY ***
Total pot $0.18 | Rake $0.01 
Board [Kh 8c Js]
Seat 1: Lorpugo (big blind) folded on the Flop
Seat 2: abona182 folded before Flop (didn't bet)
Seat 3: Björk123 folded before Flop (didn't bet)
Seat 4: MeepoBoy folded before Flop (didn't bet)
Seat 5: Ubersetzer (button) collected ($0.17)
Seat 6: 5gold jigsaw (small blind) folded on the Flop



PokerStars Hand #239468565432:  Hold'em No Limit ($0.01/$0.02 USD) - 2022/10/26 14:56:14 ET
Table 'Lohmann II' 6-max Seat #6 is the button
Seat 1: Lorpugo ($2.69 in chips) 
Seat 2: abona182 ($2.03 in chips) 
Seat 3: Björk123 ($2.96 in chips) 
Seat 4: MeepoBoy ($3.34 in chips) 
Seat 5: Ubersetzer ($1.07 in chips) 
Seat 6: 5gold jigsaw ($2.08 in chips) 
Lorpugo: posts small blind $0.01
abona182: posts big blind $0.02
*** HOLE CARDS ***
Dealt to Lorpugo [Ad 4h]
Björk123: raises $0.04 to $0.06
MeepoBoy: folds 
Ubersetzer: folds 
5gold jigsaw: folds 
Lorpugo: folds 
abona182: folds 
Uncalled bet ($0.04) returned to Björk123
Björk123 collected $0.05 from pot
Björk123: doesn't show hand 
*** SUMMARY ***
Total pot $0.05 | Rake $0 
Seat 1: Lorpugo (small blind) folded before Flop
Seat 2: abona182 (big blind) folded before Flop
Seat 3: Björk123 collected ($0.05)
Seat 4: MeepoBoy folded before Flop (didn't bet)
Seat 5: Ubersetzer folded before Flop (didn't bet)
Seat 6: 5gold jigsaw (button) folded before Flop (didn't bet)



PokerStars Hand #239468571309:  Hold'em No Limit ($0.01/$0.02 USD) - 2022/10/26 14:56:36 ET
Table 'Lohmann II' 6-max Seat #1 is the button
Seat 1: Lorpugo ($2.68 in chips) 
Seat 2: abona182 ($2.01 in chips) 
Seat 3: Björk123 ($2.99 in chips) 
Seat 4: MeepoBoy ($3.34 in chips) 
Seat 5: Ubersetzer ($1.07 in chips) 
Seat 6: 5gold jigsaw ($2.08 in chips) 
abona182: posts small blind $0.01
Björk123: posts big blind $0.02
*** HOLE CARDS ***
Dealt to Lorpugo [5c Qc]
MeepoBoy: folds 
Ubersetzer: folds 
5gold jigsaw: folds 
Lorpugo: raises $0.04 to $0.06
abona182: folds 
Björk123: raises $0.12 to $0.18
Lorpugo: folds 
Uncalled bet ($0.12) returned to Björk123
Björk123 collected $0.13 from pot
Björk123: doesn't show hand 
*** SUMMARY ***
Total pot $0.13 | Rake $0 
Seat 1: Lorpugo (button) folded before Flop
Seat 2: abona182 (small blind) folded before Flop
Seat 3: Björk123 (big blind) collected ($0.13)
Seat 4: MeepoBoy folded before Flop (didn't bet)
Seat 5: Ubersetzer folded before Flop (didn't bet)
Seat 6: 5gold jigsaw folded before Flop (didn't bet)



PokerStars Hand #239468576154:  Hold'em No Limit ($0.01/$0.02 USD) - 2022/10/26 14:56:53 ET
Table 'Lohmann II' 6-max Seat #2 is the button
Seat 1: Lorpugo ($2.62 in chips) 
Seat 2: abona182 ($2 in chips) 
Seat 3: Björk123 ($3.06 in chips) 
Seat 4: MeepoBoy ($3.34 in chips) 
Seat 5: Ubersetzer ($1.07 in chips) 
Seat 6: 5gold jigsaw ($2.08 in chips) 
Björk123: posts small blind $0.01
MeepoBoy: posts big blind $0.02
*** HOLE CARDS ***
Dealt to Lorpugo [Js 8c]
Ubersetzer: raises $0.04 to $0.06
5gold jigsaw has timed out
5gold jigsaw: folds 
Lorpugo: folds 
abona182: folds 
Björk123: folds 
MeepoBoy: folds 
Uncalled bet ($0.04) returned to Ubersetzer
Ubersetzer collected $0.05 from pot
Ubersetzer: doesn't show hand 
*** SUMMARY ***
Total pot $0.05 | Rake $0 
Seat 1: Lorpugo folded before Flop (didn't bet)
Seat 2: abona182 (button) folded before Flop (didn't bet)
Seat 3: Björk123 (small blind) folded before Flop
Seat 4: MeepoBoy (big blind) folded before Flop
Seat 5: Ubersetzer collected ($0.05)
Seat 6: 5gold jigsaw folded before Flop (didn't bet)



PokerStars Hand #239468584830:  Hold'em No Limit ($0.01/$0.02 USD) - 2022/10/26 14:57:23 ET
Table 'Lohmann II' 6-max Seat #3 is the button
Seat 1: Lorpugo ($2.62 in chips) 
Seat 2: abona182 ($2 in chips) 
Seat 3: Björk123 ($3.05 in chips) 
Seat 4: MeepoBoy ($3.32 in chips) 
Seat 5: Ubersetzer ($1.10 in chips) 
MeepoBoy: posts small blind $0.01
Ubersetzer: posts big blind $0.02
*** HOLE CARDS ***
Dealt to Lorpugo [7c 3s]
Lorpugo: folds 
abona182: raises $0.04 to $0.06
Björk123: folds 
MeepoBoy: folds 
Ubersetzer: calls $0.04
*** FLOP *** [Jh Th 5d]
Ubersetzer: checks 
abona182: bets $0.07
Ubersetzer: calls $0.07
*** TURN *** [Jh Th 5d] [6h]
Ubersetzer: checks 
abona182: checks 
*** RIVER *** [Jh Th 5d 6h] [2c]
Ubersetzer: bets $0.18
abona182: folds 
Uncalled bet ($0.18) returned to Ubersetzer
Ubersetzer collected $0.26 from pot
Ubersetzer: doesn't show hand 
*** SUMMARY ***
Total pot $0.27 | Rake $0.01 
Board [Jh Th 5d 6h 2c]
Seat 1: Lorpugo folded before Flop (didn't bet)
Seat 2: abona182 folded on the River
Seat 3: Björk123 (button) folded before Flop (didn't bet)
Seat 4: MeepoBoy (small blind) folded before Flop
Seat 5: Ubersetzer (big blind) collected ($0.26)



PokerStars Hand #239468597492:  Hold'em No Limit ($0.01/$0.02 USD) - 2022/10/26 14:58:09 ET
Table 'Lohmann II' 6-max Seat #4 is the button
Seat 1: Lorpugo ($2.62 in chips) 
Seat 2: abona182 ($2 in chips) 
Seat 3: Björk123 ($3.05 in chips) 
Seat 4: MeepoBoy ($3.31 in chips) 
Seat 5: Ubersetzer ($1.23 in chips) 
Seat 6: 5gold jigsaw ($2.08 in chips) 
Ubersetzer: posts small blind $0.01
5gold jigsaw: posts big blind $0.02
*** HOLE CARDS ***
Dealt to Lorpugo [2h Js]
Lorpugo: folds 
abona182: folds 
Björk123: folds 
MeepoBoy: folds 
Ubersetzer: folds 
Uncalled bet ($0.01) returned to 5gold jigsaw
5gold jigsaw collected $0.02 from pot
5gold jigsaw: doesn't show hand 
*** SUMMARY ***
Total pot $0.02 | Rake $0 
Seat 1: Lorpugo folded before Flop (didn't bet)
Seat 2: abona182 folded before Flop (didn't bet)
Seat 3: Björk123 folded before Flop (didn't bet)
Seat 4: MeepoBoy (button) folded before Flop (didn't bet)
Seat 5: Ubersetzer (small blind) folded before Flop
Seat 6: 5gold jigsaw (big blind) collected ($0.02)



PokerStars Hand #239468600377:  Hold'em No Limit ($0.01/$0.02 USD) - 2022/10/26 14:58:19 ET
Table 'Lohmann II' 6-max Seat #5 is the button
Seat 1: Lorpugo ($2.62 in chips) 
Seat 2: abona182 ($2 in chips) 
Seat 3: Björk123 ($3.05 in chips) 
Seat 4: MeepoBoy ($3.31 in chips) 
Seat 5: Ubersetzer ($1.22 in chips) 
Seat 6: 5gold jigsaw ($2.09 in chips) 
5gold jigsaw: posts small blind $0.01
Lorpugo: posts big blind $0.02
*** HOLE CARDS ***
Dealt to Lorpugo [8d Jc]
abona182: raises $0.02 to $0.04
Björk123: folds 
MeepoBoy: folds 
Ubersetzer: folds 
5gold jigsaw: raises $0.10 to $0.14
Lorpugo: folds 
abona182: folds 
Uncalled bet ($0.10) returned to 5gold jigsaw
5gold jigsaw collected $0.10 from pot
5gold jigsaw: doesn't show hand 
*** SUMMARY ***
Total pot $0.10 | Rake $0 
Seat 1: Lorpugo (big blind) folded before Flop
Seat 2: abona182 folded before Flop
Seat 3: Björk123 folded before Flop (didn't bet)
Seat 4: MeepoBoy folded before Flop (didn't bet)
Seat 5: Ubersetzer (button) folded before Flop (didn't bet)
Seat 6: 5gold jigsaw (small blind) collected ($0.10)



PokerStars Hand #239468607532:  Hold'em No Limit ($0.01/$0.02 USD) - 2022/10/26 14:58:45 ET
Table 'Lohmann II' 6-max Seat #6 is the button
Seat 1: Lorpugo ($2.60 in chips) 
Seat 2: abona182 ($2 in chips) 
Seat 3: Björk123 ($3.05 in chips) 
Seat 4: MeepoBoy ($3.31 in chips) 
Seat 5: Ubersetzer ($1.22 in chips) 
Seat 6: 5gold jigsaw ($2.15 in chips) 
Lorpugo: posts small blind $0.01
abona182: posts big blind $0.02
*** HOLE CARDS ***
Dealt to Lorpugo [As Jh]
Björk123: folds 
MeepoBoy: folds 
Ubersetzer: folds 
5gold jigsaw: calls $0.02
Lorpugo: raises $0.08 to $0.10
abona182: folds 
5gold jigsaw: calls $0.08
*** FLOP *** [6s Kd Kc]
Lorpugo: bets $0.07
5gold jigsaw: raises $0.14 to $0.21
Lorpugo: calls $0.14
*** TURN *** [6s Kd Kc] [Kh]
Lorpugo: checks 
5gold jigsaw: bets $1.84 and is all-in
Lorpugo: folds 
Uncalled bet ($1.84) returned to 5gold jigsaw
5gold jigsaw collected $0.62 from pot
5gold jigsaw: doesn't show hand 
*** SUMMARY ***
Total pot $0.64 | Rake $0.02 
Board [6s Kd Kc Kh]
Seat 1: Lorpugo (small blind) folded on the Turn
Seat 2: abona182 (big blind) folded before Flop
Seat 3: Björk123 folded before Flop (didn't bet)
Seat 4: MeepoBoy folded before Flop (didn't bet)
Seat 5: Ubersetzer folded before Flop (didn't bet)
Seat 6: 5gold jigsaw (button) collected ($0.62)



PokerStars Hand #239468627429:  Hold'em No Limit ($0.01/$0.02 USD) - 2022/10/26 14:59:55 ET
Table 'Lohmann II' 6-max Seat #1 is the button
Seat 1: Lorpugo ($2.29 in chips) 
Seat 2: abona182 ($2 in chips) 
Seat 3: Björk123 ($3.05 in chips) 
Seat 4: MeepoBoy ($3.31 in chips) 
Seat 5: Ubersetzer ($1.22 in chips) 
Seat 6: 5gold jigsaw ($2.46 in chips) 
abona182: posts small blind $0.01
Björk123: posts big blind $0.02
*** HOLE CARDS ***
Dealt to Lorpugo [8d Js]
MeepoBoy: folds 
Ubersetzer: calls $0.02
5gold jigsaw: calls $0.02
Lorpugo: calls $0.02
abona182: raises $0.12 to $0.14
Björk123: folds 
Ubersetzer: folds 
5gold jigsaw: calls $0.12
Lorpugo: folds 
*** FLOP *** [Kc 8s 6c]
abona182: bets $0.17
5gold jigsaw: folds 
Uncalled bet ($0.17) returned to abona182
abona182 collected $0.33 from pot
abona182: doesn't show hand 
*** SUMMARY ***
Total pot $0.34 | Rake $0.01 
Board [Kc 8s 6c]
Seat 1: Lorpugo (button) folded before Flop
Seat 2: abona182 (small blind) collected ($0.33)
Seat 3: Björk123 (big blind) folded before Flop
Seat 4: MeepoBoy folded before Flop (didn't bet)
Seat 5: Ubersetzer folded before Flop
Seat 6: 5gold jigsaw folded on the Flop



PokerStars Hand #239468639662:  Hold'em No Limit ($0.01/$0.02 USD) - 2022/10/26 15:00:37 ET
Table 'Lohmann II' 6-max Seat #2 is the button
Seat 1: Lorpugo ($2.27 in chips) 
Seat 2: abona182 ($2.19 in chips) 
Seat 3: Björk123 ($3.03 in chips) 
Seat 4: MeepoBoy ($3.31 in chips) 
Seat 5: Ubersetzer ($1.20 in chips) 
Seat 6: 5gold jigsaw ($2.32 in chips) 
Björk123: posts small blind $0.01
MeepoBoy: posts big blind $0.02
*** HOLE CARDS ***
Dealt to Lorpugo [8s 9d]
Ubersetzer: folds 
5gold jigsaw: folds 
Lorpugo: raises $0.04 to $0.06
abona182: calls $0.06
Björk123: folds 
MeepoBoy: raises $0.22 to $0.28
Lorpugo: folds 
abona182: folds 
Uncalled bet ($0.22) returned to MeepoBoy
MeepoBoy collected $0.19 from pot
MeepoBoy: doesn't show hand 
*** SUMMARY ***
Total pot $0.19 | Rake $0 
Seat 1: Lorpugo folded before Flop
Seat 2: abona182 (button) folded before Flop
Seat 3: Björk123 (small blind) folded before Flop
Seat 4: MeepoBoy (big blind) collected ($0.19)
Seat 5: Ubersetzer folded before Flop (didn't bet)
Seat 6: 5gold jigsaw folded before Flop (didn't bet)



PokerStars Hand #239468646774:  Hold'em No Limit ($0.01/$0.02 USD) - 2022/10/26 15:01:00 ET
Table 'Lohmann II' 6-max Seat #3 is the button
Seat 1: Lorpugo ($2.21 in chips) 
Seat 2: abona182 ($2.13 in chips) 
Seat 3: Björk123 ($3.02 in chips) 
Seat 4: MeepoBoy ($3.44 in chips) 
Seat 5: Ubersetzer ($1.20 in chips) 
Seat 6: 5gold jigsaw ($2.32 in chips) 
MeepoBoy: posts small blind $0.01
Ubersetzer: posts big blind $0.02
*** HOLE CARDS ***
Dealt to Lorpugo [3d 8c]
5gold jigsaw: folds 
Lorpugo: folds 
abona182: folds 
Björk123: raises $0.04 to $0.06
MeepoBoy: folds 
Ubersetzer: folds 
Uncalled bet ($0.04) returned to Björk123
Björk123 collected $0.05 from pot
Björk123: doesn't show hand 
*** SUMMARY ***
Total pot $0.05 | Rake $0 
Seat 1: Lorpugo folded before Flop (didn't bet)
Seat 2: abona182 folded before Flop (didn't bet)
Seat 3: Björk123 (button) collected ($0.05)
Seat 4: MeepoBoy (small blind) folded before Flop
Seat 5: Ubersetzer (big blind) folded before Flop
Seat 6: 5gold jigsaw folded before Flop (didn't bet)



PokerStars Hand #239468652444:  Hold'em No Limit ($0.01/$0.02 USD) - 2022/10/26 15:01:18 ET
Table 'Lohmann II' 6-max Seat #4 is the button
Seat 1: Lorpugo ($2.21 in chips) 
Seat 2: abona182 ($2.13 in chips) 
Seat 3: Björk123 ($3.05 in chips) 
Seat 4: MeepoBoy ($3.43 in chips) 
Seat 5: Ubersetzer ($1.18 in chips) 
Seat 6: 5gold jigsaw ($2.32 in chips) 
Ubersetzer: posts small blind $0.01
5gold jigsaw: posts big blind $0.02
*** HOLE CARDS ***
Dealt to Lorpugo [8c 3d]
Lorpugo: folds 
abona182: folds 
Björk123: folds 
MeepoBoy: folds 
Ubersetzer: raises $0.04 to $0.06
5gold jigsaw: calls $0.04
*** FLOP *** [Jh 2c 4c]
Ubersetzer: checks 
5gold jigsaw: bets $0.07
Ubersetzer: folds 
Uncalled bet ($0.07) returned to 5gold jigsaw
5gold jigsaw collected $0.12 from pot
5gold jigsaw: doesn't show hand 
*** SUMMARY ***
Total pot $0.12 | Rake $0 
Board [Jh 2c 4c]
Seat 1: Lorpugo folded before Flop (didn't bet)
Seat 2: abona182 folded before Flop (didn't bet)
Seat 3: Björk123 folded before Flop (didn't bet)
Seat 4: MeepoBoy (button) folded before Flop (didn't bet)
Seat 5: Ubersetzer (small blind) folded on the Flop
Seat 6: 5gold jigsaw (big blind) collected ($0.12)



PokerStars Hand #239468661618:  Hold'em No Limit ($0.01/$0.02 USD) - 2022/10/26 15:01:45 ET
Table 'Lohmann II' 6-max Seat #5 is the button
Seat 1: Lorpugo ($2.21 in chips) 
Seat 2: abona182 ($2.13 in chips) 
Seat 3: Björk123 ($3.05 in chips) 
Seat 4: MeepoBoy ($3.43 in chips) 
Seat 5: Ubersetzer ($1.12 in chips) 
Seat 6: 5gold jigsaw ($2.38 in chips) 
5gold jigsaw: posts small blind $0.01
Lorpugo: posts big blind $0.02
*** HOLE CARDS ***
Dealt to Lorpugo [3h 9h]
abona182: folds 
Björk123: folds 
MeepoBoy: raises $0.04 to $0.06
Ubersetzer: folds 
5gold jigsaw: calls $0.05
Lorpugo: folds 
*** FLOP *** [Jd 5h 4c]
5gold jigsaw: checks 
MeepoBoy: bets $0.05
5gold jigsaw: calls $0.05
*** TURN *** [Jd 5h 4c] [Kh]
5gold jigsaw: checks 
MeepoBoy: checks 
*** RIVER *** [Jd 5h 4c Kh] [2d]
5gold jigsaw: bets $0.16
MeepoBoy: folds 
Uncalled bet ($0.16) returned to 5gold jigsaw
5gold jigsaw collected $0.23 from pot
5gold jigsaw: doesn't show hand 
*** SUMMARY ***
Total pot $0.24 | Rake $0.01 
Board [Jd 5h 4c Kh 2d]
Seat 1: Lorpugo (big blind) folded before Flop
Seat 2: abona182 folded before Flop (didn't bet)
Seat 3: Björk123 folded before Flop (didn't bet)
Seat 4: MeepoBoy folded on the River
Seat 5: Ubersetzer (button) folded before Flop (didn't bet)
Seat 6: 5gold jigsaw (small blind) collected ($0.23)



PokerStars Hand #239468679391:  Hold'em No Limit ($0.01/$0.02 USD) - 2022/10/26 15:02:35 ET
Table 'Lohmann II' 6-max Seat #6 is the button
Seat 1: Lorpugo ($2.19 in chips) 
Seat 2: abona182 ($2.13 in chips) 
Seat 3: Björk123 ($3.05 in chips) 
Seat 4: MeepoBoy ($3.32 in chips) 
Seat 5: Ubersetzer ($1.12 in chips) 
Seat 6: 5gold jigsaw ($2.50 in chips) 
Lorpugo: posts small blind $0.01
abona182: posts big blind $0.02
*** HOLE CARDS ***
Dealt to Lorpugo [8c Qc]
Björk123: folds 
MeepoBoy: folds 
Ubersetzer: folds 
5gold jigsaw: raises $0.03 to $0.05
Lorpugo: calls $0.04
abona182: folds 
*** FLOP *** [7s Ah 3s]
Lorpugo: checks 
5gold jigsaw: bets $0.07
Lorpugo: folds 
Uncalled bet ($0.07) returned to 5gold jigsaw
5gold jigsaw collected $0.12 from pot
5gold jigsaw: doesn't show hand 
*** SUMMARY ***
Total pot $0.12 | Rake $0 
Board [7s Ah 3s]
Seat 1: Lorpugo (small blind) folded on the Flop
Seat 2: abona182 (big blind) folded before Flop
Seat 3: Björk123 folded before Flop (didn't bet)
Seat 4: MeepoBoy folded before Flop (didn't bet)
Seat 5: Ubersetzer folded before Flop (didn't bet)
Seat 6: 5gold jigsaw (button) collected ($0.12)



PokerStars Hand #239468688818:  Hold'em No Limit ($0.01/$0.02 USD) - 2022/10/26 15:03:00 ET
Table 'Lohmann II' 6-max Seat #1 is the button
Seat 1: Lorpugo ($2.14 in chips) 
Seat 2: abona182 ($2.11 in chips) 
Seat 3: Björk123 ($3.05 in chips) 
Seat 4: MeepoBoy ($3.32 in chips) 
Seat 5: Ubersetzer ($1.12 in chips) 
Seat 6: 5gold jigsaw ($2.57 in chips) 
abona182: posts small blind $0.01
Björk123: posts big blind $0.02
*** HOLE CARDS ***
Dealt to Lorpugo [8d 5c]
MeepoBoy: folds 
Ubersetzer: calls $0.02
5gold jigsaw: folds 
Lorpugo: folds 
abona182: calls $0.01
Björk123: raises $0.04 to $0.06
Ubersetzer: calls $0.04
abona182: calls $0.04
*** FLOP *** [3s 7s 3h]
abona182: checks 
Björk123: bets $0.10
Ubersetzer: calls $0.10
abona182: folds 
*** TURN *** [3s 7s 3h] [Ac]
Björk123: bets $0.24
Ubersetzer: raises $0.72 to $0.96 and is all-in
Björk123: folds 
Uncalled bet ($0.72) returned to Ubersetzer
Ubersetzer collected $0.83 from pot
Ubersetzer: doesn't show hand 
*** SUMMARY ***
Total pot $0.86 | Rake $0.03 
Board [3s 7s 3h Ac]
Seat 1: Lorpugo (button) folded before Flop (didn't bet)
Seat 2: abona182 (small blind) folded on the Flop
Seat 3: Björk123 (big blind) folded on the Turn
Seat 4: MeepoBoy folded before Flop (didn't bet)
Seat 5: Ubersetzer collected ($0.83)
Seat 6: 5gold jigsaw folded before Flop (didn't bet)



PokerStars Hand #239468707526:  Hold'em No Limit ($0.01/$0.02 USD) - 2022/10/26 15:03:51 ET
Table 'Lohmann II' 6-max Seat #2 is the button
Seat 1: Lorpugo ($2.14 in chips) 
Seat 2: abona182 ($2.05 in chips) 
Seat 3: Björk123 ($2.65 in chips) 
Seat 4: MeepoBoy ($3.32 in chips) 
Seat 5: Ubersetzer ($1.55 in chips) 
Seat 6: 5gold jigsaw ($2.57 in chips) 
Björk123: posts small blind $0.01
MeepoBoy: posts big blind $0.02
*** HOLE CARDS ***
Dealt to Lorpugo [2d 5h]
Ubersetzer: calls $0.02
5gold jigsaw: folds 
Lorpugo: folds 
abona182: raises $0.07 to $0.09
Björk123: folds 
MeepoBoy: folds 
Ubersetzer: folds 
Uncalled bet ($0.07) returned to abona182
abona182 collected $0.07 from pot
abona182: doesn't show hand 
*** SUMMARY ***
Total pot $0.07 | Rake $0 
Seat 1: Lorpugo folded before Flop (didn't bet)
Seat 2: abona182 (button) collected ($0.07)
Seat 3: Björk123 (small blind) folded before Flop
Seat 4: MeepoBoy (big blind) folded before Flop
Seat 5: Ubersetzer folded before Flop
Seat 6: 5gold jigsaw folded before Flop (didn't bet)



PokerStars Hand #239468712563:  Hold'em No Limit ($0.01/$0.02 USD) - 2022/10/26 15:04:05 ET
Table 'Lohmann II' 6-max Seat #3 is the button
Seat 1: Lorpugo ($2.14 in chips) 
Seat 2: abona182 ($2.10 in chips) 
Seat 3: Björk123 ($2.64 in chips) 
Seat 4: MeepoBoy ($3.30 in chips) 
Seat 5: Ubersetzer ($1.53 in chips) 
Seat 6: 5gold jigsaw ($2.57 in chips) 
MeepoBoy: posts small blind $0.01
Ubersetzer: posts big blind $0.02
*** HOLE CARDS ***
Dealt to Lorpugo [7c Qd]
5gold jigsaw: folds 
Lorpugo: folds 
abona182: raises $0.04 to $0.06
Björk123: folds 
MeepoBoy: folds 
Ubersetzer: folds 
Uncalled bet ($0.04) returned to abona182
abona182 collected $0.05 from pot
abona182: doesn't show hand 
*** SUMMARY ***
Total pot $0.05 | Rake $0 
Seat 1: Lorpugo folded before Flop (didn't bet)
Seat 2: abona182 collected ($0.05)
Seat 3: Björk123 (button) folded before Flop (didn't bet)
Seat 4: MeepoBoy (small blind) folded before Flop
Seat 5: Ubersetzer (big blind) folded before Flop
Seat 6: 5gold jigsaw folded before Flop (didn't bet)



PokerStars Hand #239468722323:  Hold'em No Limit ($0.01/$0.02 USD) - 2022/10/26 15:04:31 ET
Table 'Lohmann II' 6-max Seat #4 is the button
Seat 1: Lorpugo ($2.14 in chips) 
Seat 2: abona182 ($2.13 in chips) 
Seat 3: Björk123 ($2.64 in chips) 
Seat 4: MeepoBoy ($3.29 in chips) 
Seat 5: Ubersetzer ($1.51 in chips) 
Seat 6: 5gold jigsaw ($2.57 in chips) 
Ubersetzer: posts small blind $0.01
5gold jigsaw: posts big blind $0.02
*** HOLE CARDS ***
Dealt to Lorpugo [3h 3d]
Lorpugo: raises $0.04 to $0.06
abona182: folds 
Björk123: folds 
MeepoBoy: folds 
Ubersetzer: folds 
5gold jigsaw: folds 
Uncalled bet ($0.04) returned to Lorpugo
Lorpugo collected $0.05 from pot
Lorpugo: doesn't show hand 
*** SUMMARY ***
Total pot $0.05 | Rake $0 
Seat 1: Lorpugo collected ($0.05)
Seat 2: abona182 folded before Flop (didn't bet)
Seat 3: Björk123 folded before Flop (didn't bet)
Seat 4: MeepoBoy (button) folded before Flop (didn't bet)
Seat 5: Ubersetzer (small blind) folded before Flop
Seat 6: 5gold jigsaw (big blind) folded before Flop



PokerStars Hand #239468729850:  Hold'em No Limit ($0.01/$0.02 USD) - 2022/10/26 15:04:51 ET
Table 'Lohmann II' 6-max Seat #5 is the button
Seat 1: Lorpugo ($2.17 in chips) 
Seat 2: abona182 ($2.13 in chips) 
Seat 3: Björk123 ($2.64 in chips) 
Seat 4: MeepoBoy ($3.29 in chips) 
Seat 5: Ubersetzer ($1.50 in chips) 
Seat 6: 5gold jigsaw ($2.55 in chips) 
5gold jigsaw: posts small blind $0.01
Lorpugo: posts big blind $0.02
*** HOLE CARDS ***
Dealt to Lorpugo [Kc 3s]
abona182: folds 
Björk123: folds 
MeepoBoy: folds 
Ubersetzer: folds 
5gold jigsaw: folds 
Uncalled bet ($0.01) returned to Lorpugo
Lorpugo collected $0.02 from pot
Lorpugo: doesn't show hand 
*** SUMMARY ***
Total pot $0.02 | Rake $0 
Seat 1: Lorpugo (big blind) collected ($0.02)
Seat 2: abona182 folded before Flop (didn't bet)
Seat 3: Björk123 folded before Flop (didn't bet)
Seat 4: MeepoBoy folded before Flop (didn't bet)
Seat 5: Ubersetzer (button) folded before Flop (didn't bet)
Seat 6: 5gold jigsaw (small blind) folded before Flop



PokerStars Hand #239468734211:  Hold'em No Limit ($0.01/$0.02 USD) - 2022/10/26 15:05:03 ET
Table 'Lohmann II' 6-max Seat #6 is the button
Seat 1: Lorpugo ($2.18 in chips) 
Seat 2: abona182 ($2.13 in chips) 
Seat 3: Björk123 ($2.64 in chips) 
Seat 4: MeepoBoy ($3.29 in chips) 
Seat 5: Ubersetzer ($1.50 in chips) 
Seat 6: 5gold jigsaw ($2.54 in chips) 
Lorpugo: posts small blind $0.01
abona182: posts big blind $0.02
*** HOLE CARDS ***
Dealt to Lorpugo [8s 8c]
Björk123: folds 
MeepoBoy: folds 
Ubersetzer: folds 
5gold jigsaw: folds 
Lorpugo: raises $0.04 to $0.06
abona182: calls $0.04
*** FLOP *** [Kh 2s 7s]
Lorpugo: bets $0.04
abona182: calls $0.04
*** TURN *** [Kh 2s 7s] [Ah]
Lorpugo: checks 
abona182: bets $0.10
Lorpugo: folds 
Uncalled bet ($0.10) returned to abona182
abona182 collected $0.19 from pot
abona182: doesn't show hand 
*** SUMMARY ***
Total pot $0.20 | Rake $0.01 
Board [Kh 2s 7s Ah]
Seat 1: Lorpugo (small blind) folded on the Turn
Seat 2: abona182 (big blind) collected ($0.19)
Seat 3: Björk123 folded before Flop (didn't bet)
Seat 4: MeepoBoy folded before Flop (didn't bet)
Seat 5: Ubersetzer folded before Flop (didn't bet)
Seat 6: 5gold jigsaw (button) folded before Flop (didn't bet)



PokerStars Hand #239468750658:  Hold'em No Limit ($0.01/$0.02 USD) - 2022/10/26 15:05:45 ET
Table 'Lohmann II' 6-max Seat #1 is the button
Seat 1: Lorpugo ($2.08 in chips) 
Seat 2: abona182 ($2.22 in chips) 
Seat 3: Björk123 ($2.64 in chips) 
Seat 4: MeepoBoy ($3.29 in chips) 
Seat 5: Ubersetzer ($1.50 in chips) 
Seat 6: 5gold jigsaw ($2.54 in chips) 
abona182: posts small blind $0.01
Björk123: posts big blind $0.02
*** HOLE CARDS ***
Dealt to Lorpugo [8d 5h]
MeepoBoy: folds 
Ubersetzer: folds 
5gold jigsaw: folds 
Lorpugo: folds 
abona182: folds 
Uncalled bet ($0.01) returned to Björk123
Björk123 collected $0.02 from pot
Björk123: doesn't show hand 
*** SUMMARY ***
Total pot $0.02 | Rake $0 
Seat 1: Lorpugo (button) folded before Flop (didn't bet)
Seat 2: abona182 (small blind) folded before Flop
Seat 3: Björk123 (big blind) collected ($0.02)
Seat 4: MeepoBoy folded before Flop (didn't bet)
Seat 5: Ubersetzer folded before Flop (didn't bet)
Seat 6: 5gold jigsaw folded before Flop (didn't bet)



PokerStars Hand #239468757862:  Hold'em No Limit ($0.01/$0.02 USD) - 2022/10/26 15:06:04 ET
Table 'Lohmann II' 6-max Seat #2 is the button
Seat 1: Lorpugo ($2.08 in chips) 
Seat 2: abona182 ($2.21 in chips) 
Seat 3: Björk123 ($2.65 in chips) 
Seat 4: MeepoBoy ($3.29 in chips) 
Seat 5: Ubersetzer ($1.50 in chips) 
Seat 6: 5gold jigsaw ($2.54 in chips) 
Björk123: posts small blind $0.01
MeepoBoy: posts big blind $0.02
*** HOLE CARDS ***
Dealt to Lorpugo [2d 4c]
Ubersetzer: folds 
5gold jigsaw: raises $0.03 to $0.05
Lorpugo: folds 
abona182: folds 
Björk123: raises $0.11 to $0.16
MeepoBoy: folds 
5gold jigsaw: calls $0.11
*** FLOP *** [Ts 8s Kc]
Björk123: bets $0.20
5gold jigsaw: calls $0.20
*** TURN *** [Ts 8s Kc] [6d]
Björk123: checks 
5gold jigsaw: checks 
*** RIVER *** [Ts 8s Kc 6d] [3s]
Björk123: checks 
5gold jigsaw: checks 
*** SHOW DOWN ***
Björk123: shows [Kh Qd] (a pair of Kings)
5gold jigsaw: mucks hand 
Björk123 collected $0.71 from pot
*** SUMMARY ***
Total pot $0.74 | Rake $0.03 
Board [Ts 8s Kc 6d 3s]
Seat 1: Lorpugo folded before Flop (didn't bet)
Seat 2: abona182 (button) folded before Flop (didn't bet)
Seat 3: Björk123 (small blind) showed [Kh Qd] and won ($0.71) with a pair of Kings
Seat 4: MeepoBoy (big blind) folded before Flop
Seat 5: Ubersetzer folded before Flop (didn't bet)
Seat 6: 5gold jigsaw mucked [Jd 8d]



PokerStars Hand #239468772615:  Hold'em No Limit ($0.01/$0.02 USD) - 2022/10/26 15:06:42 ET
Table 'Lohmann II' 6-max Seat #3 is the button
Seat 1: Lorpugo ($2.08 in chips) 
Seat 2: abona182 ($2.21 in chips) 
Seat 3: Björk123 ($3 in chips) 
Seat 4: MeepoBoy ($3.27 in chips) 
Seat 5: Ubersetzer ($1.50 in chips) 
Seat 6: 5gold jigsaw ($2.18 in chips) 
MeepoBoy: posts small blind $0.01
Ubersetzer: posts big blind $0.02
*** HOLE CARDS ***
Dealt to Lorpugo [6h Kh]
5gold jigsaw: folds 
Lorpugo: folds 
abona182: raises $0.04 to $0.06
Björk123: folds 
MeepoBoy: raises $0.14 to $0.20
Ubersetzer: folds 
abona182: folds 
Uncalled bet ($0.14) returned to MeepoBoy
MeepoBoy collected $0.14 from pot
MeepoBoy: doesn't show hand 
*** SUMMARY ***
Total pot $0.14 | Rake $0 
Seat 1: Lorpugo folded before Flop (didn't bet)
Seat 2: abona182 folded before Flop
Seat 3: Björk123 (button) folded before Flop (didn't bet)
Seat 4: MeepoBoy (small blind) collected ($0.14)
Seat 5: Ubersetzer (big blind) folded before Flop
Seat 6: 5gold jigsaw folded before Flop (didn't bet)



PokerStars Hand #239468783327:  Hold'em No Limit ($0.01/$0.02 USD) - 2022/10/26 15:07:10 ET
Table 'Lohmann II' 6-max Seat #4 is the button
Seat 1: Lorpugo ($2.08 in chips) 
Seat 2: abona182 ($2.15 in chips) 
Seat 3: Björk123 ($3 in chips) 
Seat 4: MeepoBoy ($3.35 in chips) 
Seat 5: Ubersetzer ($1.48 in chips) 
Seat 6: 5gold jigsaw ($2.18 in chips) 
Ubersetzer: posts small blind $0.01
5gold jigsaw: posts big blind $0.02
*** HOLE CARDS ***
Dealt to Lorpugo [4c 2c]
Lorpugo: raises $0.04 to $0.06
abona182: folds 
Björk123: folds 
MeepoBoy: folds 
Ubersetzer: folds 
5gold jigsaw: calls $0.04
*** FLOP *** [Qd 6s Js]
5gold jigsaw: checks 
Lorpugo: bets $0.04
5gold jigsaw: raises $0.08 to $0.12
Lorpugo: folds 
Uncalled bet ($0.08) returned to 5gold jigsaw
5gold jigsaw collected $0.20 from pot
5gold jigsaw: doesn't show hand 
*** SUMMARY ***
Total pot $0.21 | Rake $0.01 
Board [Qd 6s Js]
Seat 1: Lorpugo folded on the Flop
Seat 2: abona182 folded before Flop (didn't bet)
Seat 3: Björk123 folded before Flop (didn't bet)
Seat 4: MeepoBoy (button) folded before Flop (didn't bet)
Seat 5: Ubersetzer (small blind) folded before Flop
Seat 6: 5gold jigsaw (big blind) collected ($0.20)



PokerStars Hand #239468793270:  Hold'em No Limit ($0.01/$0.02 USD) - 2022/10/26 15:07:35 ET
Table 'Lohmann II' 6-max Seat #5 is the button
Seat 1: Lorpugo ($1.98 in chips) 
Seat 2: abona182 ($2.15 in chips) 
Seat 3: Björk123 ($3 in chips) 
Seat 4: MeepoBoy ($3.35 in chips) 
Seat 5: Ubersetzer ($1.47 in chips) 
Seat 6: 5gold jigsaw ($2.28 in chips) 
5gold jigsaw: posts small blind $0.01
Lorpugo: posts big blind $0.02
*** HOLE CARDS ***
Dealt to Lorpugo [Jd Qc]
abona182: folds 
Björk123: folds 
MeepoBoy: folds 
Ubersetzer: folds 
5gold jigsaw: folds 
Uncalled bet ($0.01) returned to Lorpugo
Lorpugo collected $0.02 from pot
Lorpugo: doesn't show hand 
*** SUMMARY ***
Total pot $0.02 | Rake $0 
Seat 1: Lorpugo (big blind) collected ($0.02)
Seat 2: abona182 folded before Flop (didn't bet)
Seat 3: Björk123 folded before Flop (didn't bet)
Seat 4: MeepoBoy folded before Flop (didn't bet)
Seat 5: Ubersetzer (button) folded before Flop (didn't bet)
Seat 6: 5gold jigsaw (small blind) folded before Flop



PokerStars Hand #239468797573:  Hold'em No Limit ($0.01/$0.02 USD) - 2022/10/26 15:07:46 ET
Table 'Lohmann II' 6-max Seat #6 is the button
Seat 1: Lorpugo ($1.99 in chips) 
Seat 2: abona182 ($2.15 in chips) 
Seat 3: Björk123 ($3 in chips) 
Seat 4: MeepoBoy ($3.35 in chips) 
Seat 5: Ubersetzer ($1.47 in chips) 
Seat 6: 5gold jigsaw ($2.27 in chips) 
Lorpugo: posts small blind $0.01
abona182: posts big blind $0.02
*** HOLE CARDS ***
Dealt to Lorpugo [Kc Tc]
Björk123: folds 
MeepoBoy: folds 
Ubersetzer: raises $0.04 to $0.06
5gold jigsaw: calls $0.06
Lorpugo: raises $0.20 to $0.26
abona182: folds 
Ubersetzer: folds 
5gold jigsaw: calls $0.20
*** FLOP *** [4d 3h 3d]
Lorpugo: bets $0.38
5gold jigsaw: raises $1.63 to $2.01 and is all-in
Lorpugo: folds 
Uncalled bet ($1.63) returned to 5gold jigsaw
5gold jigsaw collected $1.31 from pot
5gold jigsaw: doesn't show hand 
*** SUMMARY ***
Total pot $1.36 | Rake $0.05 
Board [4d 3h 3d]
Seat 1: Lorpugo (small blind) folded on the Flop
Seat 2: abona182 (big blind) folded before Flop
Seat 3: Björk123 folded before Flop (didn't bet)
Seat 4: MeepoBoy folded before Flop (didn't bet)
Seat 5: Ubersetzer folded before Flop
Seat 6: 5gold jigsaw (button) collected ($1.31)



PokerStars Hand #239468807853:  Hold'em No Limit ($0.01/$0.02 USD) - 2022/10/26 15:08:13 ET
Table 'Lohmann II' 6-max Seat #1 is the button
Seat 1: Lorpugo ($1.60 in chips) 
Seat 2: abona182 ($2.13 in chips) 
Seat 3: Björk123 ($3 in chips) 
Seat 4: MeepoBoy ($3.35 in chips) 
Seat 5: Ubersetzer ($1.41 in chips) 
Seat 6: 5gold jigsaw ($2.94 in chips) 
abona182: posts small blind $0.01
Björk123: posts big blind $0.02
*** HOLE CARDS ***
Dealt to Lorpugo [9s 6c]
MeepoBoy: folds 
Ubersetzer: folds 
5gold jigsaw: folds 
Lorpugo: raises $0.04 to $0.06
abona182: folds 
Björk123: folds 
Uncalled bet ($0.04) returned to Lorpugo
Lorpugo collected $0.05 from pot
Lorpugo: doesn't show hand 
*** SUMMARY ***
Total pot $0.05 | Rake $0 
Seat 1: Lorpugo (button) collected ($0.05)
Seat 2: abona182 (small blind) folded before Flop
Seat 3: Björk123 (big blind) folded before Flop
Seat 4: MeepoBoy folded before Flop (didn't bet)
Seat 5: Ubersetzer folded before Flop (didn't bet)
Seat 6: 5gold jigsaw folded before Flop (didn't bet)



PokerStars Hand #239468814426:  Hold'em No Limit ($0.01/$0.02 USD) - 2022/10/26 15:08:30 ET
Table 'Lohmann II' 6-max Seat #2 is the button
Seat 1: Lorpugo ($1.63 in chips) 
Seat 2: abona182 ($2.12 in chips) 
Seat 3: Björk123 ($2.98 in chips) 
Seat 4: MeepoBoy ($3.35 in chips) 
Seat 5: Ubersetzer ($1.41 in chips) 
Seat 6: 5gold jigsaw ($2.94 in chips) 
Björk123: posts small blind $0.01
MeepoBoy: posts big blind $0.02
*** HOLE CARDS ***
Dealt to Lorpugo [6s 4s]
Ubersetzer: folds 
5gold jigsaw: folds 
Lorpugo: raises $0.04 to $0.06
abona182: folds 
Björk123: folds 
MeepoBoy: folds 
Uncalled bet ($0.04) returned to Lorpugo
Lorpugo collected $0.05 from pot
*** SUMMARY ***
Total pot $0.05 | Rake $0 
Seat 1: Lorpugo collected ($0.05)
Seat 2: abona182 (button) folded before Flop (didn't bet)
Seat 3: Björk123 (small blind) folded before Flop
Seat 4: MeepoBoy (big blind) folded before Flop
Seat 5: Ubersetzer folded before Flop (didn't bet)
Seat 6: 5gold jigsaw folded before Flop (didn't bet)



PokerStars Hand #239468820539:  Hold'em No Limit ($0.01/$0.02 USD) - 2022/10/26 15:08:46 ET
Table 'Lohmann II' 6-max Seat #3 is the button
Seat 1: Lorpugo ($1.66 in chips) 
Seat 2: abona182 ($2.12 in chips) 
Seat 3: Björk123 ($2.97 in chips) 
Seat 4: MeepoBoy ($3.33 in chips) 
Seat 5: Ubersetzer ($1.41 in chips) 
Seat 6: 5gold jigsaw ($2.94 in chips) 
MeepoBoy: posts small blind $0.01
Ubersetzer: posts big blind $0.02
*** HOLE CARDS ***
Dealt to Lorpugo [6c 7h]
5gold jigsaw: raises $0.03 to $0.05
Lorpugo: raises $0.13 to $0.18
abona182: folds 
Björk123: folds 
MeepoBoy: folds 
Ubersetzer: folds 
5gold jigsaw: calls $0.13
*** FLOP *** [Ts 8h 4d]
5gold jigsaw: checks 
Lorpugo: bets $0.25
5gold jigsaw: folds 
Uncalled bet ($0.25) returned to Lorpugo
Lorpugo collected $0.38 from pot
Lorpugo: doesn't show hand 
*** SUMMARY ***
Total pot $0.39 | Rake $0.01 
Board [Ts 8h 4d]
Seat 1: Lorpugo collected ($0.38)
Seat 2: abona182 folded before Flop (didn't bet)
Seat 3: Björk123 (button) folded before Flop (didn't bet)
Seat 4: MeepoBoy (small blind) folded before Flop
Seat 5: Ubersetzer (big blind) folded before Flop
Seat 6: 5gold jigsaw folded on the Flop



PokerStars Hand #239468831952:  Hold'em No Limit ($0.01/$0.02 USD) - 2022/10/26 15:09:16 ET
Table 'Lohmann II' 6-max Seat #4 is the button
Seat 1: Lorpugo ($1.86 in chips) 
Seat 2: abona182 ($2.12 in chips) 
Seat 3: Björk123 ($2.97 in chips) 
Seat 4: MeepoBoy ($3.32 in chips) 
Seat 5: Ubersetzer ($1.39 in chips) 
Seat 6: 5gold jigsaw ($2.76 in chips) 
Ubersetzer: posts small blind $0.01
5gold jigsaw: posts big blind $0.02
*** HOLE CARDS ***
Dealt to Lorpugo [7c 6d]
Lorpugo: folds 
abona182: folds 
Björk123: folds 
MeepoBoy: folds 
Ubersetzer: folds 
Uncalled bet ($0.01) returned to 5gold jigsaw
5gold jigsaw collected $0.02 from pot
5gold jigsaw: doesn't show hand 
*** SUMMARY ***
Total pot $0.02 | Rake $0 
Seat 1: Lorpugo folded before Flop (didn't bet)
Seat 2: abona182 folded before Flop (didn't bet)
Seat 3: Björk123 folded before Flop (didn't bet)
Seat 4: MeepoBoy (button) folded before Flop (didn't bet)
Seat 5: Ubersetzer (small blind) folded before Flop
Seat 6: 5gold jigsaw (big blind) collected ($0.02)



PokerStars Hand #239468836451:  Hold'em No Limit ($0.01/$0.02 USD) - 2022/10/26 15:09:27 ET
Table 'Lohmann II' 6-max Seat #5 is the button
Seat 1: Lorpugo ($1.86 in chips) 
Seat 2: abona182 ($2.12 in chips) 
Seat 3: Björk123 ($2.97 in chips) 
Seat 4: MeepoBoy ($3.32 in chips) 
Seat 5: Ubersetzer ($1.38 in chips) 
Seat 6: 5gold jigsaw ($2.77 in chips) 
5gold jigsaw: posts small blind $0.01
Lorpugo: posts big blind $0.02
*** HOLE CARDS ***
Dealt to Lorpugo [3s Ad]
abona182: raises $0.02 to $0.04
Björk123: raises $0.08 to $0.12
MeepoBoy: folds 
Ubersetzer: folds 
5gold jigsaw: folds 
Lorpugo is disconnected 
Lorpugo is connected 
Lorpugo: folds 
abona182: folds 
Uncalled bet ($0.08) returned to Björk123
Björk123 collected $0.11 from pot
Björk123: doesn't show hand 
*** SUMMARY ***
Total pot $0.11 | Rake $0 
Seat 1: Lorpugo (big blind) folded before Flop
Seat 2: abona182 folded before Flop
Seat 3: Björk123 collected ($0.11)
Seat 4: MeepoBoy folded before Flop (didn't bet)
Seat 5: Ubersetzer (button) folded before Flop (didn't bet)
Seat 6: 5gold jigsaw (small blind) folded before Flop



PokerStars Hand #239468853282:  Hold'em No Limit ($0.01/$0.02 USD) - 2022/10/26 15:10:11 ET
Table 'Lohmann II' 6-max Seat #6 is the button
Seat 1: Lorpugo ($1.84 in chips) 
Seat 2: abona182 ($2.08 in chips) 
Seat 3: Björk123 ($3.04 in chips) 
Seat 4: MeepoBoy ($3.32 in chips) 
Seat 5: Ubersetzer ($1.38 in chips) 
Seat 6: 5gold jigsaw ($2.76 in chips) 
Lorpugo: posts small blind $0.01
abona182: posts big blind $0.02
*** HOLE CARDS ***
Dealt to Lorpugo [7s 9s]
Björk123: folds 
MeepoBoy: raises $0.04 to $0.06
Ubersetzer: folds 
5gold jigsaw: raises $0.12 to $0.18
Lorpugo: calls $0.17
abona182: folds 
MeepoBoy: raises $3.14 to $3.32 and is all-in
5gold jigsaw: folds 
Lorpugo: calls $1.66 and is all-in
Uncalled bet ($1.48) returned to MeepoBoy
*** FLOP *** [2h Kd Js]
*** TURN *** [2h Kd Js] [Kh]
*** RIVER *** [2h Kd Js Kh] [Jd]
*** SHOW DOWN ***
Lorpugo: shows [7s 9s] (two pair, Kings and Jacks)
MeepoBoy: shows [Ks Kc] (four of a kind, Kings)
MeepoBoy collected $3.74 from pot
*** SUMMARY ***
Total pot $3.88 | Rake $0.14 
Board [2h Kd Js Kh Jd]
Seat 1: Lorpugo (small blind) showed [7s 9s] and lost with two pair, Kings and Jacks
Seat 2: abona182 (big blind) folded before Flop
Seat 3: Björk123 folded before Flop (didn't bet)
Seat 4: MeepoBoy showed [Ks Kc] and won ($3.74) with four of a kind, Kings
Seat 5: Ubersetzer folded before Flop (didn't bet)
Seat 6: 5gold jigsaw (button) folded before Flop



