PokerStars Hand #239403126377:  Hold'em No Limit ($0.01/$0.02 USD) - 2022/10/23 10:40:36 ET
Table 'Sagittarius II' 6-max Seat #5 is the button
Seat 1: Lorpugo ($1.60 in chips) 
Seat 3: carfuracão ($2.91 in chips) 
Seat 4: laoban888 ($2 in chips) 
Seat 5: SassyBitch95 ($2.34 in chips) 
Seat 6: kkpote ($3.68 in chips) 
kkpote: posts small blind $0.01
Lorpugo: posts big blind $0.02
*** HOLE CARDS ***
Dealt to Lorpugo [9h 9c]
carfuracão: folds 
laoban888: raises $0.04 to $0.06
SassyBitch95: folds 
kkpote: folds 
Lorpugo: raises $0.13 to $0.19
laoban888: folds 
Uncalled bet ($0.13) returned to Lorpugo
Lorpugo collected $0.13 from pot
Lorpugo: doesn't show hand 
*** SUMMARY ***
Total pot $0.13 | Rake $0 
Seat 1: Lorpugo (big blind) collected ($0.13)
Seat 3: carfuracão folded before Flop (didn't bet)
Seat 4: laoban888 folded before Flop
Seat 5: SassyBitch95 (button) folded before Flop (didn't bet)
Seat 6: kkpote (small blind) folded before Flop



PokerStars Hand #239403131546:  Hold'em No Limit ($0.01/$0.02 USD) - 2022/10/23 10:40:54 ET
Table 'Sagittarius II' 6-max Seat #6 is the button
Seat 1: Lorpugo ($1.67 in chips) 
Seat 3: carfuracão ($2.91 in chips) 
Seat 4: laoban888 ($2 in chips) 
Seat 5: SassyBitch95 ($2.34 in chips) 
Seat 6: kkpote ($3.67 in chips) 
Lorpugo: posts small blind $0.01
carfuracão: posts big blind $0.02
*** HOLE CARDS ***
Dealt to Lorpugo [8c 6c]
laoban888: folds 
SassyBitch95: folds 
kkpote: folds 
Lorpugo: raises $0.04 to $0.06
carfuracão: calls $0.04
*** FLOP *** [2d 2h Jd]
Lorpugo: checks 
carfuracão: bets $0.04
Lorpugo: folds 
Uncalled bet ($0.04) returned to carfuracão
carfuracão collected $0.12 from pot
kevin2020777 leaves the table
*** SUMMARY ***
Total pot $0.12 | Rake $0 
Board [2d 2h Jd]
Seat 1: Lorpugo (small blind) folded on the Flop
Seat 3: carfuracão (big blind) collected ($0.12)
Seat 4: laoban888 folded before Flop (didn't bet)
Seat 5: SassyBitch95 folded before Flop (didn't bet)
Seat 6: kkpote (button) folded before Flop (didn't bet)



PokerStars Hand #239403225124:  Hold'em No Limit ($0.01/$0.02 USD) - 2022/10/23 10:46:13 ET
Table 'Sagittarius II' 6-max Seat #5 is the button
Seat 1: Lorpugo ($1.61 in chips) 
Seat 2: Platosdream ($2.15 in chips) 
Seat 3: carfuracão ($3.24 in chips) 
Seat 4: Danilloo93 ($2 in chips) 
Seat 5: SassyBitch95 ($1.64 in chips) 
Seat 6: LittleGianttt ($1.98 in chips) 
LittleGianttt: posts small blind $0.01
Lorpugo: posts big blind $0.02
*** HOLE CARDS ***
Dealt to Lorpugo [Jc 6d]
Platosdream: folds 
carfuracão: folds 
Danilloo93: folds 
SassyBitch95: raises $0.04 to $0.06
LittleGianttt: folds 
Lorpugo: folds 
Uncalled bet ($0.04) returned to SassyBitch95
SassyBitch95 collected $0.05 from pot
*** SUMMARY ***
Total pot $0.05 | Rake $0 
Seat 1: Lorpugo (big blind) folded before Flop
Seat 2: Platosdream folded before Flop (didn't bet)
Seat 3: carfuracão folded before Flop (didn't bet)
Seat 4: Danilloo93 folded before Flop (didn't bet)
Seat 5: SassyBitch95 (button) collected ($0.05)
Seat 6: LittleGianttt (small blind) folded before Flop



PokerStars Hand #239403228884:  Hold'em No Limit ($0.01/$0.02 USD) - 2022/10/23 10:46:27 ET
Table 'Sagittarius II' 6-max Seat #6 is the button
Seat 1: Lorpugo ($1.60 in chips) 
Seat 2: Platosdream ($2.15 in chips) 
Seat 3: carfuracão ($3.24 in chips) 
Seat 4: Danilloo93 ($2 in chips) 
Seat 5: SassyBitch95 ($1.67 in chips) 
Seat 6: LittleGianttt ($1.97 in chips) 
Lorpugo: posts small blind $0.01
Platosdream: posts big blind $0.02
*** HOLE CARDS ***
Dealt to Lorpugo [9d 6d]
carfuracão: folds 
Danilloo93: folds 
SassyBitch95: folds 
LittleGianttt: folds 
Lorpugo: raises $0.04 to $0.06
Platosdream: folds 
Uncalled bet ($0.04) returned to Lorpugo
Lorpugo collected $0.04 from pot
Lorpugo: doesn't show hand 
*** SUMMARY ***
Total pot $0.04 | Rake $0 
Seat 1: Lorpugo (small blind) collected ($0.04)
Seat 2: Platosdream (big blind) folded before Flop
Seat 3: carfuracão folded before Flop (didn't bet)
Seat 4: Danilloo93 folded before Flop (didn't bet)
Seat 5: SassyBitch95 folded before Flop (didn't bet)
Seat 6: LittleGianttt (button) folded before Flop (didn't bet)



PokerStars Hand #239403238786:  Hold'em No Limit ($0.01/$0.02 USD) - 2022/10/23 10:47:00 ET
Table 'Sagittarius II' 6-max Seat #1 is the button
Seat 1: Lorpugo ($1.62 in chips) 
Seat 2: Platosdream ($2.13 in chips) 
Seat 3: carfuracão ($3.24 in chips) 
Seat 4: Danilloo93 ($2 in chips) 
Seat 5: SassyBitch95 ($1.67 in chips) 
Seat 6: LittleGianttt ($1.97 in chips) 
Platosdream: posts small blind $0.01
carfuracão: posts big blind $0.02
*** HOLE CARDS ***
Dealt to Lorpugo [8d As]
Danilloo93: folds 
SassyBitch95: folds 
LittleGianttt: raises $0.03 to $0.05
SassyBitch95 leaves the table
Lorpugo: calls $0.05
Platosdream: folds 
carfuracão: folds 
*** FLOP *** [7h Kh 6h]
LittleGianttt: bets $0.04
Lorpugo: folds 
Uncalled bet ($0.04) returned to LittleGianttt
LittleGianttt collected $0.13 from pot
LittleGianttt: doesn't show hand 
*** SUMMARY ***
Total pot $0.13 | Rake $0 
Board [7h Kh 6h]
Seat 1: Lorpugo (button) folded on the Flop
Seat 2: Platosdream (small blind) folded before Flop
Seat 3: carfuracão (big blind) folded before Flop
Seat 4: Danilloo93 folded before Flop (didn't bet)
Seat 5: SassyBitch95 folded before Flop (didn't bet)
Seat 6: LittleGianttt collected ($0.13)



PokerStars Hand #239403247859:  Hold'em No Limit ($0.01/$0.02 USD) - 2022/10/23 10:47:31 ET
Table 'Sagittarius II' 6-max Seat #3 is the button
Seat 1: Lorpugo ($1.60 in chips) 
Seat 3: carfuracão ($3.22 in chips) 
Seat 4: Danilloo93 ($2 in chips) 
Seat 6: LittleGianttt ($2.05 in chips) 
Danilloo93: posts small blind $0.01
LittleGianttt: posts big blind $0.02
*** HOLE CARDS ***
Dealt to Lorpugo [4c 5c]
Lorpugo: raises $0.04 to $0.06
carfuracão: calls $0.06
Danilloo93: raises $0.20 to $0.26
LittleGianttt: folds 
Lorpugo: folds 
carfuracão: folds 
Uncalled bet ($0.20) returned to Danilloo93
Danilloo93 collected $0.20 from pot
Danilloo93: doesn't show hand 
*** SUMMARY ***
Total pot $0.20 | Rake $0 
Seat 1: Lorpugo folded before Flop
Seat 3: carfuracão (button) folded before Flop
Seat 4: Danilloo93 (small blind) collected ($0.20)
Seat 6: LittleGianttt (big blind) folded before Flop



PokerStars Hand #239403257133:  Hold'em No Limit ($0.01/$0.02 USD) - 2022/10/23 10:48:03 ET
Table 'Sagittarius II' 6-max Seat #4 is the button
Seat 1: Lorpugo ($1.60 in chips) 
Seat 3: carfuracão ($3.16 in chips) 
Seat 4: Danilloo93 ($2.14 in chips) 
Seat 6: LittleGianttt ($2.03 in chips) 
LittleGianttt: posts small blind $0.01
Lorpugo: posts big blind $0.02
*** HOLE CARDS ***
Dealt to Lorpugo [3h 8s]
carfuracão: folds 
Danilloo93: raises $0.03 to $0.05
LittleGianttt: folds 
Lorpugo: folds 
Uncalled bet ($0.03) returned to Danilloo93
Vory963 joins the table at seat #5 
Danilloo93 collected $0.05 from pot
Danilloo93: doesn't show hand 
*** SUMMARY ***
Total pot $0.05 | Rake $0 
Seat 1: Lorpugo (big blind) folded before Flop
Seat 3: carfuracão folded before Flop (didn't bet)
Seat 4: Danilloo93 (button) collected ($0.05)
Seat 6: LittleGianttt (small blind) folded before Flop



PokerStars Hand #239403262692:  Hold'em No Limit ($0.01/$0.02 USD) - 2022/10/23 10:48:22 ET
Table 'Sagittarius II' 6-max Seat #6 is the button
Seat 1: Lorpugo ($1.60 in chips) 
Seat 3: carfuracão ($3.16 in chips) 
Seat 4: Danilloo93 ($2.17 in chips) 
Seat 6: LittleGianttt ($2.02 in chips) 
Lorpugo: posts small blind $0.01
carfuracão: posts big blind $0.02
Vory963: sits out 
*** HOLE CARDS ***
Dealt to Lorpugo [4s 3s]
Danilloo93: folds 
LittleGianttt: raises $0.03 to $0.05
Lorpugo: folds 
carfuracão: calls $0.03
*** FLOP *** [8h Ac 9c]
carfuracão: checks 
LittleGianttt: bets $0.04
carfuracão: calls $0.04
*** TURN *** [8h Ac 9c] [9h]
carfuracão: checks 
LittleGianttt: bets $0.12
carfuracão: calls $0.12
*** RIVER *** [8h Ac 9c 9h] [8s]
carfuracão: checks 
LittleGianttt: checks 
*** SHOW DOWN ***
carfuracão: shows [As 4h] (two pair, Aces and Nines)
LittleGianttt: mucks hand 
carfuracão collected $0.41 from pot
*** SUMMARY ***
Total pot $0.43 | Rake $0.02 
Board [8h Ac 9c 9h 8s]
Seat 1: Lorpugo (small blind) folded before Flop
Seat 3: carfuracão (big blind) showed [As 4h] and won ($0.41) with two pair, Aces and Nines
Seat 4: Danilloo93 folded before Flop (didn't bet)
Seat 6: LittleGianttt (button) mucked [6c Tc]



PokerStars Hand #239403285168:  Hold'em No Limit ($0.01/$0.02 USD) - 2022/10/23 10:49:40 ET
Table 'Sagittarius II' 6-max Seat #1 is the button
Seat 1: Lorpugo ($1.60 in chips) 
Seat 3: carfuracão ($3.36 in chips) 
Seat 4: Danilloo93 ($2.17 in chips) 
Seat 6: LittleGianttt ($1.81 in chips) 
carfuracão: posts small blind $0.01
Danilloo93: posts big blind $0.02
Vory963: sits out 
*** HOLE CARDS ***
Dealt to Lorpugo [Qc Ac]
LittleGianttt: folds 
Lorpugo: raises $0.04 to $0.06
carfuracão: folds 
Danilloo93: folds 
Uncalled bet ($0.04) returned to Lorpugo
Lorpugo collected $0.05 from pot
Lorpugo: doesn't show hand 
*** SUMMARY ***
Total pot $0.05 | Rake $0 
Seat 1: Lorpugo (button) collected ($0.05)
Seat 3: carfuracão (small blind) folded before Flop
Seat 4: Danilloo93 (big blind) folded before Flop
Seat 6: LittleGianttt folded before Flop (didn't bet)



PokerStars Hand #239403290300:  Hold'em No Limit ($0.01/$0.02 USD) - 2022/10/23 10:49:57 ET
Table 'Sagittarius II' 6-max Seat #3 is the button
Seat 1: Lorpugo ($1.63 in chips) 
Seat 2: Platosdream ($2.12 in chips) 
Seat 3: carfuracão ($3.35 in chips) 
Seat 4: Danilloo93 ($2.15 in chips) 
Seat 5: Vory963 ($2 in chips) 
Seat 6: LittleGianttt ($1.81 in chips) 
Danilloo93: posts small blind $0.01
Vory963: posts big blind $0.02
Platosdream: posts small & big blinds $0.03
*** HOLE CARDS ***
Dealt to Lorpugo [Ah Tc]
LittleGianttt: folds 
Lorpugo: raises $0.04 to $0.06
Platosdream: folds 
carfuracão: folds 
Danilloo93: folds 
Vory963: calls $0.04
*** FLOP *** [2c Qs 9d]
Vory963: checks 
Lorpugo: checks 
*** TURN *** [2c Qs 9d] [6h]
Vory963: checks 
Lorpugo: checks 
*** RIVER *** [2c Qs 9d 6h] [2d]
Vory963: checks 
Lorpugo: bets $0.02
carfuracão leaves the table
Vory963: calls $0.02
*** SHOW DOWN ***
Lorpugo: shows [Ah Tc] (a pair of Deuces)
Vory963: shows [4d 4c] (two pair, Fours and Deuces)
Vory963 collected $0.19 from pot
Mann1ng89 joins the table at seat #3 
*** SUMMARY ***
Total pot $0.20 | Rake $0.01 
Board [2c Qs 9d 6h 2d]
Seat 1: Lorpugo showed [Ah Tc] and lost with a pair of Deuces
Seat 2: Platosdream folded before Flop (didn't bet)
Seat 3: carfuracão (button) folded before Flop (didn't bet)
Seat 4: Danilloo93 (small blind) folded before Flop
Seat 5: Vory963 (big blind) showed [4d 4c] and won ($0.19) with two pair, Fours and Deuces
Seat 6: LittleGianttt folded before Flop (didn't bet)



PokerStars Hand #239403305681:  Hold'em No Limit ($0.01/$0.02 USD) - 2022/10/23 10:50:51 ET
Table 'Sagittarius II' 6-max Seat #4 is the button
Seat 1: Lorpugo ($1.60 in chips) 
Seat 2: Platosdream ($2.09 in chips) 
Seat 3: Mann1ng89 ($1.60 in chips) 
Seat 4: Danilloo93 ($2.14 in chips) 
Seat 5: Vory963 ($2.11 in chips) 
Seat 6: LittleGianttt ($2 in chips) 
Vory963: posts small blind $0.01
LittleGianttt: posts big blind $0.02
Mann1ng89 is connected 
Mann1ng89: posts big blind $0.02
*** HOLE CARDS ***
Dealt to Lorpugo [9h 7s]
Lorpugo: folds 
Platosdream: folds 
Mann1ng89: checks 
Danilloo93: folds 
Vory963: calls $0.01
LittleGianttt: checks 
*** FLOP *** [5c Js Jh]
Vory963: checks 
LittleGianttt: checks 
Mann1ng89: checks 
*** TURN *** [5c Js Jh] [Td]
Vory963: checks 
LittleGianttt: checks 
Mann1ng89: checks 
*** RIVER *** [5c Js Jh Td] [2d]
Vory963: checks 
LittleGianttt: checks 
Mann1ng89: bets $0.06
Vory963: calls $0.06
LittleGianttt: folds 
*** SHOW DOWN ***
Mann1ng89: shows [7d 9d] (a pair of Jacks)
Vory963: shows [Ad Ts] (two pair, Jacks and Tens)
Vory963 collected $0.17 from pot
*** SUMMARY ***
Total pot $0.18 | Rake $0.01 
Board [5c Js Jh Td 2d]
Seat 1: Lorpugo folded before Flop (didn't bet)
Seat 2: Platosdream folded before Flop (didn't bet)
Seat 3: Mann1ng89 showed [7d 9d] and lost with a pair of Jacks
Seat 4: Danilloo93 (button) folded before Flop (didn't bet)
Seat 5: Vory963 (small blind) showed [Ad Ts] and won ($0.17) with two pair, Jacks and Tens
Seat 6: LittleGianttt (big blind) folded on the River



PokerStars Hand #239403323915:  Hold'em No Limit ($0.01/$0.02 USD) - 2022/10/23 10:51:53 ET
Table 'Sagittarius II' 6-max Seat #5 is the button
Seat 1: Lorpugo ($1.60 in chips) 
Seat 2: Platosdream ($2.09 in chips) 
Seat 3: Mann1ng89 ($1.52 in chips) 
Seat 4: Danilloo93 ($2.14 in chips) 
Seat 5: Vory963 ($2.20 in chips) 
Seat 6: LittleGianttt ($2 in chips) 
LittleGianttt: posts small blind $0.01
Lorpugo: posts big blind $0.02
*** HOLE CARDS ***
Dealt to Lorpugo [Kh 9s]
Platosdream: folds 
Mann1ng89: raises $0.04 to $0.06
Danilloo93: folds 
Vory963: calls $0.06
LittleGianttt: folds 
Lorpugo: folds 
*** FLOP *** [9h 8h 4d]
Mann1ng89: checks 
Vory963: checks 
*** TURN *** [9h 8h 4d] [3d]
Mann1ng89: checks 
Vory963: checks 
*** RIVER *** [9h 8h 4d 3d] [4c]
Mann1ng89: checks 
Vory963: checks 
*** SHOW DOWN ***
Mann1ng89: shows [Tc Ac] (a pair of Fours)
Vory963: mucks hand 
Mann1ng89 collected $0.14 from pot
*** SUMMARY ***
Total pot $0.15 | Rake $0.01 
Board [9h 8h 4d 3d 4c]
Seat 1: Lorpugo (big blind) folded before Flop
Seat 2: Platosdream folded before Flop (didn't bet)
Seat 3: Mann1ng89 showed [Tc Ac] and won ($0.14) with a pair of Fours
Seat 4: Danilloo93 folded before Flop (didn't bet)
Seat 5: Vory963 (button) mucked [Qs Ks]
Seat 6: LittleGianttt (small blind) folded before Flop



PokerStars Hand #239403338168:  Hold'em No Limit ($0.01/$0.02 USD) - 2022/10/23 10:52:42 ET
Table 'Sagittarius II' 6-max Seat #6 is the button
Seat 1: Lorpugo ($1.60 in chips) 
Seat 2: Platosdream ($2.09 in chips) 
Seat 3: Mann1ng89 ($1.60 in chips) 
Seat 4: Danilloo93 ($2.14 in chips) 
Seat 5: Vory963 ($2.14 in chips) 
Seat 6: LittleGianttt ($2 in chips) 
Lorpugo: posts small blind $0.01
Platosdream: posts big blind $0.02
*** HOLE CARDS ***
Dealt to Lorpugo [Qc Ad]
Mann1ng89: folds 
Danilloo93: folds 
Vory963: folds 
LittleGianttt: folds 
Lorpugo: raises $0.04 to $0.06
Platosdream: folds 
Uncalled bet ($0.04) returned to Lorpugo
Lorpugo collected $0.04 from pot
Lorpugo: doesn't show hand 
*** SUMMARY ***
Total pot $0.04 | Rake $0 
Seat 1: Lorpugo (small blind) collected ($0.04)
Seat 2: Platosdream (big blind) folded before Flop
Seat 3: Mann1ng89 folded before Flop (didn't bet)
Seat 4: Danilloo93 folded before Flop (didn't bet)
Seat 5: Vory963 folded before Flop (didn't bet)
Seat 6: LittleGianttt (button) folded before Flop (didn't bet)



PokerStars Hand #239403343515:  Hold'em No Limit ($0.01/$0.02 USD) - 2022/10/23 10:53:00 ET
Table 'Sagittarius II' 6-max Seat #1 is the button
Seat 1: Lorpugo ($1.62 in chips) 
Seat 2: Platosdream ($2.07 in chips) 
Seat 3: Mann1ng89 ($1.60 in chips) 
Seat 4: Danilloo93 ($2.14 in chips) 
Seat 5: Vory963 ($2.14 in chips) 
Seat 6: LittleGianttt ($2 in chips) 
Platosdream: posts small blind $0.01
Mann1ng89: posts big blind $0.02
*** HOLE CARDS ***
Dealt to Lorpugo [Ad 6d]
Danilloo93: folds 
Vory963: calls $0.02
LittleGianttt: folds 
Lorpugo: raises $0.07 to $0.09
Platosdream: folds 
Mann1ng89: folds 
Vory963: folds 
Uncalled bet ($0.07) returned to Lorpugo
Lorpugo collected $0.07 from pot
Lorpugo: doesn't show hand 
*** SUMMARY ***
Total pot $0.07 | Rake $0 
Seat 1: Lorpugo (button) collected ($0.07)
Seat 2: Platosdream (small blind) folded before Flop
Seat 3: Mann1ng89 (big blind) folded before Flop
Seat 4: Danilloo93 folded before Flop (didn't bet)
Seat 5: Vory963 folded before Flop
Seat 6: LittleGianttt folded before Flop (didn't bet)



PokerStars Hand #239403352461:  Hold'em No Limit ($0.01/$0.02 USD) - 2022/10/23 10:53:31 ET
Table 'Sagittarius II' 6-max Seat #2 is the button
Seat 1: Lorpugo ($1.67 in chips) 
Seat 2: Platosdream ($2.06 in chips) 
Seat 3: Mann1ng89 ($1.58 in chips) 
Seat 4: Danilloo93 ($2.14 in chips) 
Seat 5: Vory963 ($2.12 in chips) 
Seat 6: LittleGianttt ($2 in chips) 
Mann1ng89: posts small blind $0.01
Danilloo93: posts big blind $0.02
*** HOLE CARDS ***
Dealt to Lorpugo [Ah Kc]
Vory963: folds 
LittleGianttt: raises $0.03 to $0.05
Lorpugo: raises $0.13 to $0.18
Platosdream: folds 
Mann1ng89: folds 
Danilloo93: folds 
LittleGianttt: folds 
Uncalled bet ($0.13) returned to Lorpugo
Lorpugo collected $0.13 from pot
Lorpugo: doesn't show hand 
*** SUMMARY ***
Total pot $0.13 | Rake $0 
Seat 1: Lorpugo collected ($0.13)
Seat 2: Platosdream (button) folded before Flop (didn't bet)
Seat 3: Mann1ng89 (small blind) folded before Flop
Seat 4: Danilloo93 (big blind) folded before Flop
Seat 5: Vory963 folded before Flop (didn't bet)
Seat 6: LittleGianttt folded before Flop



PokerStars Hand #239403361330:  Hold'em No Limit ($0.01/$0.02 USD) - 2022/10/23 10:54:01 ET
Table 'Sagittarius II' 6-max Seat #3 is the button
Seat 1: Lorpugo ($1.75 in chips) 
Seat 2: Platosdream ($2.06 in chips) 
Seat 3: Mann1ng89 ($1.57 in chips) 
Seat 4: Danilloo93 ($2.12 in chips) 
Seat 5: Vory963 ($2.12 in chips) 
Seat 6: LittleGianttt ($2 in chips) 
Danilloo93: posts small blind $0.01
Vory963: posts big blind $0.02
*** HOLE CARDS ***
Dealt to Lorpugo [4s 9d]
LittleGianttt: folds 
Lorpugo: folds 
Platosdream: folds 
Mann1ng89: folds 
Danilloo93: raises $0.04 to $0.06
Vory963: calls $0.04
*** FLOP *** [Js 5d Qs]
Danilloo93: bets $0.04
Vory963: calls $0.04
*** TURN *** [Js 5d Qs] [4c]
Danilloo93: checks 
Vory963: checks 
*** RIVER *** [Js 5d Qs 4c] [3c]
Danilloo93: checks 
Vory963: checks 
*** SHOW DOWN ***
Danilloo93: shows [7h 7s] (a pair of Sevens)
Vory963: mucks hand 
Danilloo93 collected $0.19 from pot
*** SUMMARY ***
Total pot $0.20 | Rake $0.01 
Board [Js 5d Qs 4c 3c]
Seat 1: Lorpugo folded before Flop (didn't bet)
Seat 2: Platosdream folded before Flop (didn't bet)
Seat 3: Mann1ng89 (button) folded before Flop (didn't bet)
Seat 4: Danilloo93 (small blind) showed [7h 7s] and won ($0.19) with a pair of Sevens
Seat 5: Vory963 (big blind) mucked [9h Kh]
Seat 6: LittleGianttt folded before Flop (didn't bet)



PokerStars Hand #239403375140:  Hold'em No Limit ($0.01/$0.02 USD) - 2022/10/23 10:54:48 ET
Table 'Sagittarius II' 6-max Seat #4 is the button
Seat 1: Lorpugo ($1.75 in chips) 
Seat 2: Platosdream ($2.06 in chips) 
Seat 3: Mann1ng89 ($1.57 in chips) 
Seat 4: Danilloo93 ($2.21 in chips) 
Seat 5: Vory963 ($2.02 in chips) 
Seat 6: LittleGianttt ($2 in chips) 
Vory963: posts small blind $0.01
LittleGianttt: posts big blind $0.02
*** HOLE CARDS ***
Dealt to Lorpugo [5s Kh]
Lorpugo: folds 
Platosdream: folds 
Mann1ng89: folds 
Danilloo93: folds 
Vory963: folds 
Uncalled bet ($0.01) returned to LittleGianttt
LittleGianttt collected $0.02 from pot
LittleGianttt: doesn't show hand 
*** SUMMARY ***
Total pot $0.02 | Rake $0 
Seat 1: Lorpugo folded before Flop (didn't bet)
Seat 2: Platosdream folded before Flop (didn't bet)
Seat 3: Mann1ng89 folded before Flop (didn't bet)
Seat 4: Danilloo93 (button) folded before Flop (didn't bet)
Seat 5: Vory963 (small blind) folded before Flop
Seat 6: LittleGianttt (big blind) collected ($0.02)



PokerStars Hand #239403380274:  Hold'em No Limit ($0.01/$0.02 USD) - 2022/10/23 10:55:06 ET
Table 'Sagittarius II' 6-max Seat #5 is the button
Seat 1: Lorpugo ($1.75 in chips) 
Seat 2: Platosdream ($2.06 in chips) 
Seat 3: Mann1ng89 ($1.57 in chips) 
Seat 4: Danilloo93 ($2.21 in chips) 
Seat 5: Vory963 ($2.01 in chips) 
Seat 6: LittleGianttt ($2.01 in chips) 
LittleGianttt: posts small blind $0.01
Lorpugo: posts big blind $0.02
*** HOLE CARDS ***
Dealt to Lorpugo [4c Js]
Platosdream: raises $0.02 to $0.04
Mann1ng89: calls $0.04
Danilloo93: folds 
Vory963: folds 
LittleGianttt: folds 
Lorpugo: folds 
*** FLOP *** [7h Jc 4s]
Platosdream: checks 
Mann1ng89: bets $0.06
Platosdream: calls $0.06
*** TURN *** [7h Jc 4s] [8c]
Platosdream: checks 
Mann1ng89: bets $0.11
Platosdream: calls $0.11
*** RIVER *** [7h Jc 4s 8c] [9c]
Platosdream: checks 
Mann1ng89: bets $0.22
Platosdream: raises $0.98 to $1.20
Mann1ng89: folds 
Uncalled bet ($0.98) returned to Platosdream
Platosdream collected $0.86 from pot
*** SUMMARY ***
Total pot $0.89 | Rake $0.03 
Board [7h Jc 4s 8c 9c]
Seat 1: Lorpugo (big blind) folded before Flop
Seat 2: Platosdream collected ($0.86)
Seat 3: Mann1ng89 folded on the River
Seat 4: Danilloo93 folded before Flop (didn't bet)
Seat 5: Vory963 (button) folded before Flop (didn't bet)
Seat 6: LittleGianttt (small blind) folded before Flop



PokerStars Hand #239403397919:  Hold'em No Limit ($0.01/$0.02 USD) - 2022/10/23 10:56:26 ET
Table 'Sagittarius II' 6-max Seat #6 is the button
Seat 1: Lorpugo ($1.73 in chips) 
Seat 2: Platosdream ($2.49 in chips) 
Seat 3: Mann1ng89 ($1.14 in chips) 
Seat 4: Danilloo93 ($2.21 in chips) 
Seat 5: Vory963 ($2.01 in chips) 
Seat 6: LittleGianttt ($2 in chips) 
Lorpugo: posts small blind $0.01
Platosdream: posts big blind $0.02
*** HOLE CARDS ***
Dealt to Lorpugo [Ac Jd]
Mann1ng89: folds 
Danilloo93: folds 
Vory963: folds 
LittleGianttt: raises $0.03 to $0.05
Lorpugo: raises $0.12 to $0.17
Platosdream: folds 
LittleGianttt: folds 
Uncalled bet ($0.12) returned to Lorpugo
Lorpugo collected $0.12 from pot
Lorpugo: doesn't show hand 
*** SUMMARY ***
Total pot $0.12 | Rake $0 
Seat 1: Lorpugo (small blind) collected ($0.12)
Seat 2: Platosdream (big blind) folded before Flop
Seat 3: Mann1ng89 folded before Flop (didn't bet)
Seat 4: Danilloo93 folded before Flop (didn't bet)
Seat 5: Vory963 folded before Flop (didn't bet)
Seat 6: LittleGianttt (button) folded before Flop



PokerStars Hand #239403405479:  Hold'em No Limit ($0.01/$0.02 USD) - 2022/10/23 10:56:59 ET
Table 'Sagittarius II' 6-max Seat #1 is the button
Seat 1: Lorpugo ($1.80 in chips) 
Seat 2: Platosdream ($2.47 in chips) 
Seat 3: Mann1ng89 ($1.14 in chips) 
Seat 4: Danilloo93 ($2.21 in chips) 
Seat 5: Vory963 ($2.01 in chips) 
Seat 6: LittleGianttt ($2 in chips) 
Platosdream: posts small blind $0.01
Mann1ng89: posts big blind $0.02
*** HOLE CARDS ***
Dealt to Lorpugo [Ts 3s]
Danilloo93: folds 
Vory963: folds 
LittleGianttt: folds 
Lorpugo: raises $0.04 to $0.06
Platosdream: folds 
Mann1ng89: folds 
Uncalled bet ($0.04) returned to Lorpugo
Lorpugo collected $0.05 from pot
Lorpugo: doesn't show hand 
*** SUMMARY ***
Total pot $0.05 | Rake $0 
Seat 1: Lorpugo (button) collected ($0.05)
Seat 2: Platosdream (small blind) folded before Flop
Seat 3: Mann1ng89 (big blind) folded before Flop
Seat 4: Danilloo93 folded before Flop (didn't bet)
Seat 5: Vory963 folded before Flop (didn't bet)
Seat 6: LittleGianttt folded before Flop (didn't bet)



PokerStars Hand #239403410194:  Hold'em No Limit ($0.01/$0.02 USD) - 2022/10/23 10:57:20 ET
Table 'Sagittarius II' 6-max Seat #2 is the button
Seat 1: Lorpugo ($1.83 in chips) 
Seat 2: Platosdream ($2.46 in chips) 
Seat 3: Mann1ng89 ($1.12 in chips) 
Seat 4: Danilloo93 ($2.21 in chips) 
Seat 5: Vory963 ($2.01 in chips) 
Seat 6: LittleGianttt ($2 in chips) 
Mann1ng89: posts small blind $0.01
Danilloo93: posts big blind $0.02
*** HOLE CARDS ***
Dealt to Lorpugo [Kd 5c]
Vory963: calls $0.02
LittleGianttt: folds 
Lorpugo: folds 
Platosdream: raises $0.02 to $0.04
Mann1ng89: calls $0.03
Danilloo93: folds 
Vory963: calls $0.02
*** FLOP *** [Tc 4h 8h]
Mann1ng89: checks 
Vory963: checks 
Platosdream: checks 
*** TURN *** [Tc 4h 8h] [9d]
Mann1ng89: checks 
Vory963: checks 
Platosdream: checks 
*** RIVER *** [Tc 4h 8h 9d] [7c]
Mann1ng89: checks 
Vory963: checks 
Platosdream: checks 
*** SHOW DOWN ***
Mann1ng89: shows [7s Ac] (a pair of Sevens)
Vory963: mucks hand 
Platosdream: mucks hand 
Mann1ng89 collected $0.14 from pot
*** SUMMARY ***
Total pot $0.14 | Rake $0 
Board [Tc 4h 8h 9d 7c]
Seat 1: Lorpugo folded before Flop (didn't bet)
Seat 2: Platosdream (button) mucked [5d 4d]
Seat 3: Mann1ng89 (small blind) showed [7s Ac] and won ($0.14) with a pair of Sevens
Seat 4: Danilloo93 (big blind) folded before Flop
Seat 5: Vory963 mucked [2s As]
Seat 6: LittleGianttt folded before Flop (didn't bet)



PokerStars Hand #239403434304:  Hold'em No Limit ($0.01/$0.02 USD) - 2022/10/23 10:59:07 ET
Table 'Sagittarius II' 6-max Seat #3 is the button
Seat 1: Lorpugo ($1.83 in chips) 
Seat 2: Platosdream ($2.42 in chips) 
Seat 3: Mann1ng89 ($1.22 in chips) 
Seat 4: Danilloo93 ($2.19 in chips) 
Seat 5: Vory963 ($1.97 in chips) 
Seat 6: LittleGianttt ($2 in chips) 
Danilloo93: posts small blind $0.01
Vory963: posts big blind $0.02
*** HOLE CARDS ***
Dealt to Lorpugo [Js 8h]
LittleGianttt: folds 
Lorpugo: folds 
Platosdream: folds 
Mann1ng89: raises $0.04 to $0.06
Danilloo93: calls $0.05
Vory963: folds 
*** FLOP *** [Ks Td 4h]
Danilloo93: bets $0.07
Mann1ng89: folds 
Uncalled bet ($0.07) returned to Danilloo93
Danilloo93 collected $0.14 from pot
Danilloo93: doesn't show hand 
*** SUMMARY ***
Total pot $0.14 | Rake $0 
Board [Ks Td 4h]
Seat 1: Lorpugo folded before Flop (didn't bet)
Seat 2: Platosdream folded before Flop (didn't bet)
Seat 3: Mann1ng89 (button) folded on the Flop
Seat 4: Danilloo93 (small blind) collected ($0.14)
Seat 5: Vory963 (big blind) folded before Flop
Seat 6: LittleGianttt folded before Flop (didn't bet)



PokerStars Hand #239403441090:  Hold'em No Limit ($0.01/$0.02 USD) - 2022/10/23 10:59:37 ET
Table 'Sagittarius II' 6-max Seat #4 is the button
Seat 1: Lorpugo ($1.83 in chips) 
Seat 2: Platosdream ($2.42 in chips) 
Seat 3: Mann1ng89 ($1.16 in chips) 
Seat 4: Danilloo93 ($2.27 in chips) 
Seat 5: Vory963 ($1.95 in chips) 
Seat 6: LittleGianttt ($2 in chips) 
Vory963: posts small blind $0.01
LittleGianttt: posts big blind $0.02
*** HOLE CARDS ***
Dealt to Lorpugo [Ts As]
Lorpugo: raises $0.04 to $0.06
Platosdream: folds 
Mann1ng89: folds 
Danilloo93: folds 
Vory963: folds 
LittleGianttt: folds 
Uncalled bet ($0.04) returned to Lorpugo
Lorpugo collected $0.05 from pot
Lorpugo: doesn't show hand 
*** SUMMARY ***
Total pot $0.05 | Rake $0 
Seat 1: Lorpugo collected ($0.05)
Seat 2: Platosdream folded before Flop (didn't bet)
Seat 3: Mann1ng89 folded before Flop (didn't bet)
Seat 4: Danilloo93 (button) folded before Flop (didn't bet)
Seat 5: Vory963 (small blind) folded before Flop
Seat 6: LittleGianttt (big blind) folded before Flop



PokerStars Hand #239403444820:  Hold'em No Limit ($0.01/$0.02 USD) - 2022/10/23 10:59:53 ET
Table 'Sagittarius II' 6-max Seat #5 is the button
Seat 1: Lorpugo ($1.86 in chips) 
Seat 2: Platosdream ($2.42 in chips) 
Seat 3: Mann1ng89 ($1.16 in chips) 
Seat 4: Danilloo93 ($2.27 in chips) 
Seat 5: Vory963 ($1.94 in chips) 
Seat 6: LittleGianttt ($2 in chips) 
LittleGianttt: posts small blind $0.01
Lorpugo: posts big blind $0.02
*** HOLE CARDS ***
Dealt to Lorpugo [Qh Td]
Platosdream: folds 
Mann1ng89: folds 
Danilloo93: folds 
Vory963: calls $0.02
LittleGianttt: folds 
Lorpugo: raises $0.05 to $0.07
Vory963: calls $0.05
*** FLOP *** [Kc 8s 9h]
Lorpugo: bets $0.09
Vory963: folds 
Uncalled bet ($0.09) returned to Lorpugo
Lorpugo collected $0.14 from pot
Lorpugo: doesn't show hand 
*** SUMMARY ***
Total pot $0.15 | Rake $0.01 
Board [Kc 8s 9h]
Seat 1: Lorpugo (big blind) collected ($0.14)
Seat 2: Platosdream folded before Flop (didn't bet)
Seat 3: Mann1ng89 folded before Flop (didn't bet)
Seat 4: Danilloo93 folded before Flop (didn't bet)
Seat 5: Vory963 (button) folded on the Flop
Seat 6: LittleGianttt (small blind) folded before Flop



PokerStars Hand #239403451518:  Hold'em No Limit ($0.01/$0.02 USD) - 2022/10/23 11:00:22 ET
Table 'Sagittarius II' 6-max Seat #6 is the button
Seat 1: Lorpugo ($1.93 in chips) 
Seat 2: Platosdream ($2.42 in chips) 
Seat 3: Mann1ng89 ($1.16 in chips) 
Seat 4: Danilloo93 ($2.27 in chips) 
Seat 5: Vory963 ($1.87 in chips) 
Seat 6: LittleGianttt ($2 in chips) 
Lorpugo: posts small blind $0.01
Platosdream: posts big blind $0.02
*** HOLE CARDS ***
Dealt to Lorpugo [7s Ts]
Mann1ng89: folds 
Danilloo93: folds 
Vory963: folds 
LittleGianttt: raises $0.03 to $0.05
Lorpugo: calls $0.04
Platosdream: folds 
*** FLOP *** [8d 8s 4d]
Lorpugo: checks 
LittleGianttt: bets $0.04
Lorpugo: calls $0.04
*** TURN *** [8d 8s 4d] [Td]
Lorpugo: checks 
LittleGianttt: bets $0.10
Lorpugo: calls $0.10
*** RIVER *** [8d 8s 4d Td] [8h]
Lorpugo: bets $1.74 and is all-in
LittleGianttt: calls $1.74
*** SHOW DOWN ***
Lorpugo: shows [7s Ts] (a full house, Eights full of Tens)
LittleGianttt: shows [Tc Jd] (a full house, Eights full of Tens)
Lorpugo collected $1.87 from pot
LittleGianttt collected $1.87 from pot
*** SUMMARY ***
Total pot $3.88 | Rake $0.14 
Board [8d 8s 4d Td 8h]
Seat 1: Lorpugo (small blind) showed [7s Ts] and won ($1.87) with a full house, Eights full of Tens
Seat 2: Platosdream (big blind) folded before Flop
Seat 3: Mann1ng89 folded before Flop (didn't bet)
Seat 4: Danilloo93 folded before Flop (didn't bet)
Seat 5: Vory963 folded before Flop (didn't bet)
Seat 6: LittleGianttt (button) showed [Tc Jd] and won ($1.87) with a full house, Eights full of Tens



PokerStars Hand #239403473711:  Hold'em No Limit ($0.01/$0.02 USD) - 2022/10/23 11:01:46 ET
Table 'Sagittarius II' 6-max Seat #1 is the button
Seat 1: Lorpugo ($1.87 in chips) 
Seat 2: Platosdream ($2.40 in chips) 
Seat 3: Mann1ng89 ($1.16 in chips) 
Seat 4: Danilloo93 ($2.27 in chips) 
Seat 5: Vory963 ($1.87 in chips) 
Seat 6: LittleGianttt ($2 in chips) 
Platosdream: posts small blind $0.01
Mann1ng89: posts big blind $0.02
*** HOLE CARDS ***
Dealt to Lorpugo [Qs 5d]
Danilloo93: folds 
Vory963: calls $0.02
LittleGianttt: folds 
Lorpugo: folds 
Platosdream: folds 
Mann1ng89: checks 
*** FLOP *** [9c 8s 8c]
Mann1ng89: checks 
Vory963: checks 
*** TURN *** [9c 8s 8c] [7s]
Mann1ng89: checks 
Vory963: bets $0.04
Mann1ng89: folds 
Uncalled bet ($0.04) returned to Vory963
Vory963 collected $0.05 from pot
*** SUMMARY ***
Total pot $0.05 | Rake $0 
Board [9c 8s 8c 7s]
Seat 1: Lorpugo (button) folded before Flop (didn't bet)
Seat 2: Platosdream (small blind) folded before Flop
Seat 3: Mann1ng89 (big blind) folded on the Turn
Seat 4: Danilloo93 folded before Flop (didn't bet)
Seat 5: Vory963 collected ($0.05)
Seat 6: LittleGianttt folded before Flop (didn't bet)



PokerStars Hand #239403490911:  Hold'em No Limit ($0.01/$0.02 USD) - 2022/10/23 11:02:45 ET
Table 'Sagittarius II' 6-max Seat #2 is the button
Seat 1: Lorpugo ($1.87 in chips) 
Seat 2: Platosdream ($2.39 in chips) 
Seat 3: Mann1ng89 ($1.14 in chips) 
Seat 4: Danilloo93 ($2.27 in chips) 
Seat 5: Vory963 ($1.90 in chips) 
Seat 6: LittleGianttt ($2 in chips) 
Mann1ng89: posts small blind $0.01
Danilloo93: posts big blind $0.02
*** HOLE CARDS ***
Dealt to Lorpugo [Js Jc]
Vory963: folds 
LittleGianttt: folds 
Lorpugo: raises $0.04 to $0.06
Platosdream: folds 
Mann1ng89: folds 
Danilloo93: folds 
Uncalled bet ($0.04) returned to Lorpugo
Lorpugo collected $0.05 from pot
Lorpugo: doesn't show hand 
*** SUMMARY ***
Total pot $0.05 | Rake $0 
Seat 1: Lorpugo collected ($0.05)
Seat 2: Platosdream (button) folded before Flop (didn't bet)
Seat 3: Mann1ng89 (small blind) folded before Flop
Seat 4: Danilloo93 (big blind) folded before Flop
Seat 5: Vory963 folded before Flop (didn't bet)
Seat 6: LittleGianttt folded before Flop (didn't bet)



PokerStars Hand #239403495810:  Hold'em No Limit ($0.01/$0.02 USD) - 2022/10/23 11:03:02 ET
Table 'Sagittarius II' 6-max Seat #3 is the button
Seat 1: Lorpugo ($1.90 in chips) 
Seat 2: Platosdream ($2.39 in chips) 
Seat 3: Mann1ng89 ($1.13 in chips) 
Seat 4: Danilloo93 ($2.25 in chips) 
Seat 5: Vory963 ($1.90 in chips) 
Seat 6: LittleGianttt ($2 in chips) 
Danilloo93: posts small blind $0.01
Vory963: posts big blind $0.02
*** HOLE CARDS ***
Dealt to Lorpugo [6h 8d]
LittleGianttt: folds 
Lorpugo: folds 
Platosdream: raises $0.04 to $0.06
Mann1ng89: folds 
Danilloo93: folds 
Vory963: folds 
Uncalled bet ($0.04) returned to Platosdream
Platosdream collected $0.05 from pot
*** SUMMARY ***
Total pot $0.05 | Rake $0 
Seat 1: Lorpugo folded before Flop (didn't bet)
Seat 2: Platosdream collected ($0.05)
Seat 3: Mann1ng89 (button) folded before Flop (didn't bet)
Seat 4: Danilloo93 (small blind) folded before Flop
Seat 5: Vory963 (big blind) folded before Flop
Seat 6: LittleGianttt folded before Flop (didn't bet)



PokerStars Hand #239403503454:  Hold'em No Limit ($0.01/$0.02 USD) - 2022/10/23 11:03:27 ET
Table 'Sagittarius II' 6-max Seat #4 is the button
Seat 1: Lorpugo ($1.90 in chips) 
Seat 2: Platosdream ($2.42 in chips) 
Seat 3: Mann1ng89 ($1.13 in chips) 
Seat 4: Danilloo93 ($2.24 in chips) 
Seat 5: Vory963 ($1.88 in chips) 
Seat 6: LittleGianttt ($2 in chips) 
Vory963: posts small blind $0.01
LittleGianttt: posts big blind $0.02
*** HOLE CARDS ***
Dealt to Lorpugo [Qh 9h]
Lorpugo: folds 
Platosdream: folds 
Mann1ng89: raises $0.04 to $0.06
Danilloo93: calls $0.06
Vory963: calls $0.05
LittleGianttt: calls $0.04
*** FLOP *** [9c Ts 2h]
Vory963: checks 
LittleGianttt: checks 
Mann1ng89: bets $0.12
Danilloo93: calls $0.12
Vory963: folds 
LittleGianttt: calls $0.12
*** TURN *** [9c Ts 2h] [2s]
LittleGianttt: checks 
Mann1ng89: checks 
Danilloo93: checks 
*** RIVER *** [9c Ts 2h 2s] [Td]
LittleGianttt: checks 
Mann1ng89: checks 
Danilloo93: checks 
*** SHOW DOWN ***
LittleGianttt: shows [8h Th] (a full house, Tens full of Deuces)
Mann1ng89: mucks hand 
Danilloo93: mucks hand 
LittleGianttt collected $0.58 from pot
*** SUMMARY ***
Total pot $0.60 | Rake $0.02 
Board [9c Ts 2h 2s Td]
Seat 1: Lorpugo folded before Flop (didn't bet)
Seat 2: Platosdream folded before Flop (didn't bet)
Seat 3: Mann1ng89 mucked [Ac Jd]
Seat 4: Danilloo93 (button) mucked [Js Ks]
Seat 5: Vory963 (small blind) folded on the Flop
Seat 6: LittleGianttt (big blind) showed [8h Th] and won ($0.58) with a full house, Tens full of Deuces



PokerStars Hand #239403618209:  Hold'em No Limit ($0.01/$0.02 USD) - 2022/10/23 11:09:31 ET
Table 'Sagittarius II' 6-max Seat #5 is the button
Seat 1: Lorpugo ($1.90 in chips) 
Seat 2: Platosdream ($2.44 in chips) 
Seat 3: Mann1ng89 ($0.90 in chips) 
Seat 4: Danilloo93 ($2.23 in chips) 
Seat 5: Vory963 ($1.63 in chips) 
Seat 6: LittleGianttt ($2.41 in chips) 
LittleGianttt: posts small blind $0.01
Lorpugo: posts big blind $0.02
*** HOLE CARDS ***
Dealt to Lorpugo [Qs 8h]
Platosdream: raises $0.04 to $0.06
Mann1ng89: calls $0.06
Danilloo93: raises $0.18 to $0.24
Vory963: folds 
LittleGianttt: folds 
Lorpugo: folds 
Platosdream: folds 
Mann1ng89: calls $0.18
*** FLOP *** [6s 9h 2c]
Mann1ng89: checks 
Danilloo93: bets $0.72
Mann1ng89: folds 
Uncalled bet ($0.72) returned to Danilloo93
Danilloo93 collected $0.55 from pot
Danilloo93: doesn't show hand 
*** SUMMARY ***
Total pot $0.57 | Rake $0.02 
Board [6s 9h 2c]
Seat 1: Lorpugo (big blind) folded before Flop
Seat 2: Platosdream folded before Flop
Seat 3: Mann1ng89 folded on the Flop
Seat 4: Danilloo93 collected ($0.55)
Seat 5: Vory963 (button) folded before Flop (didn't bet)
Seat 6: LittleGianttt (small blind) folded before Flop



PokerStars Hand #239403635653:  Hold'em No Limit ($0.01/$0.02 USD) - 2022/10/23 11:10:24 ET
Table 'Sagittarius II' 6-max Seat #6 is the button
Seat 1: Lorpugo ($1.88 in chips) 
Seat 2: Platosdream ($2.38 in chips) 
Seat 3: Mann1ng89 ($0.66 in chips) 
Seat 4: Danilloo93 ($2.54 in chips) 
Seat 5: Vory963 ($1.63 in chips) 
Seat 6: LittleGianttt ($2.40 in chips) 
Lorpugo: posts small blind $0.01
Platosdream: posts big blind $0.02
*** HOLE CARDS ***
Dealt to Lorpugo [4c Ad]
Mann1ng89: folds 
Danilloo93: raises $0.03 to $0.05
Vory963: calls $0.05
LittleGianttt: folds 
Lorpugo: folds 
Platosdream: folds 
*** FLOP *** [Tc 3d 4d]
Danilloo93: checks 
Vory963: checks 
*** TURN *** [Tc 3d 4d] [Jd]
Danilloo93: checks 
Vory963: checks 
*** RIVER *** [Tc 3d 4d Jd] [Kh]
Danilloo93: checks 
Vory963: checks 
*** SHOW DOWN ***
Danilloo93: shows [8h 9h] (high card King)
Vory963: shows [9s Ks] (a pair of Kings)
Vory963 collected $0.13 from pot
*** SUMMARY ***
Total pot $0.13 | Rake $0 
Board [Tc 3d 4d Jd Kh]
Seat 1: Lorpugo (small blind) folded before Flop
Seat 2: Platosdream (big blind) folded before Flop
Seat 3: Mann1ng89 folded before Flop (didn't bet)
Seat 4: Danilloo93 showed [8h 9h] and lost with high card King
Seat 5: Vory963 showed [9s Ks] and won ($0.13) with a pair of Kings
Seat 6: LittleGianttt (button) folded before Flop (didn't bet)



PokerStars Hand #239403648993:  Hold'em No Limit ($0.01/$0.02 USD) - 2022/10/23 11:11:05 ET
Table 'Sagittarius II' 6-max Seat #1 is the button
Seat 1: Lorpugo ($1.87 in chips) 
Seat 2: Platosdream ($2.36 in chips) 
Seat 3: Mann1ng89 ($0.66 in chips) 
Seat 4: Danilloo93 ($2.49 in chips) 
Seat 5: Vory963 ($1.71 in chips) 
Seat 6: LittleGianttt ($2.40 in chips) 
Platosdream: posts small blind $0.01
Mann1ng89: posts big blind $0.02
*** HOLE CARDS ***
Dealt to Lorpugo [9d 4h]
Danilloo93: folds 
Vory963: folds 
LittleGianttt: folds 
Lorpugo: folds 
Platosdream: raises $0.04 to $0.06
Mann1ng89: calls $0.04
*** FLOP *** [4c 5c 4d]
Platosdream: bets $0.06
Mann1ng89: calls $0.06
*** TURN *** [4c 5c 4d] [5d]
Platosdream: checks 
Mann1ng89: bets $0.12
Platosdream: folds 
Uncalled bet ($0.12) returned to Mann1ng89
Mann1ng89 collected $0.23 from pot
Mann1ng89: doesn't show hand 
*** SUMMARY ***
Total pot $0.24 | Rake $0.01 
Board [4c 5c 4d 5d]
Seat 1: Lorpugo (button) folded before Flop (didn't bet)
Seat 2: Platosdream (small blind) folded on the Turn
Seat 3: Mann1ng89 (big blind) collected ($0.23)
Seat 4: Danilloo93 folded before Flop (didn't bet)
Seat 5: Vory963 folded before Flop (didn't bet)
Seat 6: LittleGianttt folded before Flop (didn't bet)



PokerStars Hand #239403661026:  Hold'em No Limit ($0.01/$0.02 USD) - 2022/10/23 11:11:43 ET
Table 'Sagittarius II' 6-max Seat #2 is the button
Seat 1: Lorpugo ($1.87 in chips) 
Seat 2: Platosdream ($2.24 in chips) 
Seat 3: Mann1ng89 ($0.77 in chips) 
Seat 4: Danilloo93 ($2.49 in chips) 
Seat 5: Vory963 ($1.71 in chips) 
Seat 6: LittleGianttt ($2.40 in chips) 
Mann1ng89: posts small blind $0.01
Danilloo93: posts big blind $0.02
*** HOLE CARDS ***
Dealt to Lorpugo [4c 5c]
Vory963: folds 
LittleGianttt: folds 
Lorpugo: raises $0.04 to $0.06
Platosdream: folds 
Mann1ng89: folds 
Danilloo93: folds 
Uncalled bet ($0.04) returned to Lorpugo
Lorpugo collected $0.05 from pot
Lorpugo: doesn't show hand 
*** SUMMARY ***
Total pot $0.05 | Rake $0 
Seat 1: Lorpugo collected ($0.05)
Seat 2: Platosdream (button) folded before Flop (didn't bet)
Seat 3: Mann1ng89 (small blind) folded before Flop
Seat 4: Danilloo93 (big blind) folded before Flop
Seat 5: Vory963 folded before Flop (didn't bet)
Seat 6: LittleGianttt folded before Flop (didn't bet)



PokerStars Hand #239403670800:  Hold'em No Limit ($0.01/$0.02 USD) - 2022/10/23 11:12:13 ET
Table 'Sagittarius II' 6-max Seat #3 is the button
Seat 1: Lorpugo ($1.90 in chips) 
Seat 2: Platosdream ($2.24 in chips) 
Seat 3: Mann1ng89 ($0.76 in chips) 
Seat 4: Danilloo93 ($2.47 in chips) 
Seat 5: Vory963 ($1.71 in chips) 
Seat 6: LittleGianttt ($2.40 in chips) 
Danilloo93: posts small blind $0.01
Vory963: posts big blind $0.02
*** HOLE CARDS ***
Dealt to Lorpugo [6c 2c]
LittleGianttt: raises $0.03 to $0.05
Lorpugo: folds 
Platosdream: folds 
Mann1ng89: folds 
Danilloo93: folds 
Vory963: folds 
Uncalled bet ($0.03) returned to LittleGianttt
LittleGianttt collected $0.05 from pot
LittleGianttt: doesn't show hand 
*** SUMMARY ***
Total pot $0.05 | Rake $0 
Seat 1: Lorpugo folded before Flop (didn't bet)
Seat 2: Platosdream folded before Flop (didn't bet)
Seat 3: Mann1ng89 (button) folded before Flop (didn't bet)
Seat 4: Danilloo93 (small blind) folded before Flop
Seat 5: Vory963 (big blind) folded before Flop
Seat 6: LittleGianttt collected ($0.05)



PokerStars Hand #239403679638:  Hold'em No Limit ($0.01/$0.02 USD) - 2022/10/23 11:12:40 ET
Table 'Sagittarius II' 6-max Seat #4 is the button
Seat 1: Lorpugo ($1.90 in chips) 
Seat 2: Platosdream ($2.24 in chips) 
Seat 3: Mann1ng89 ($0.76 in chips) 
Seat 4: Danilloo93 ($2.46 in chips) 
Seat 5: Vory963 ($1.69 in chips) 
Seat 6: LittleGianttt ($2.43 in chips) 
Vory963: posts small blind $0.01
LittleGianttt: posts big blind $0.02
*** HOLE CARDS ***
Dealt to Lorpugo [8s 9s]
Lorpugo: raises $0.04 to $0.06
Platosdream: folds 
Mann1ng89: folds 
Danilloo93: folds 
Vory963: folds 
LittleGianttt: folds 
Uncalled bet ($0.04) returned to Lorpugo
Lorpugo collected $0.05 from pot
Lorpugo: doesn't show hand 
*** SUMMARY ***
Total pot $0.05 | Rake $0 
Seat 1: Lorpugo collected ($0.05)
Seat 2: Platosdream folded before Flop (didn't bet)
Seat 3: Mann1ng89 folded before Flop (didn't bet)
Seat 4: Danilloo93 (button) folded before Flop (didn't bet)
Seat 5: Vory963 (small blind) folded before Flop
Seat 6: LittleGianttt (big blind) folded before Flop



PokerStars Hand #239403686639:  Hold'em No Limit ($0.01/$0.02 USD) - 2022/10/23 11:13:01 ET
Table 'Sagittarius II' 6-max Seat #5 is the button
Seat 1: Lorpugo ($1.93 in chips) 
Seat 2: Platosdream ($2.24 in chips) 
Seat 3: Mann1ng89 ($0.76 in chips) 
Seat 4: Danilloo93 ($2.46 in chips) 
Seat 5: Vory963 ($1.68 in chips) 
Seat 6: LittleGianttt ($2.41 in chips) 
LittleGianttt: posts small blind $0.01
Lorpugo: posts big blind $0.02
*** HOLE CARDS ***
Dealt to Lorpugo [9h 8c]
Platosdream: raises $0.04 to $0.06
Mann1ng89 has timed out
Mann1ng89: folds 
Danilloo93: folds 
Vory963: folds 
LittleGianttt: folds 
Lorpugo: folds 
Uncalled bet ($0.04) returned to Platosdream
Platosdream collected $0.05 from pot
*** SUMMARY ***
Total pot $0.05 | Rake $0 
Seat 1: Lorpugo (big blind) folded before Flop
Seat 2: Platosdream collected ($0.05)
Seat 3: Mann1ng89 folded before Flop (didn't bet)
Seat 4: Danilloo93 folded before Flop (didn't bet)
Seat 5: Vory963 (button) folded before Flop (didn't bet)
Seat 6: LittleGianttt (small blind) folded before Flop



PokerStars Hand #239403695677:  Hold'em No Limit ($0.01/$0.02 USD) - 2022/10/23 11:13:28 ET
Table 'Sagittarius II' 6-max Seat #6 is the button
Seat 1: Lorpugo ($1.91 in chips) 
Seat 2: Platosdream ($2.27 in chips) 
Seat 5: Vory963 ($1.68 in chips) 
Seat 6: LittleGianttt ($2.40 in chips) 
Lorpugo: posts small blind $0.01
Platosdream: posts big blind $0.02
*** HOLE CARDS ***
Dealt to Lorpugo [Kh 4c]
Vory963: folds 
LittleGianttt: folds 
Lorpugo: raises $0.04 to $0.06
Platosdream: folds 
Uncalled bet ($0.04) returned to Lorpugo
Lorpugo collected $0.04 from pot
Lorpugo: doesn't show hand 
*** SUMMARY ***
Total pot $0.04 | Rake $0 
Seat 1: Lorpugo (small blind) collected ($0.04)
Seat 2: Platosdream (big blind) folded before Flop
Seat 5: Vory963 folded before Flop (didn't bet)
Seat 6: LittleGianttt (button) folded before Flop (didn't bet)



PokerStars Hand #239403701207:  Hold'em No Limit ($0.01/$0.02 USD) - 2022/10/23 11:13:45 ET
Table 'Sagittarius II' 6-max Seat #1 is the button
Seat 1: Lorpugo ($1.93 in chips) 
Seat 2: Platosdream ($2.25 in chips) 
Seat 3: Mann1ng89 ($0.76 in chips) 
Seat 5: Vory963 ($1.68 in chips) 
Seat 6: LittleGianttt ($2.40 in chips) 
Platosdream: posts small blind $0.01
Mann1ng89: posts big blind $0.02
*** HOLE CARDS ***
Dealt to Lorpugo [4d 4s]
Vory963: folds 
LittleGianttt: folds 
Lorpugo: raises $0.04 to $0.06
Platosdream: folds 
Mann1ng89: folds 
Uncalled bet ($0.04) returned to Lorpugo
Lorpugo collected $0.05 from pot
Lorpugo: doesn't show hand 
*** SUMMARY ***
Total pot $0.05 | Rake $0 
Seat 1: Lorpugo (button) collected ($0.05)
Seat 2: Platosdream (small blind) folded before Flop
Seat 3: Mann1ng89 (big blind) folded before Flop
Seat 5: Vory963 folded before Flop (didn't bet)
Seat 6: LittleGianttt folded before Flop (didn't bet)



PokerStars Hand #239403707303:  Hold'em No Limit ($0.01/$0.02 USD) - 2022/10/23 11:14:03 ET
Table 'Sagittarius II' 6-max Seat #2 is the button
Seat 1: Lorpugo ($1.96 in chips) 
Seat 2: Platosdream ($2.24 in chips) 
Seat 3: Mann1ng89 ($0.74 in chips) 
Seat 5: Vory963 ($1.68 in chips) 
Seat 6: LittleGianttt ($2.40 in chips) 
Mann1ng89: posts small blind $0.01
Vory963: posts big blind $0.02
*** HOLE CARDS ***
Dealt to Lorpugo [2c 8s]
LittleGianttt: folds 
Lorpugo: folds 
Platosdream: folds 
Mann1ng89: raises $0.04 to $0.06
Vory963: folds 
Uncalled bet ($0.04) returned to Mann1ng89
Mann1ng89 collected $0.04 from pot
Mann1ng89: doesn't show hand 
*** SUMMARY ***
Total pot $0.04 | Rake $0 
Seat 1: Lorpugo folded before Flop (didn't bet)
Seat 2: Platosdream (button) folded before Flop (didn't bet)
Seat 3: Mann1ng89 (small blind) collected ($0.04)
Seat 5: Vory963 (big blind) folded before Flop
Seat 6: LittleGianttt folded before Flop (didn't bet)



PokerStars Hand #239403713329:  Hold'em No Limit ($0.01/$0.02 USD) - 2022/10/23 11:14:22 ET
Table 'Sagittarius II' 6-max Seat #3 is the button
Seat 1: Lorpugo ($1.96 in chips) 
Seat 2: Platosdream ($2.24 in chips) 
Seat 3: Mann1ng89 ($0.76 in chips) 
Seat 5: Vory963 ($1.66 in chips) 
Seat 6: LittleGianttt ($2.40 in chips) 
Vory963: posts small blind $0.01
LittleGianttt: posts big blind $0.02
*** HOLE CARDS ***
Dealt to Lorpugo [4h 6c]
Lorpugo: folds 
Platosdream: folds 
Mann1ng89: folds 
Vory963: calls $0.01
LittleGianttt: raises $0.06 to $0.08
Vory963: folds 
Uncalled bet ($0.06) returned to LittleGianttt
LittleGianttt collected $0.04 from pot
LittleGianttt: doesn't show hand 
*** SUMMARY ***
Total pot $0.04 | Rake $0 
Seat 1: Lorpugo folded before Flop (didn't bet)
Seat 2: Platosdream folded before Flop (didn't bet)
Seat 3: Mann1ng89 (button) folded before Flop (didn't bet)
Seat 5: Vory963 (small blind) folded before Flop
Seat 6: LittleGianttt (big blind) collected ($0.04)



PokerStars Hand #239403723855:  Hold'em No Limit ($0.01/$0.02 USD) - 2022/10/23 11:14:54 ET
Table 'Sagittarius II' 6-max Seat #5 is the button
Seat 1: Lorpugo ($1.96 in chips) 
Seat 2: Platosdream ($2.24 in chips) 
Seat 3: Mann1ng89 ($0.76 in chips) 
Seat 5: Vory963 ($1.64 in chips) 
Seat 6: LittleGianttt ($2.42 in chips) 
LittleGianttt: posts small blind $0.01
Lorpugo: posts big blind $0.02
*** HOLE CARDS ***
Dealt to Lorpugo [6c 8h]
Platosdream: raises $0.04 to $0.06
Mann1ng89: raises $0.12 to $0.18
Vory963: folds 
LittleGianttt: folds 
Lorpugo: folds 
Platosdream: folds 
Uncalled bet ($0.12) returned to Mann1ng89
Mann1ng89 collected $0.15 from pot
Mann1ng89: doesn't show hand 
*** SUMMARY ***
Total pot $0.15 | Rake $0 
Seat 1: Lorpugo (big blind) folded before Flop
Seat 2: Platosdream folded before Flop
Seat 3: Mann1ng89 collected ($0.15)
Seat 5: Vory963 (button) folded before Flop (didn't bet)
Seat 6: LittleGianttt (small blind) folded before Flop



PokerStars Hand #239403733540:  Hold'em No Limit ($0.01/$0.02 USD) - 2022/10/23 11:15:22 ET
Table 'Sagittarius II' 6-max Seat #6 is the button
Seat 1: Lorpugo ($1.94 in chips) 
Seat 2: Platosdream ($2.18 in chips) 
Seat 3: Mann1ng89 ($0.85 in chips) 
Seat 5: Vory963 ($1.64 in chips) 
Seat 6: LittleGianttt ($2.41 in chips) 
Lorpugo: posts small blind $0.01
Platosdream: posts big blind $0.02
*** HOLE CARDS ***
Dealt to Lorpugo [8c 9h]
Mann1ng89: folds 
Vory963: calls $0.02
LittleGianttt: folds 
Lorpugo: raises $0.06 to $0.08
Platosdream: folds 
Vory963: calls $0.06
*** FLOP *** [Ac 4c 2h]
Lorpugo: bets $0.11
Vory963: folds 
Uncalled bet ($0.11) returned to Lorpugo
Lorpugo collected $0.17 from pot
Lorpugo: doesn't show hand 
*** SUMMARY ***
Total pot $0.18 | Rake $0.01 
Board [Ac 4c 2h]
Seat 1: Lorpugo (small blind) collected ($0.17)
Seat 2: Platosdream (big blind) folded before Flop
Seat 3: Mann1ng89 folded before Flop (didn't bet)
Seat 5: Vory963 folded on the Flop
Seat 6: LittleGianttt (button) folded before Flop (didn't bet)



PokerStars Hand #239403742850:  Hold'em No Limit ($0.01/$0.02 USD) - 2022/10/23 11:15:50 ET
Table 'Sagittarius II' 6-max Seat #1 is the button
Seat 1: Lorpugo ($2.03 in chips) 
Seat 2: Platosdream ($2.16 in chips) 
Seat 3: Mann1ng89 ($0.85 in chips) 
Seat 5: Vory963 ($1.56 in chips) 
Seat 6: LittleGianttt ($2.41 in chips) 
Platosdream: posts small blind $0.01
Mann1ng89: posts big blind $0.02
*** HOLE CARDS ***
Dealt to Lorpugo [5s Qs]
Vory963: folds 
LittleGianttt: raises $0.03 to $0.05
Lorpugo: folds 
Platosdream: calls $0.04
Mann1ng89: folds 
*** FLOP *** [5c 8h 2h]
Platosdream: bets $0.08
LittleGianttt: calls $0.08
*** TURN *** [5c 8h 2h] [6s]
Platosdream: checks 
LittleGianttt: bets $0.14
Platosdream: folds 
Uncalled bet ($0.14) returned to LittleGianttt
LittleGianttt collected $0.27 from pot
LittleGianttt: doesn't show hand 
*** SUMMARY ***
Total pot $0.28 | Rake $0.01 
Board [5c 8h 2h 6s]
Seat 1: Lorpugo (button) folded before Flop (didn't bet)
Seat 2: Platosdream (small blind) folded on the Turn
Seat 3: Mann1ng89 (big blind) folded before Flop
Seat 5: Vory963 folded before Flop (didn't bet)
Seat 6: LittleGianttt collected ($0.27)



PokerStars Hand #239403761957:  Hold'em No Limit ($0.01/$0.02 USD) - 2022/10/23 11:16:47 ET
Table 'Sagittarius II' 6-max Seat #2 is the button
Seat 1: Lorpugo ($2.03 in chips) 
Seat 2: Platosdream ($2.03 in chips) 
Seat 3: Mann1ng89 ($0.83 in chips) 
Seat 4: Danilloo93 ($2.46 in chips) 
Seat 5: Vory963 ($1.56 in chips) 
Seat 6: LittleGianttt ($2.55 in chips) 
Mann1ng89: posts small blind $0.01
Danilloo93: posts big blind $0.02
*** HOLE CARDS ***
Dealt to Lorpugo [Jh 5d]
Vory963: folds 
LittleGianttt: raises $0.03 to $0.05
Lorpugo: folds 
Platosdream: folds 
Mann1ng89: folds 
Danilloo93: calls $0.03
*** FLOP *** [8c Qc Js]
Danilloo93: checks 
LittleGianttt: checks 
*** TURN *** [8c Qc Js] [Kc]
Danilloo93: bets $0.14
LittleGianttt: folds 
Uncalled bet ($0.14) returned to Danilloo93
Danilloo93 collected $0.11 from pot
Danilloo93: doesn't show hand 
*** SUMMARY ***
Total pot $0.11 | Rake $0 
Board [8c Qc Js Kc]
Seat 1: Lorpugo folded before Flop (didn't bet)
Seat 2: Platosdream (button) folded before Flop (didn't bet)
Seat 3: Mann1ng89 (small blind) folded before Flop
Seat 4: Danilloo93 (big blind) collected ($0.11)
Seat 5: Vory963 folded before Flop (didn't bet)
Seat 6: LittleGianttt folded on the Turn



PokerStars Hand #239403772590:  Hold'em No Limit ($0.01/$0.02 USD) - 2022/10/23 11:17:19 ET
Table 'Sagittarius II' 6-max Seat #3 is the button
Seat 1: Lorpugo ($2.03 in chips) 
Seat 2: Platosdream ($2.03 in chips) 
Seat 3: Mann1ng89 ($0.82 in chips) 
Seat 4: Danilloo93 ($2.52 in chips) 
Seat 5: Vory963 ($1.56 in chips) 
Seat 6: LittleGianttt ($2.50 in chips) 
Danilloo93: posts small blind $0.01
Vory963: posts big blind $0.02
*** HOLE CARDS ***
Dealt to Lorpugo [2c 2s]
LittleGianttt: folds 
LittleGianttt leaves the table
Lorpugo: raises $0.04 to $0.06
Platosdream: folds 
Mann1ng89: calls $0.06
Danilloo93: folds 
Vory963: calls $0.04
*** FLOP *** [Qc Qd Ts]
Vory963: checks 
Lorpugo: bets $0.09
Mann1ng89: calls $0.09
Vory963: folds 
*** TURN *** [Qc Qd Ts] [9d]
bearfeeder10 joins the table at seat #6 
Lorpugo: checks 
Mann1ng89: bets $0.06
Lorpugo: folds 
Uncalled bet ($0.06) returned to Mann1ng89
Mann1ng89 collected $0.36 from pot
Mann1ng89: doesn't show hand 
*** SUMMARY ***
Total pot $0.37 | Rake $0.01 
Board [Qc Qd Ts 9d]
Seat 1: Lorpugo folded on the Turn
Seat 2: Platosdream folded before Flop (didn't bet)
Seat 3: Mann1ng89 (button) collected ($0.36)
Seat 4: Danilloo93 (small blind) folded before Flop
Seat 5: Vory963 (big blind) folded on the Flop
Seat 6: LittleGianttt folded before Flop (didn't bet)



PokerStars Hand #239403793250:  Hold'em No Limit ($0.01/$0.02 USD) - 2022/10/23 11:18:20 ET
Table 'Sagittarius II' 6-max Seat #4 is the button
Seat 1: Lorpugo ($1.88 in chips) 
Seat 2: Platosdream ($2.03 in chips) 
Seat 3: Mann1ng89 ($1.03 in chips) 
Seat 4: Danilloo93 ($2.51 in chips) 
Seat 5: Vory963 ($1.50 in chips) 
Seat 6: bearfeeder10 ($2 in chips) 
Vory963: posts small blind $0.01
bearfeeder10: posts big blind $0.02
*** HOLE CARDS ***
Dealt to Lorpugo [6d Kh]
Lorpugo: folds 
Platosdream: folds 
Mann1ng89: folds 
Danilloo93: raises $0.03 to $0.05
Vory963: folds 
bearfeeder10: calls $0.03
*** FLOP *** [Ks 3s Qh]
bearfeeder10: checks 
Danilloo93: checks 
*** TURN *** [Ks 3s Qh] [7s]
bearfeeder10: checks 
Danilloo93: checks 
*** RIVER *** [Ks 3s Qh 7s] [9c]
bearfeeder10: checks 
Danilloo93: checks 
*** SHOW DOWN ***
bearfeeder10: shows [Th Ad] (high card Ace)
Danilloo93: shows [8d 8c] (a pair of Eights)
Danilloo93 collected $0.11 from pot
*** SUMMARY ***
Total pot $0.11 | Rake $0 
Board [Ks 3s Qh 7s 9c]
Seat 1: Lorpugo folded before Flop (didn't bet)
Seat 2: Platosdream folded before Flop (didn't bet)
Seat 3: Mann1ng89 folded before Flop (didn't bet)
Seat 4: Danilloo93 (button) showed [8d 8c] and won ($0.11) with a pair of Eights
Seat 5: Vory963 (small blind) folded before Flop
Seat 6: bearfeeder10 (big blind) showed [Th Ad] and lost with high card Ace



PokerStars Hand #239403811825:  Hold'em No Limit ($0.01/$0.02 USD) - 2022/10/23 11:19:16 ET
Table 'Sagittarius II' 6-max Seat #5 is the button
Seat 1: Lorpugo ($1.88 in chips) 
Seat 2: Platosdream ($2.03 in chips) 
Seat 3: Mann1ng89 ($1.03 in chips) 
Seat 4: Danilloo93 ($2.57 in chips) 
Seat 5: Vory963 ($1.49 in chips) 
Seat 6: bearfeeder10 ($1.95 in chips) 
bearfeeder10: posts small blind $0.01
Lorpugo: posts big blind $0.02
*** HOLE CARDS ***
Dealt to Lorpugo [Ac Ah]
Platosdream: folds 
Mann1ng89: folds 
Danilloo93: folds 
Vory963: folds 
bearfeeder10: folds 
Uncalled bet ($0.01) returned to Lorpugo
Lorpugo collected $0.02 from pot
Lorpugo: doesn't show hand 
*** SUMMARY ***
Total pot $0.02 | Rake $0 
Seat 1: Lorpugo (big blind) collected ($0.02)
Seat 2: Platosdream folded before Flop (didn't bet)
Seat 3: Mann1ng89 folded before Flop (didn't bet)
Seat 4: Danilloo93 folded before Flop (didn't bet)
Seat 5: Vory963 (button) folded before Flop (didn't bet)
Seat 6: bearfeeder10 (small blind) folded before Flop



PokerStars Hand #239403820471:  Hold'em No Limit ($0.01/$0.02 USD) - 2022/10/23 11:19:42 ET
Table 'Sagittarius II' 6-max Seat #6 is the button
Seat 1: Lorpugo ($1.89 in chips) 
Seat 2: Platosdream ($2.03 in chips) 
Seat 3: Mann1ng89 ($1.03 in chips) 
Seat 4: Danilloo93 ($2.57 in chips) 
Seat 5: Vory963 ($1.49 in chips) 
Seat 6: bearfeeder10 ($1.94 in chips) 
Lorpugo: posts small blind $0.01
Platosdream: posts big blind $0.02
*** HOLE CARDS ***
Dealt to Lorpugo [Kc 5d]
Mann1ng89: folds 
Danilloo93: folds 
Vory963: calls $0.02
bearfeeder10: folds 
Lorpugo: calls $0.01
Platosdream: checks 
*** FLOP *** [8d As Qc]
Lorpugo: checks 
Platosdream: checks 
Vory963: checks 
*** TURN *** [8d As Qc] [9d]
Lorpugo: checks 
Platosdream: checks 
Vory963: bets $0.06
Lorpugo: folds 
Platosdream: folds 
Uncalled bet ($0.06) returned to Vory963
Vory963 collected $0.06 from pot
*** SUMMARY ***
Total pot $0.06 | Rake $0 
Board [8d As Qc 9d]
Seat 1: Lorpugo (small blind) folded on the Turn
Seat 2: Platosdream (big blind) folded on the Turn
Seat 3: Mann1ng89 folded before Flop (didn't bet)
Seat 4: Danilloo93 folded before Flop (didn't bet)
Seat 5: Vory963 collected ($0.06)
Seat 6: bearfeeder10 (button) folded before Flop (didn't bet)



PokerStars Hand #239403841314:  Hold'em No Limit ($0.01/$0.02 USD) - 2022/10/23 11:20:46 ET
Table 'Sagittarius II' 6-max Seat #1 is the button
Seat 1: Lorpugo ($1.87 in chips) 
Seat 2: Platosdream ($2.01 in chips) 
Seat 3: Mann1ng89 ($1.03 in chips) 
Seat 4: Danilloo93 ($2.57 in chips) 
Seat 5: Vory963 ($1.53 in chips) 
Seat 6: bearfeeder10 ($1.94 in chips) 
Platosdream: posts small blind $0.01
Mann1ng89: posts big blind $0.02
*** HOLE CARDS ***
Dealt to Lorpugo [2h Ac]
Danilloo93: folds 
Vory963: folds 
bearfeeder10: folds 
Lorpugo: raises $0.04 to $0.06
Platosdream: folds 
Mann1ng89: folds 
Uncalled bet ($0.04) returned to Lorpugo
Lorpugo collected $0.05 from pot
Lorpugo: doesn't show hand 
*** SUMMARY ***
Total pot $0.05 | Rake $0 
Seat 1: Lorpugo (button) collected ($0.05)
Seat 2: Platosdream (small blind) folded before Flop
Seat 3: Mann1ng89 (big blind) folded before Flop
Seat 4: Danilloo93 folded before Flop (didn't bet)
Seat 5: Vory963 folded before Flop (didn't bet)
Seat 6: bearfeeder10 folded before Flop (didn't bet)



PokerStars Hand #239403850413:  Hold'em No Limit ($0.01/$0.02 USD) - 2022/10/23 11:21:13 ET
Table 'Sagittarius II' 6-max Seat #2 is the button
Seat 1: Lorpugo ($1.90 in chips) 
Seat 2: Platosdream ($2 in chips) 
Seat 3: Mann1ng89 ($1.01 in chips) 
Seat 4: Danilloo93 ($2.57 in chips) 
Seat 5: Vory963 ($1.53 in chips) 
Seat 6: bearfeeder10 ($1.94 in chips) 
Mann1ng89: posts small blind $0.01
Danilloo93: posts big blind $0.02
*** HOLE CARDS ***
Dealt to Lorpugo [6c 3h]
Vory963: folds 
bearfeeder10: folds 
Lorpugo: folds 
Platosdream: folds 
Mann1ng89: raises $0.04 to $0.06
Danilloo93: folds 
Uncalled bet ($0.04) returned to Mann1ng89
Mann1ng89 collected $0.04 from pot
Mann1ng89: doesn't show hand 
*** SUMMARY ***
Total pot $0.04 | Rake $0 
Seat 1: Lorpugo folded before Flop (didn't bet)
Seat 2: Platosdream (button) folded before Flop (didn't bet)
Seat 3: Mann1ng89 (small blind) collected ($0.04)
Seat 4: Danilloo93 (big blind) folded before Flop
Seat 5: Vory963 folded before Flop (didn't bet)
Seat 6: bearfeeder10 folded before Flop (didn't bet)



PokerStars Hand #239403858924:  Hold'em No Limit ($0.01/$0.02 USD) - 2022/10/23 11:21:39 ET
Table 'Sagittarius II' 6-max Seat #3 is the button
Seat 1: Lorpugo ($1.90 in chips) 
Seat 2: Platosdream ($2 in chips) 
Seat 3: Mann1ng89 ($1.03 in chips) 
Seat 4: Danilloo93 ($2.55 in chips) 
Seat 5: Vory963 ($1.53 in chips) 
Seat 6: bearfeeder10 ($1.94 in chips) 
Danilloo93: posts small blind $0.01
Vory963: posts big blind $0.02
*** HOLE CARDS ***
Dealt to Lorpugo [Jc 7d]
bearfeeder10: folds 
Lorpugo: folds 
Platosdream has timed out
Platosdream: folds 
Mann1ng89: raises $0.04 to $0.06
Danilloo93: folds 
Vory963: folds 
Uncalled bet ($0.04) returned to Mann1ng89
Mann1ng89 collected $0.05 from pot
Mann1ng89: doesn't show hand 
*** SUMMARY ***
Total pot $0.05 | Rake $0 
Seat 1: Lorpugo folded before Flop (didn't bet)
Seat 2: Platosdream folded before Flop (didn't bet)
Seat 3: Mann1ng89 (button) collected ($0.05)
Seat 4: Danilloo93 (small blind) folded before Flop
Seat 5: Vory963 (big blind) folded before Flop
Seat 6: bearfeeder10 folded before Flop (didn't bet)



PokerStars Hand #239403868800:  Hold'em No Limit ($0.01/$0.02 USD) - 2022/10/23 11:22:09 ET
Table 'Sagittarius II' 6-max Seat #4 is the button
Seat 1: Lorpugo ($1.90 in chips) 
Seat 3: Mann1ng89 ($1.06 in chips) 
Seat 4: Danilloo93 ($2.54 in chips) 
Seat 5: Vory963 ($1.51 in chips) 
Seat 6: bearfeeder10 ($1.94 in chips) 
Vory963: posts small blind $0.01
bearfeeder10: posts big blind $0.02
*** HOLE CARDS ***
Dealt to Lorpugo [8d Qd]
Lorpugo: raises $0.02 to $0.04
Mann1ng89: folds 
Danilloo93: folds 
Vory963: calls $0.03
bearfeeder10: calls $0.02
*** FLOP *** [Qs Tc 5c]
Vory963: checks 
bearfeeder10: checks 
Lorpugo: bets $0.08
Vory963: calls $0.08
bearfeeder10: folds 
*** TURN *** [Qs Tc 5c] [Ad]
Vory963: checks 
Lorpugo: checks 
*** RIVER *** [Qs Tc 5c Ad] [4d]
Vory963: checks 
Lorpugo: checks 
*** SHOW DOWN ***
Vory963: shows [2s Ac] (a pair of Aces)
Lorpugo: mucks hand 
Vory963 collected $0.27 from pot
*** SUMMARY ***
Total pot $0.28 | Rake $0.01 
Board [Qs Tc 5c Ad 4d]
Seat 1: Lorpugo mucked [8d Qd]
Seat 3: Mann1ng89 folded before Flop (didn't bet)
Seat 4: Danilloo93 (button) folded before Flop (didn't bet)
Seat 5: Vory963 (small blind) showed [2s Ac] and won ($0.27) with a pair of Aces
Seat 6: bearfeeder10 (big blind) folded on the Flop



PokerStars Hand #239403887468:  Hold'em No Limit ($0.01/$0.02 USD) - 2022/10/23 11:23:06 ET
Table 'Sagittarius II' 6-max Seat #5 is the button
Seat 1: Lorpugo ($1.78 in chips) 
Seat 3: Mann1ng89 ($1.06 in chips) 
Seat 4: Danilloo93 ($2.54 in chips) 
Seat 5: Vory963 ($1.66 in chips) 
Seat 6: bearfeeder10 ($1.90 in chips) 
bearfeeder10: posts small blind $0.01
Lorpugo: posts big blind $0.02
*** HOLE CARDS ***
Dealt to Lorpugo [Kd Qd]
Mann1ng89: raises $0.04 to $0.06
Danilloo93: folds 
Vory963: folds 
bearfeeder10: calls $0.05
Lorpugo: raises $0.14 to $0.20
Mann1ng89: calls $0.14
bearfeeder10: folds 
*** FLOP *** [6h 2s Jd]
Lorpugo: bets $0.15
Mann1ng89: folds 
Uncalled bet ($0.15) returned to Lorpugo
Lorpugo collected $0.44 from pot
Lorpugo: doesn't show hand 
*** SUMMARY ***
Total pot $0.46 | Rake $0.02 
Board [6h 2s Jd]
Seat 1: Lorpugo (big blind) collected ($0.44)
Seat 3: Mann1ng89 folded on the Flop
Seat 4: Danilloo93 folded before Flop (didn't bet)
Seat 5: Vory963 (button) folded before Flop (didn't bet)
Seat 6: bearfeeder10 (small blind) folded before Flop



PokerStars Hand #239403904644:  Hold'em No Limit ($0.01/$0.02 USD) - 2022/10/23 11:23:57 ET
Table 'Sagittarius II' 6-max Seat #6 is the button
Seat 1: Lorpugo ($2.02 in chips) 
Seat 2: Platosdream ($2 in chips) 
Seat 3: Mann1ng89 ($0.86 in chips) 
Seat 4: Danilloo93 ($2.54 in chips) 
Seat 5: Vory963 ($1.66 in chips) 
Seat 6: bearfeeder10 ($1.84 in chips) 
Lorpugo: posts small blind $0.01
Platosdream: posts big blind $0.02
*** HOLE CARDS ***
Dealt to Lorpugo [9s 9h]
Mann1ng89: folds 
Danilloo93: folds 
Vory963: calls $0.02
bearfeeder10: folds 
Lorpugo: raises $0.06 to $0.08
Platosdream: folds 
Vory963: calls $0.06
*** FLOP *** [Tc 8h Ad]
Lorpugo: bets $0.06
Vory963: calls $0.06
*** TURN *** [Tc 8h Ad] [Js]
Lorpugo: bets $0.34
Vory963: folds 
Uncalled bet ($0.34) returned to Lorpugo
Lorpugo collected $0.29 from pot
Lorpugo: doesn't show hand 
*** SUMMARY ***
Total pot $0.30 | Rake $0.01 
Board [Tc 8h Ad Js]
Seat 1: Lorpugo (small blind) collected ($0.29)
Seat 2: Platosdream (big blind) folded before Flop
Seat 3: Mann1ng89 folded before Flop (didn't bet)
Seat 4: Danilloo93 folded before Flop (didn't bet)
Seat 5: Vory963 folded on the Turn
Seat 6: bearfeeder10 (button) folded before Flop (didn't bet)



PokerStars Hand #239403922300:  Hold'em No Limit ($0.01/$0.02 USD) - 2022/10/23 11:24:51 ET
Table 'Sagittarius II' 6-max Seat #1 is the button
Seat 1: Lorpugo ($2.17 in chips) 
Seat 2: Platosdream ($2 in chips) 
Seat 3: Mann1ng89 ($0.86 in chips) 
Seat 4: Danilloo93 ($2.54 in chips) 
Seat 5: Vory963 ($1.52 in chips) 
Seat 6: bearfeeder10 ($1.84 in chips) 
Platosdream: posts small blind $0.01
Mann1ng89: posts big blind $0.02
*** HOLE CARDS ***
Dealt to Lorpugo [2d 8s]
Danilloo93: folds 
Vory963: folds 
bearfeeder10: folds 
Lorpugo: folds 
Platosdream: folds 
Uncalled bet ($0.01) returned to Mann1ng89
Mann1ng89 collected $0.02 from pot
Mann1ng89: doesn't show hand 
*** SUMMARY ***
Total pot $0.02 | Rake $0 
Seat 1: Lorpugo (button) folded before Flop (didn't bet)
Seat 2: Platosdream (small blind) folded before Flop
Seat 3: Mann1ng89 (big blind) collected ($0.02)
Seat 4: Danilloo93 folded before Flop (didn't bet)
Seat 5: Vory963 folded before Flop (didn't bet)
Seat 6: bearfeeder10 folded before Flop (didn't bet)



PokerStars Hand #239403930813:  Hold'em No Limit ($0.01/$0.02 USD) - 2022/10/23 11:25:17 ET
Table 'Sagittarius II' 6-max Seat #2 is the button
Seat 1: Lorpugo ($2.17 in chips) 
Seat 2: Platosdream ($2 in chips) 
Seat 3: Mann1ng89 ($0.87 in chips) 
Seat 4: Danilloo93 ($2.54 in chips) 
Seat 5: Vory963 ($1.52 in chips) 
Seat 6: bearfeeder10 ($1.84 in chips) 
Mann1ng89: posts small blind $0.01
Danilloo93: posts big blind $0.02
*** HOLE CARDS ***
Dealt to Lorpugo [2s 3d]
Vory963: folds 
bearfeeder10: folds 
Lorpugo: folds 
Platosdream: folds 
Mann1ng89: folds 
Uncalled bet ($0.01) returned to Danilloo93
Danilloo93 collected $0.02 from pot
Danilloo93: doesn't show hand 
*** SUMMARY ***
Total pot $0.02 | Rake $0 
Seat 1: Lorpugo folded before Flop (didn't bet)
Seat 2: Platosdream (button) folded before Flop (didn't bet)
Seat 3: Mann1ng89 (small blind) folded before Flop
Seat 4: Danilloo93 (big blind) collected ($0.02)
Seat 5: Vory963 folded before Flop (didn't bet)
Seat 6: bearfeeder10 folded before Flop (didn't bet)



PokerStars Hand #239403937971:  Hold'em No Limit ($0.01/$0.02 USD) - 2022/10/23 11:25:38 ET
Table 'Sagittarius II' 6-max Seat #3 is the button
Seat 1: Lorpugo ($2.17 in chips) 
Seat 2: Platosdream ($2 in chips) 
Seat 3: Mann1ng89 ($0.86 in chips) 
Seat 4: Danilloo93 ($2.55 in chips) 
Seat 5: Vory963 ($1.52 in chips) 
Seat 6: bearfeeder10 ($1.84 in chips) 
Danilloo93: posts small blind $0.01
Vory963: posts big blind $0.02
*** HOLE CARDS ***
Dealt to Lorpugo [2h 3s]
bearfeeder10: calls $0.02
Lorpugo: folds 
Platosdream: folds 
Mann1ng89: folds 
Danilloo93: folds 
Vory963: checks 
*** FLOP *** [Jh 8d 6s]
Vory963: checks 
bearfeeder10: checks 
*** TURN *** [Jh 8d 6s] [9s]
Vory963: checks 
bearfeeder10: bets $0.04
Vory963: folds 
Uncalled bet ($0.04) returned to bearfeeder10
bearfeeder10 collected $0.05 from pot
bearfeeder10: doesn't show hand 
*** SUMMARY ***
Total pot $0.05 | Rake $0 
Board [Jh 8d 6s 9s]
Seat 1: Lorpugo folded before Flop (didn't bet)
Seat 2: Platosdream folded before Flop (didn't bet)
Seat 3: Mann1ng89 (button) folded before Flop (didn't bet)
Seat 4: Danilloo93 (small blind) folded before Flop
Seat 5: Vory963 (big blind) folded on the Turn
Seat 6: bearfeeder10 collected ($0.05)



PokerStars Hand #239403958092:  Hold'em No Limit ($0.01/$0.02 USD) - 2022/10/23 11:26:39 ET
Table 'Sagittarius II' 6-max Seat #4 is the button
Seat 1: Lorpugo ($2.17 in chips) 
Seat 2: Platosdream ($2 in chips) 
Seat 3: Mann1ng89 ($0.86 in chips) 
Seat 4: Danilloo93 ($2.54 in chips) 
Seat 5: Vory963 ($1.50 in chips) 
Seat 6: bearfeeder10 ($1.87 in chips) 
Vory963: posts small blind $0.01
bearfeeder10: posts big blind $0.02
*** HOLE CARDS ***
Dealt to Lorpugo [Qd 9h]
Lorpugo: folds 
Platosdream: folds 
Mann1ng89: folds 
Danilloo93: raises $0.03 to $0.05
Vory963: calls $0.04
bearfeeder10: folds 
*** FLOP *** [Ac 7c Td]
Vory963: checks 
Danilloo93: checks 
*** TURN *** [Ac 7c Td] [Kd]
Vory963: checks 
Danilloo93: checks 
*** RIVER *** [Ac 7c Td Kd] [Kc]
Vory963: checks 
Danilloo93: checks 
*** SHOW DOWN ***
Vory963: shows [Th Js] (two pair, Kings and Tens)
Danilloo93: mucks hand 
Vory963 collected $0.12 from pot
*** SUMMARY ***
Total pot $0.12 | Rake $0 
Board [Ac 7c Td Kd Kc]
Seat 1: Lorpugo folded before Flop (didn't bet)
Seat 2: Platosdream folded before Flop (didn't bet)
Seat 3: Mann1ng89 folded before Flop (didn't bet)
Seat 4: Danilloo93 (button) mucked [7h Qh]
Seat 5: Vory963 (small blind) showed [Th Js] and won ($0.12) with two pair, Kings and Tens
Seat 6: bearfeeder10 (big blind) folded before Flop



PokerStars Hand #239403973416:  Hold'em No Limit ($0.01/$0.02 USD) - 2022/10/23 11:27:25 ET
Table 'Sagittarius II' 6-max Seat #5 is the button
Seat 1: Lorpugo ($2.17 in chips) 
Seat 2: Platosdream ($2 in chips) 
Seat 3: Mann1ng89 ($0.86 in chips) 
Seat 4: Danilloo93 ($2.49 in chips) 
Seat 5: Vory963 ($1.57 in chips) 
Seat 6: bearfeeder10 ($1.85 in chips) 
bearfeeder10: posts small blind $0.01
Lorpugo: posts big blind $0.02
*** HOLE CARDS ***
Dealt to Lorpugo [Ks 7h]
Platosdream: raises $0.04 to $0.06
Mann1ng89: folds 
Danilloo93: calls $0.06
Vory963: raises $0.26 to $0.32
bearfeeder10: folds 
Lorpugo: folds 
Platosdream: calls $0.26
Danilloo93: calls $0.26
*** FLOP *** [3s 9c Js]
Platosdream: checks 
Danilloo93: checks 
Vory963: bets $1.25 and is all-in
Platosdream: folds 
Danilloo93: folds 
Uncalled bet ($1.25) returned to Vory963
Vory963 collected $0.96 from pot
*** SUMMARY ***
Total pot $0.99 | Rake $0.03 
Board [3s 9c Js]
Seat 1: Lorpugo (big blind) folded before Flop
Seat 2: Platosdream folded on the Flop
Seat 3: Mann1ng89 folded before Flop (didn't bet)
Seat 4: Danilloo93 folded on the Flop
Seat 5: Vory963 (button) collected ($0.96)
Seat 6: bearfeeder10 (small blind) folded before Flop



PokerStars Hand #239404000133:  Hold'em No Limit ($0.01/$0.02 USD) - 2022/10/23 11:28:45 ET
Table 'Sagittarius II' 6-max Seat #6 is the button
Seat 1: Lorpugo ($2.15 in chips) 
Seat 2: Platosdream ($2 in chips) 
Seat 3: Mann1ng89 ($0.86 in chips) 
Seat 5: Vory963 ($2.21 in chips) 
Seat 6: bearfeeder10 ($1.84 in chips) 
Lorpugo: posts small blind $0.01
Platosdream: posts big blind $0.02
*** HOLE CARDS ***
Dealt to Lorpugo [Qd 2h]
Mann1ng89: folds 
Vory963: folds 
bearfeeder10: raises $0.04 to $0.06
Lorpugo: folds 
Platosdream: calls $0.04
*** FLOP *** [Jh 6c Ad]
Platosdream: checks 
bearfeeder10: bets $0.06
Platosdream: calls $0.06
*** TURN *** [Jh 6c Ad] [6h]
Platosdream: checks 
bearfeeder10: bets $0.16
Platosdream: calls $0.16
*** RIVER *** [Jh 6c Ad 6h] [3s]
Platosdream: checks 
bearfeeder10: checks 
*** SHOW DOWN ***
Platosdream: shows [Qs Th] (a pair of Sixes)
bearfeeder10: shows [Ah Js] (two pair, Aces and Jacks)
bearfeeder10 collected $0.55 from pot
*** SUMMARY ***
Total pot $0.57 | Rake $0.02 
Board [Jh 6c Ad 6h 3s]
Seat 1: Lorpugo (small blind) folded before Flop
Seat 2: Platosdream (big blind) showed [Qs Th] and lost with a pair of Sixes
Seat 3: Mann1ng89 folded before Flop (didn't bet)
Seat 5: Vory963 folded before Flop (didn't bet)
Seat 6: bearfeeder10 (button) showed [Ah Js] and won ($0.55) with two pair, Aces and Jacks



PokerStars Hand #239404024649:  Hold'em No Limit ($0.01/$0.02 USD) - 2022/10/23 11:29:59 ET
Table 'Sagittarius II' 6-max Seat #1 is the button
Seat 1: Lorpugo ($2.14 in chips) 
Seat 2: Platosdream ($2 in chips) 
Seat 3: Mann1ng89 ($0.86 in chips) 
Seat 5: Vory963 ($2.21 in chips) 
Seat 6: bearfeeder10 ($2.11 in chips) 
Platosdream: posts small blind $0.01
Mann1ng89: posts big blind $0.02
*** HOLE CARDS ***
Dealt to Lorpugo [Qh Ad]
Vory963: folds 
bearfeeder10: folds 
Lorpugo: raises $0.04 to $0.06
Platosdream: calls $0.05
Mann1ng89: folds 
*** FLOP *** [9s Ks Th]
Platosdream: checks 
Lorpugo: checks 
*** TURN *** [9s Ks Th] [8s]
Platosdream: checks 
Lorpugo: checks 
*** RIVER *** [9s Ks Th 8s] [8d]
Platosdream: checks 
Lorpugo: checks 
*** SHOW DOWN ***
Platosdream: shows [4s 4d] (two pair, Eights and Fours)
Lorpugo: mucks hand 
Platosdream collected $0.14 from pot
*** SUMMARY ***
Total pot $0.14 | Rake $0 
Board [9s Ks Th 8s 8d]
Seat 1: Lorpugo (button) mucked [Qh Ad]
Seat 2: Platosdream (small blind) showed [4s 4d] and won ($0.14) with two pair, Eights and Fours
Seat 3: Mann1ng89 (big blind) folded before Flop
Seat 5: Vory963 folded before Flop (didn't bet)
Seat 6: bearfeeder10 folded before Flop (didn't bet)



PokerStars Hand #239404037199:  Hold'em No Limit ($0.01/$0.02 USD) - 2022/10/23 11:30:36 ET
Table 'Sagittarius II' 6-max Seat #2 is the button
Seat 1: Lorpugo ($2.08 in chips) 
Seat 2: Platosdream ($2.08 in chips) 
Seat 3: Mann1ng89 ($0.84 in chips) 
Seat 5: Vory963 ($2.21 in chips) 
Seat 6: bearfeeder10 ($2.11 in chips) 
Mann1ng89: posts small blind $0.01
Vory963: posts big blind $0.02
*** HOLE CARDS ***
Dealt to Lorpugo [9s Js]
bearfeeder10: folds 
Lorpugo: raises $0.04 to $0.06
Platosdream: folds 
Mann1ng89: folds 
Vory963: folds 
Uncalled bet ($0.04) returned to Lorpugo
Lorpugo collected $0.05 from pot
Lorpugo: doesn't show hand 
*** SUMMARY ***
Total pot $0.05 | Rake $0 
Seat 1: Lorpugo collected ($0.05)
Seat 2: Platosdream (button) folded before Flop (didn't bet)
Seat 3: Mann1ng89 (small blind) folded before Flop
Seat 5: Vory963 (big blind) folded before Flop
Seat 6: bearfeeder10 folded before Flop (didn't bet)



PokerStars Hand #239404044586:  Hold'em No Limit ($0.01/$0.02 USD) - 2022/10/23 11:30:58 ET
Table 'Sagittarius II' 6-max Seat #3 is the button
Seat 1: Lorpugo ($2.11 in chips) 
Seat 2: Platosdream ($2.08 in chips) 
Seat 3: Mann1ng89 ($0.83 in chips) 
Seat 5: Vory963 ($2.19 in chips) 
Seat 6: bearfeeder10 ($2.11 in chips) 
Vory963: posts small blind $0.01
bearfeeder10: posts big blind $0.02
*** HOLE CARDS ***
Dealt to Lorpugo [Kh 9h]
Lorpugo: raises $0.04 to $0.06
Platosdream: folds 
Mann1ng89: folds 
Vory963: calls $0.05
bearfeeder10: calls $0.04
*** FLOP *** [Td Ac 8s]
Vory963: checks 
bearfeeder10: checks 
Lorpugo: checks 
*** TURN *** [Td Ac 8s] [7s]
Vory963: checks 
bearfeeder10: checks 
Lorpugo: checks 
*** RIVER *** [Td Ac 8s 7s] [9c]
Vory963: checks 
bearfeeder10: checks 
Lorpugo: checks 
*** SHOW DOWN ***
Vory963: shows [8d Qd] (a pair of Eights)
bearfeeder10: mucks hand 
Lorpugo: shows [Kh 9h] (a pair of Nines)
Lorpugo collected $0.17 from pot
*** SUMMARY ***
Total pot $0.18 | Rake $0.01 
Board [Td Ac 8s 7s 9c]
Seat 1: Lorpugo showed [Kh 9h] and won ($0.17) with a pair of Nines
Seat 2: Platosdream folded before Flop (didn't bet)
Seat 3: Mann1ng89 (button) folded before Flop (didn't bet)
Seat 5: Vory963 (small blind) showed [8d Qd] and lost with a pair of Eights
Seat 6: bearfeeder10 (big blind) mucked [2d 2s]



PokerStars Hand #239404065232:  Hold'em No Limit ($0.01/$0.02 USD) - 2022/10/23 11:32:00 ET
Table 'Sagittarius II' 6-max Seat #5 is the button
Seat 1: Lorpugo ($2.22 in chips) 
Seat 2: Platosdream ($2.08 in chips) 
Seat 3: Mann1ng89 ($0.83 in chips) 
Seat 5: Vory963 ($2.13 in chips) 
Seat 6: bearfeeder10 ($2.05 in chips) 
bearfeeder10: posts small blind $0.01
Lorpugo: posts big blind $0.02
*** HOLE CARDS ***
Dealt to Lorpugo [Qs Jh]
Platosdream: folds 
Mann1ng89: folds 
Vory963: folds 
bearfeeder10: raises $0.06 to $0.08
Lorpugo: calls $0.06
*** FLOP *** [Ac 6s 8d]
bearfeeder10: checks 
Lorpugo: bets $0.10
bearfeeder10: folds 
Uncalled bet ($0.10) returned to Lorpugo
Lorpugo collected $0.15 from pot
Lorpugo: doesn't show hand 
*** SUMMARY ***
Total pot $0.16 | Rake $0.01 
Board [Ac 6s 8d]
Seat 1: Lorpugo (big blind) collected ($0.15)
Seat 2: Platosdream folded before Flop (didn't bet)
Seat 3: Mann1ng89 folded before Flop (didn't bet)
Seat 5: Vory963 (button) folded before Flop (didn't bet)
Seat 6: bearfeeder10 (small blind) folded on the Flop



PokerStars Hand #239404078512:  Hold'em No Limit ($0.01/$0.02 USD) - 2022/10/23 11:32:39 ET
Table 'Sagittarius II' 6-max Seat #6 is the button
Seat 1: Lorpugo ($2.29 in chips) 
Seat 2: Platosdream ($2.08 in chips) 
Seat 3: Mann1ng89 ($0.83 in chips) 
Seat 5: Vory963 ($2.13 in chips) 
Seat 6: bearfeeder10 ($1.97 in chips) 
Lorpugo: posts small blind $0.01
Platosdream: posts big blind $0.02
*** HOLE CARDS ***
Dealt to Lorpugo [9s Ac]
Mann1ng89 has timed out
Mann1ng89: folds 
Danilloo93 leaves the table
Vory963: calls $0.02
bearfeeder10: raises $0.07 to $0.09
Deltapf joins the table at seat #4 
Lorpugo: folds 
Platosdream: raises $1.99 to $2.08 and is all-in
Vory963: folds 
bearfeeder10: folds 
Uncalled bet ($1.99) returned to Platosdream
Platosdream collected $0.21 from pot
*** SUMMARY ***
Total pot $0.21 | Rake $0 
Seat 1: Lorpugo (small blind) folded before Flop
Seat 2: Platosdream (big blind) collected ($0.21)
Seat 3: Mann1ng89 folded before Flop (didn't bet)
Seat 5: Vory963 folded before Flop
Seat 6: bearfeeder10 (button) folded before Flop



PokerStars Hand #239404092059:  Hold'em No Limit ($0.01/$0.02 USD) - 2022/10/23 11:33:20 ET
Table 'Sagittarius II' 6-max Seat #1 is the button
Seat 1: Lorpugo ($2.28 in chips) 
Seat 2: Platosdream ($2.20 in chips) 
Seat 3: Mann1ng89 ($0.83 in chips) 
Seat 5: Vory963 ($2.11 in chips) 
Seat 6: bearfeeder10 ($1.88 in chips) 
Platosdream: posts small blind $0.01
Mann1ng89: posts big blind $0.02
Deltapf: sits out 
*** HOLE CARDS ***
Dealt to Lorpugo [Jc Ks]
Vory963: folds 
bearfeeder10: calls $0.02
Lorpugo: raises $0.07 to $0.09
Platosdream: folds 
Mann1ng89: folds 
bearfeeder10: calls $0.07
*** FLOP *** [6d 8h 7h]
bearfeeder10: checks 
Lorpugo: checks 
*** TURN *** [6d 8h 7h] [Ts]
bearfeeder10: bets $0.20
Lorpugo: folds 
Uncalled bet ($0.20) returned to bearfeeder10
bearfeeder10 collected $0.20 from pot
bearfeeder10: doesn't show hand 
*** SUMMARY ***
Total pot $0.21 | Rake $0.01 
Board [6d 8h 7h Ts]
Seat 1: Lorpugo (button) folded on the Turn
Seat 2: Platosdream (small blind) folded before Flop
Seat 3: Mann1ng89 (big blind) folded before Flop
Seat 5: Vory963 folded before Flop (didn't bet)
Seat 6: bearfeeder10 collected ($0.20)



PokerStars Hand #239404112536:  Hold'em No Limit ($0.01/$0.02 USD) - 2022/10/23 11:34:21 ET
Table 'Sagittarius II' 6-max Seat #2 is the button
Seat 1: Lorpugo ($2.19 in chips) 
Seat 2: Platosdream ($2.19 in chips) 
Seat 3: Mann1ng89 ($0.81 in chips) 
Seat 4: Deltapf ($2 in chips) 
Seat 5: Vory963 ($2.11 in chips) 
Seat 6: bearfeeder10 ($1.99 in chips) 
Mann1ng89: posts small blind $0.01
Deltapf: posts big blind $0.02
*** HOLE CARDS ***
Dealt to Lorpugo [3d 5h]
Vory963: folds 
bearfeeder10: raises $0.04 to $0.06
Lorpugo: folds 
Platosdream: calls $0.06
Mann1ng89: folds 
Deltapf: calls $0.04
*** FLOP *** [Qd 4c 3h]
Deltapf: checks 
bearfeeder10: checks 
Platosdream: checks 
*** TURN *** [Qd 4c 3h] [2s]
Deltapf: checks 
bearfeeder10: checks 
Platosdream: checks 
*** RIVER *** [Qd 4c 3h 2s] [6d]
Deltapf: bets $0.14
bearfeeder10: folds 
Platosdream: folds 
Uncalled bet ($0.14) returned to Deltapf
Deltapf collected $0.18 from pot
Deltapf: doesn't show hand 
*** SUMMARY ***
Total pot $0.19 | Rake $0.01 
Board [Qd 4c 3h 2s 6d]
Seat 1: Lorpugo folded before Flop (didn't bet)
Seat 2: Platosdream (button) folded on the River
Seat 3: Mann1ng89 (small blind) folded before Flop
Seat 4: Deltapf (big blind) collected ($0.18)
Seat 5: Vory963 folded before Flop (didn't bet)
Seat 6: bearfeeder10 folded on the River



PokerStars Hand #239404138560:  Hold'em No Limit ($0.01/$0.02 USD) - 2022/10/23 11:35:39 ET
Table 'Sagittarius II' 6-max Seat #3 is the button
Seat 1: Lorpugo ($2.19 in chips) 
Seat 2: Platosdream ($2.13 in chips) 
Seat 3: Mann1ng89 ($0.80 in chips) 
Seat 4: Deltapf ($2.12 in chips) 
Seat 5: Vory963 ($2.11 in chips) 
Seat 6: bearfeeder10 ($1.93 in chips) 
Deltapf: posts small blind $0.01
Vory963: posts big blind $0.02
*** HOLE CARDS ***
Dealt to Lorpugo [6s 2s]
bearfeeder10: raises $0.04 to $0.06
Lorpugo: folds 
Platosdream: folds 
Mann1ng89: folds 
Deltapf: folds 
Vory963: folds 
Uncalled bet ($0.04) returned to bearfeeder10
bearfeeder10 collected $0.05 from pot
bearfeeder10: doesn't show hand 
*** SUMMARY ***
Total pot $0.05 | Rake $0 
Seat 1: Lorpugo folded before Flop (didn't bet)
Seat 2: Platosdream folded before Flop (didn't bet)
Seat 3: Mann1ng89 (button) folded before Flop (didn't bet)
Seat 4: Deltapf (small blind) folded before Flop
Seat 5: Vory963 (big blind) folded before Flop
Seat 6: bearfeeder10 collected ($0.05)



PokerStars Hand #239404146458:  Hold'em No Limit ($0.01/$0.02 USD) - 2022/10/23 11:36:02 ET
Table 'Sagittarius II' 6-max Seat #4 is the button
Seat 1: Lorpugo ($2.19 in chips) 
Seat 2: Platosdream ($2.13 in chips) 
Seat 3: Mann1ng89 ($0.80 in chips) 
Seat 4: Deltapf ($2.11 in chips) 
Seat 5: Vory963 ($2.09 in chips) 
Seat 6: bearfeeder10 ($1.96 in chips) 
Vory963: posts small blind $0.01
bearfeeder10: posts big blind $0.02
*** HOLE CARDS ***
Dealt to Lorpugo [Kc Ts]
Lorpugo: folds 
Platosdream: folds 
Mann1ng89 has timed out
Mann1ng89: folds 
Deltapf: raises $0.04 to $0.06
Vory963: folds 
bearfeeder10: folds 
Uncalled bet ($0.04) returned to Deltapf
Deltapf collected $0.05 from pot
Deltapf: doesn't show hand 
*** SUMMARY ***
Total pot $0.05 | Rake $0 
Seat 1: Lorpugo folded before Flop (didn't bet)
Seat 2: Platosdream folded before Flop (didn't bet)
Seat 3: Mann1ng89 folded before Flop (didn't bet)
Seat 4: Deltapf (button) collected ($0.05)
Seat 5: Vory963 (small blind) folded before Flop
Seat 6: bearfeeder10 (big blind) folded before Flop



PokerStars Hand #239404157207:  Hold'em No Limit ($0.01/$0.02 USD) - 2022/10/23 11:36:34 ET
Table 'Sagittarius II' 6-max Seat #5 is the button
Seat 1: Lorpugo ($2.19 in chips) 
Seat 2: Platosdream ($2.13 in chips) 
Seat 3: Mann1ng89 ($0.80 in chips) 
Seat 4: Deltapf ($2.14 in chips) 
Seat 5: Vory963 ($2.08 in chips) 
Seat 6: bearfeeder10 ($1.94 in chips) 
bearfeeder10: posts small blind $0.01
Lorpugo: posts big blind $0.02
*** HOLE CARDS ***
Dealt to Lorpugo [9h Kd]
Platosdream: folds 
Mann1ng89: raises $0.02 to $0.04
Deltapf: folds 
Vory963: folds 
bearfeeder10: calls $0.03
Lorpugo: calls $0.02
*** FLOP *** [8d Th 8h]
bearfeeder10: checks 
Lorpugo: bets $0.06
Mann1ng89: calls $0.06
bearfeeder10: folds 
*** TURN *** [8d Th 8h] [Qc]
Lorpugo: bets $0.11
Mann1ng89: calls $0.11
*** RIVER *** [8d Th 8h Qc] [3h]
Lorpugo: bets $0.56
Mann1ng89: folds 
Uncalled bet ($0.56) returned to Lorpugo
Lorpugo collected $0.44 from pot
Lorpugo: doesn't show hand 
*** SUMMARY ***
Total pot $0.46 | Rake $0.02 
Board [8d Th 8h Qc 3h]
Seat 1: Lorpugo (big blind) collected ($0.44)
Seat 2: Platosdream folded before Flop (didn't bet)
Seat 3: Mann1ng89 folded on the River
Seat 4: Deltapf folded before Flop (didn't bet)
Seat 5: Vory963 (button) folded before Flop (didn't bet)
Seat 6: bearfeeder10 (small blind) folded on the Flop



PokerStars Hand #239404180072:  Hold'em No Limit ($0.01/$0.02 USD) - 2022/10/23 11:37:42 ET
Table 'Sagittarius II' 6-max Seat #6 is the button
Seat 1: Lorpugo ($2.42 in chips) 
Seat 2: Platosdream ($2.13 in chips) 
Seat 3: Mann1ng89 ($0.59 in chips) 
Seat 4: Deltapf ($2.14 in chips) 
Seat 5: Vory963 ($2.08 in chips) 
Seat 6: bearfeeder10 ($1.90 in chips) 
Lorpugo: posts small blind $0.01
Platosdream: posts big blind $0.02
*** HOLE CARDS ***
Dealt to Lorpugo [8h Kh]
Mann1ng89: folds 
Deltapf: folds 
Vory963: folds 
bearfeeder10: folds 
Lorpugo: raises $0.04 to $0.06
Platosdream: calls $0.04
*** FLOP *** [5s 2c 6c]
Lorpugo: bets $0.06
Platosdream: folds 
Uncalled bet ($0.06) returned to Lorpugo
Lorpugo collected $0.12 from pot
Lorpugo: doesn't show hand 
*** SUMMARY ***
Total pot $0.12 | Rake $0 
Board [5s 2c 6c]
Seat 1: Lorpugo (small blind) collected ($0.12)
Seat 2: Platosdream (big blind) folded on the Flop
Seat 3: Mann1ng89 folded before Flop (didn't bet)
Seat 4: Deltapf folded before Flop (didn't bet)
Seat 5: Vory963 folded before Flop (didn't bet)
Seat 6: bearfeeder10 (button) folded before Flop (didn't bet)



PokerStars Hand #239404193124:  Hold'em No Limit ($0.01/$0.02 USD) - 2022/10/23 11:38:21 ET
Table 'Sagittarius II' 6-max Seat #1 is the button
Seat 1: Lorpugo ($2.48 in chips) 
Seat 2: Platosdream ($2.07 in chips) 
Seat 3: Mann1ng89 ($0.59 in chips) 
Seat 4: Deltapf ($2.14 in chips) 
Seat 5: Vory963 ($2.08 in chips) 
Seat 6: bearfeeder10 ($1.90 in chips) 
Platosdream: posts small blind $0.01
Mann1ng89: posts big blind $0.02
*** HOLE CARDS ***
Dealt to Lorpugo [7s Qs]
Deltapf: folds 
Vory963: calls $0.02
bearfeeder10: raises $0.06 to $0.08
Lorpugo: folds 
Platosdream: folds 
Mann1ng89: folds 
Vory963: folds 
Uncalled bet ($0.06) returned to bearfeeder10
bearfeeder10 collected $0.07 from pot
bearfeeder10: doesn't show hand 
*** SUMMARY ***
Total pot $0.07 | Rake $0 
Seat 1: Lorpugo (button) folded before Flop (didn't bet)
Seat 2: Platosdream (small blind) folded before Flop
Seat 3: Mann1ng89 (big blind) folded before Flop
Seat 4: Deltapf folded before Flop (didn't bet)
Seat 5: Vory963 folded before Flop
Seat 6: bearfeeder10 collected ($0.07)



PokerStars Hand #239404202436:  Hold'em No Limit ($0.01/$0.02 USD) - 2022/10/23 11:38:48 ET
Table 'Sagittarius II' 6-max Seat #2 is the button
Seat 1: Lorpugo ($2.48 in chips) 
Seat 2: Platosdream ($2.06 in chips) 
Seat 3: Mann1ng89 ($0.57 in chips) 
Seat 4: Deltapf ($2.14 in chips) 
Seat 5: Vory963 ($2.06 in chips) 
Seat 6: bearfeeder10 ($1.95 in chips) 
Mann1ng89: posts small blind $0.01
Deltapf: posts big blind $0.02
*** HOLE CARDS ***
Dealt to Lorpugo [Kh 7h]
Vory963 has timed out
Vory963: folds 
bearfeeder10: calls $0.02
Lorpugo: calls $0.02
Platosdream: folds 
Mann1ng89: folds 
Deltapf: raises $0.08 to $0.10
bearfeeder10: calls $0.08
Lorpugo: folds 
*** FLOP *** [7s 8d 3c]
Deltapf: bets $0.07
bearfeeder10: calls $0.07
*** TURN *** [7s 8d 3c] [7c]
Deltapf: checks 
bearfeeder10: bets $0.22
Deltapf: calls $0.22
*** RIVER *** [7s 8d 3c 7c] [Td]
Deltapf: checks 
bearfeeder10: bets $1.56 and is all-in
Deltapf: folds 
Uncalled bet ($1.56) returned to bearfeeder10
bearfeeder10 collected $0.78 from pot
bearfeeder10: doesn't show hand 
*** SUMMARY ***
Total pot $0.81 | Rake $0.03 
Board [7s 8d 3c 7c Td]
Seat 1: Lorpugo folded before Flop
Seat 2: Platosdream (button) folded before Flop (didn't bet)
Seat 3: Mann1ng89 (small blind) folded before Flop
Seat 4: Deltapf (big blind) folded on the River
Seat 5: Vory963 folded before Flop (didn't bet)
Seat 6: bearfeeder10 collected ($0.78)



PokerStars Hand #239404241966:  Hold'em No Limit ($0.01/$0.02 USD) - 2022/10/23 11:40:46 ET
Table 'Sagittarius II' 6-max Seat #3 is the button
Seat 1: Lorpugo ($2.46 in chips) 
Seat 2: Platosdream ($2.06 in chips) 
Seat 3: Mann1ng89 ($0.56 in chips) 
Seat 4: Deltapf ($2 in chips) 
Seat 5: Vory963 ($2.06 in chips) 
Seat 6: bearfeeder10 ($2.34 in chips) 
Deltapf: posts small blind $0.01
Vory963: posts big blind $0.02
*** HOLE CARDS ***
Dealt to Lorpugo [6c Tc]
bearfeeder10: calls $0.02
Lorpugo: folds 
Platosdream: raises $0.02 to $0.04
Mann1ng89: calls $0.04
Deltapf: calls $0.03
Vory963: calls $0.02
bearfeeder10: calls $0.02
*** FLOP *** [4s Qd Kh]
Deltapf: checks 
Vory963: checks 
bearfeeder10: checks 
Platosdream: bets $0.15
Mann1ng89: folds 
Deltapf: folds 
Vory963: folds 
bearfeeder10: folds 
Uncalled bet ($0.15) returned to Platosdream
Platosdream collected $0.19 from pot
*** SUMMARY ***
Total pot $0.20 | Rake $0.01 
Board [4s Qd Kh]
Seat 1: Lorpugo folded before Flop (didn't bet)
Seat 2: Platosdream collected ($0.19)
Seat 3: Mann1ng89 (button) folded on the Flop
Seat 4: Deltapf (small blind) folded on the Flop
Seat 5: Vory963 (big blind) folded on the Flop
Seat 6: bearfeeder10 folded on the Flop



