PokerStars Hand #239470967143:  Hold'em No Limit ($0.01/$0.02 USD) - 2022/10/26 16:41:56 ET
Table 'Algoa III' 6-max Seat #2 is the button
Seat 2: Snägärdi ($1.72 in chips) 
Seat 3: PitBooLIK ($2.29 in chips) 
Seat 4: Lorpugo ($1.60 in chips) 
Seat 5: penggguin ($1.34 in chips) 
Seat 6: s1sifo ($2.13 in chips) 
PitBooLIK: posts small blind $0.01
Lorpugo: posts big blind $0.02
*** HOLE CARDS ***
Dealt to Lorpugo [8h 4s]
penggguin: folds 
s1sifo: folds 
Snägärdi: folds 
PitBooLIK: folds 
Uncalled bet ($0.01) returned to Lorpugo
Lorpugo collected $0.02 from pot
Lorpugo: doesn't show hand 
*** SUMMARY ***
Total pot $0.02 | Rake $0 
Seat 2: Snägärdi (button) folded before Flop (didn't bet)
Seat 3: PitBooLIK (small blind) folded before Flop
Seat 4: Lorpugo (big blind) collected ($0.02)
Seat 5: penggguin folded before Flop (didn't bet)
Seat 6: s1sifo folded before Flop (didn't bet)



PokerStars Hand #239470970522:  Hold'em No Limit ($0.01/$0.02 USD) - 2022/10/26 16:42:06 ET
Table 'Algoa III' 6-max Seat #3 is the button
Seat 2: Snägärdi ($1.72 in chips) 
Seat 3: PitBooLIK ($2.28 in chips) 
Seat 4: Lorpugo ($1.61 in chips) 
Seat 5: penggguin ($1.34 in chips) 
Seat 6: s1sifo ($2.13 in chips) 
Lorpugo: posts small blind $0.01
penggguin: posts big blind $0.02
*** HOLE CARDS ***
Dealt to Lorpugo [Th 4c]
s1sifo: folds 
Snägärdi: folds 
PitBooLIK: folds 
Lorpugo: folds 
Uncalled bet ($0.01) returned to penggguin
penggguin collected $0.02 from pot
penggguin: doesn't show hand 
*** SUMMARY ***
Total pot $0.02 | Rake $0 
Seat 2: Snägärdi folded before Flop (didn't bet)
Seat 3: PitBooLIK (button) folded before Flop (didn't bet)
Seat 4: Lorpugo (small blind) folded before Flop
Seat 5: penggguin (big blind) collected ($0.02)
Seat 6: s1sifo folded before Flop (didn't bet)



PokerStars Hand #239470978251:  Hold'em No Limit ($0.01/$0.02 USD) - 2022/10/26 16:42:26 ET
Table 'Algoa III' 6-max Seat #4 is the button
Seat 2: Snägärdi ($1.72 in chips) 
Seat 3: PitBooLIK ($2.28 in chips) 
Seat 4: Lorpugo ($1.60 in chips) 
Seat 5: penggguin ($1.35 in chips) 
Seat 6: s1sifo ($2.13 in chips) 
penggguin: posts small blind $0.01
s1sifo: posts big blind $0.02
*** HOLE CARDS ***
Dealt to Lorpugo [3h As]
Snägärdi: raises $0.02 to $0.04
PitBooLIK: folds 
Lorpugo: calls $0.04
penggguin: folds 
s1sifo: calls $0.02
*** FLOP *** [Qd 5h 3d]
s1sifo: checks 
Snägärdi: checks 
Karim84-berlin joins the table at seat #1 
Lorpugo: bets $0.04
s1sifo: folds 
Snägärdi: calls $0.04
*** TURN *** [Qd 5h 3d] [Ad]
Snägärdi: bets $0.10
Lorpugo: raises $0.26 to $0.36
Snägärdi: folds 
Uncalled bet ($0.26) returned to Lorpugo
Lorpugo collected $0.40 from pot
Lorpugo: doesn't show hand 
*** SUMMARY ***
Total pot $0.41 | Rake $0.01 
Board [Qd 5h 3d Ad]
Seat 2: Snägärdi folded on the Turn
Seat 3: PitBooLIK folded before Flop (didn't bet)
Seat 4: Lorpugo (button) collected ($0.40)
Seat 5: penggguin (small blind) folded before Flop
Seat 6: s1sifo (big blind) folded on the Flop



PokerStars Hand #239470999248:  Hold'em No Limit ($0.01/$0.02 USD) - 2022/10/26 16:43:23 ET
Table 'Algoa III' 6-max Seat #5 is the button
Seat 1: Karim84-berlin ($2 in chips) 
Seat 2: Snägärdi ($1.54 in chips) 
Seat 3: PitBooLIK ($2.28 in chips) 
Seat 4: Lorpugo ($1.82 in chips) 
Seat 5: penggguin ($1.34 in chips) 
Seat 6: s1sifo ($2.09 in chips) 
s1sifo: posts small blind $0.01
Karim84-berlin: posts big blind $0.02
*** HOLE CARDS ***
Dealt to Lorpugo [Qc 8h]
Snägärdi: calls $0.02
PitBooLIK: folds 
Lorpugo: folds 
penggguin: folds 
s1sifo: folds 
Karim84-berlin: raises $0.06 to $0.08
Snägärdi: calls $0.06
*** FLOP *** [Td 3c Ah]
Karim84-berlin: bets $0.10
Snägärdi: folds 
Uncalled bet ($0.10) returned to Karim84-berlin
Karim84-berlin collected $0.16 from pot
*** SUMMARY ***
Total pot $0.17 | Rake $0.01 
Board [Td 3c Ah]
Seat 1: Karim84-berlin (big blind) collected ($0.16)
Seat 2: Snägärdi folded on the Flop
Seat 3: PitBooLIK folded before Flop (didn't bet)
Seat 4: Lorpugo folded before Flop (didn't bet)
Seat 5: penggguin (button) folded before Flop (didn't bet)
Seat 6: s1sifo (small blind) folded before Flop



PokerStars Hand #239471008908:  Hold'em No Limit ($0.01/$0.02 USD) - 2022/10/26 16:43:49 ET
Table 'Algoa III' 6-max Seat #6 is the button
Seat 1: Karim84-berlin ($2.08 in chips) 
Seat 2: Snägärdi ($1.46 in chips) 
Seat 3: PitBooLIK ($2.28 in chips) 
Seat 4: Lorpugo ($1.82 in chips) 
Seat 5: penggguin ($1.34 in chips) 
Seat 6: s1sifo ($2.08 in chips) 
Karim84-berlin: posts small blind $0.01
Snägärdi: posts big blind $0.02
*** HOLE CARDS ***
Dealt to Lorpugo [Kc 6s]
PitBooLIK: folds 
Lorpugo: folds 
penggguin: raises $0.02 to $0.04
s1sifo: raises $0.10 to $0.14
Karim84-berlin: folds 
Snägärdi: folds 
penggguin: folds 
Uncalled bet ($0.10) returned to s1sifo
s1sifo collected $0.11 from pot
s1sifo: doesn't show hand 
*** SUMMARY ***
Total pot $0.11 | Rake $0 
Seat 1: Karim84-berlin (small blind) folded before Flop
Seat 2: Snägärdi (big blind) folded before Flop
Seat 3: PitBooLIK folded before Flop (didn't bet)
Seat 4: Lorpugo folded before Flop (didn't bet)
Seat 5: penggguin folded before Flop
Seat 6: s1sifo (button) collected ($0.11)



PokerStars Hand #239471015685:  Hold'em No Limit ($0.01/$0.02 USD) - 2022/10/26 16:44:07 ET
Table 'Algoa III' 6-max Seat #1 is the button
Seat 1: Karim84-berlin ($2.07 in chips) 
Seat 2: Snägärdi ($1.44 in chips) 
Seat 3: PitBooLIK ($2.28 in chips) 
Seat 4: Lorpugo ($1.82 in chips) 
Seat 5: penggguin ($1.30 in chips) 
Seat 6: s1sifo ($2.15 in chips) 
Snägärdi: posts small blind $0.01
PitBooLIK: posts big blind $0.02
*** HOLE CARDS ***
Dealt to Lorpugo [9d Ah]
Lorpugo: folds 
penggguin: folds 
s1sifo: folds 
Karim84-berlin: folds 
Snägärdi: calls $0.01
PitBooLIK: raises $0.05 to $0.07
Snägärdi: calls $0.05
*** FLOP *** [5d Tc 6h]
Snägärdi: bets $0.07
PitBooLIK: calls $0.07
*** TURN *** [5d Tc 6h] [Kc]
Snägärdi: bets $0.14
PitBooLIK: raises $0.29 to $0.43
Snägärdi: folds 
Uncalled bet ($0.29) returned to PitBooLIK
PitBooLIK collected $0.54 from pot
PitBooLIK: doesn't show hand 
*** SUMMARY ***
Total pot $0.56 | Rake $0.02 
Board [5d Tc 6h Kc]
Seat 1: Karim84-berlin (button) folded before Flop (didn't bet)
Seat 2: Snägärdi (small blind) folded on the Turn
Seat 3: PitBooLIK (big blind) collected ($0.54)
Seat 4: Lorpugo folded before Flop (didn't bet)
Seat 5: penggguin folded before Flop (didn't bet)
Seat 6: s1sifo folded before Flop (didn't bet)



PokerStars Hand #239471035850:  Hold'em No Limit ($0.01/$0.02 USD) - 2022/10/26 16:45:02 ET
Table 'Algoa III' 6-max Seat #2 is the button
Seat 1: Karim84-berlin ($2.07 in chips) 
Seat 2: Snägärdi ($1.16 in chips) 
Seat 3: PitBooLIK ($2.54 in chips) 
Seat 4: Lorpugo ($1.82 in chips) 
Seat 5: penggguin ($1.30 in chips) 
Seat 6: s1sifo ($2.15 in chips) 
PitBooLIK: posts small blind $0.01
Lorpugo: posts big blind $0.02
*** HOLE CARDS ***
Dealt to Lorpugo [8h 9c]
penggguin: folds 
s1sifo: folds 
Karim84-berlin: folds 
Snägärdi: folds 
PitBooLIK: folds 
Uncalled bet ($0.01) returned to Lorpugo
Lorpugo collected $0.02 from pot
Lorpugo: doesn't show hand 
*** SUMMARY ***
Total pot $0.02 | Rake $0 
Seat 1: Karim84-berlin folded before Flop (didn't bet)
Seat 2: Snägärdi (button) folded before Flop (didn't bet)
Seat 3: PitBooLIK (small blind) folded before Flop
Seat 4: Lorpugo (big blind) collected ($0.02)
Seat 5: penggguin folded before Flop (didn't bet)
Seat 6: s1sifo folded before Flop (didn't bet)



PokerStars Hand #239471039915:  Hold'em No Limit ($0.01/$0.02 USD) - 2022/10/26 16:45:13 ET
Table 'Algoa III' 6-max Seat #3 is the button
Seat 1: Karim84-berlin ($2.07 in chips) 
Seat 2: Snägärdi ($1.16 in chips) 
Seat 3: PitBooLIK ($2.53 in chips) 
Seat 4: Lorpugo ($1.83 in chips) 
Seat 6: s1sifo ($2.15 in chips) 
Lorpugo: posts small blind $0.01
penggguin: is sitting out 
penggguin leaves the table
s1sifo: posts big blind $0.02
*** HOLE CARDS ***
Dealt to Lorpugo [Qc Kc]
Karim84-berlin: folds 
Snägärdi: calls $0.02
PitBooLIK: folds 
lejoyeuxluro joins the table at seat #5 
Lorpugo: raises $0.06 to $0.08
s1sifo: folds 
Snägärdi: calls $0.06
*** FLOP *** [3d Ad Tc]
Lorpugo: bets $0.06
Snägärdi: folds 
Uncalled bet ($0.06) returned to Lorpugo
Lorpugo collected $0.17 from pot
Lorpugo: doesn't show hand 
*** SUMMARY ***
Total pot $0.18 | Rake $0.01 
Board [3d Ad Tc]
Seat 1: Karim84-berlin folded before Flop (didn't bet)
Seat 2: Snägärdi folded on the Flop
Seat 3: PitBooLIK (button) folded before Flop (didn't bet)
Seat 4: Lorpugo (small blind) collected ($0.17)
Seat 6: s1sifo (big blind) folded before Flop



PokerStars Hand #239471049496:  Hold'em No Limit ($0.01/$0.02 USD) - 2022/10/26 16:45:38 ET
Table 'Algoa III' 6-max Seat #4 is the button
Seat 1: Karim84-berlin ($2.07 in chips) 
Seat 2: Snägärdi ($1.08 in chips) 
Seat 3: PitBooLIK ($2.53 in chips) 
Seat 4: Lorpugo ($1.92 in chips) 
Seat 6: s1sifo ($2.13 in chips) 
s1sifo: posts small blind $0.01
Karim84-berlin: posts big blind $0.02
*** HOLE CARDS ***
Dealt to Lorpugo [As Jd]
Snägärdi: folds 
PitBooLIK: folds 
Lorpugo: raises $0.04 to $0.06
s1sifo: folds 
Karim84-berlin: folds 
Uncalled bet ($0.04) returned to Lorpugo
Lorpugo collected $0.05 from pot
Lorpugo: doesn't show hand 
*** SUMMARY ***
Total pot $0.05 | Rake $0 
Seat 1: Karim84-berlin (big blind) folded before Flop
Seat 2: Snägärdi folded before Flop (didn't bet)
Seat 3: PitBooLIK folded before Flop (didn't bet)
Seat 4: Lorpugo (button) collected ($0.05)
Seat 6: s1sifo (small blind) folded before Flop



PokerStars Hand #239471057487:  Hold'em No Limit ($0.01/$0.02 USD) - 2022/10/26 16:46:00 ET
Table 'Algoa III' 6-max Seat #6 is the button
Seat 1: Karim84-berlin ($2.05 in chips) 
Seat 2: Snägärdi ($1.08 in chips) 
Seat 3: PitBooLIK ($2.53 in chips) 
Seat 4: Lorpugo ($1.95 in chips) 
Seat 5: lejoyeuxluro ($0.80 in chips) 
Seat 6: s1sifo ($2.12 in chips) 
Karim84-berlin: posts small blind $0.01
Snägärdi: posts big blind $0.02
lejoyeuxluro: posts big blind $0.02
*** HOLE CARDS ***
Dealt to Lorpugo [8d Jd]
PitBooLIK: folds 
Lorpugo: calls $0.02
lejoyeuxluro: checks 
s1sifo: raises $0.10 to $0.12
Karim84-berlin: folds 
Snägärdi: folds 
Lorpugo: calls $0.10
lejoyeuxluro: folds 
*** FLOP *** [5d 7d Ad]
Lorpugo: checks 
s1sifo: checks 
*** TURN *** [5d 7d Ad] [2d]
Lorpugo: bets $0.18
s1sifo: folds 
Uncalled bet ($0.18) returned to Lorpugo
Lorpugo collected $0.28 from pot
Lorpugo: doesn't show hand 
*** SUMMARY ***
Total pot $0.29 | Rake $0.01 
Board [5d 7d Ad 2d]
Seat 1: Karim84-berlin (small blind) folded before Flop
Seat 2: Snägärdi (big blind) folded before Flop
Seat 3: PitBooLIK folded before Flop (didn't bet)
Seat 4: Lorpugo collected ($0.28)
Seat 5: lejoyeuxluro folded before Flop (didn't bet)
Seat 6: s1sifo (button) folded on the Turn



PokerStars Hand #239471071188:  Hold'em No Limit ($0.01/$0.02 USD) - 2022/10/26 16:46:36 ET
Table 'Algoa III' 6-max Seat #1 is the button
Seat 1: Karim84-berlin ($2.04 in chips) 
Seat 2: Snägärdi ($1.06 in chips) 
Seat 3: PitBooLIK ($2.53 in chips) 
Seat 4: Lorpugo ($2.11 in chips) 
Seat 5: lejoyeuxluro ($0.78 in chips) 
Seat 6: s1sifo ($2 in chips) 
Snägärdi: posts small blind $0.01
PitBooLIK: posts big blind $0.02
*** HOLE CARDS ***
Dealt to Lorpugo [Kd Ad]
Lorpugo: raises $0.04 to $0.06
lejoyeuxluro: folds 
s1sifo: folds 
Karim84-berlin: folds 
Snägärdi: calls $0.05
PitBooLIK: folds 
*** FLOP *** [Th 3h As]
Snägärdi: bets $0.07
Lorpugo: raises $0.18 to $0.25
Snägärdi: folds 
Uncalled bet ($0.18) returned to Lorpugo
Lorpugo collected $0.27 from pot
Lorpugo: doesn't show hand 
*** SUMMARY ***
Total pot $0.28 | Rake $0.01 
Board [Th 3h As]
Seat 1: Karim84-berlin (button) folded before Flop (didn't bet)
Seat 2: Snägärdi (small blind) folded on the Flop
Seat 3: PitBooLIK (big blind) folded before Flop
Seat 4: Lorpugo collected ($0.27)
Seat 5: lejoyeuxluro folded before Flop (didn't bet)
Seat 6: s1sifo folded before Flop (didn't bet)



PokerStars Hand #239471081192:  Hold'em No Limit ($0.01/$0.02 USD) - 2022/10/26 16:47:03 ET
Table 'Algoa III' 6-max Seat #2 is the button
Seat 1: Karim84-berlin ($2.04 in chips) 
Seat 2: Snägärdi ($0.93 in chips) 
Seat 3: PitBooLIK ($2.51 in chips) 
Seat 4: Lorpugo ($2.25 in chips) 
Seat 5: lejoyeuxluro ($0.78 in chips) 
Seat 6: s1sifo ($2 in chips) 
PitBooLIK: posts small blind $0.01
Lorpugo: posts big blind $0.02
*** HOLE CARDS ***
Dealt to Lorpugo [4d 2s]
lejoyeuxluro: folds 
s1sifo: folds 
Karim84-berlin: calls $0.02
Snägärdi: folds 
PitBooLIK: folds 
Lorpugo: checks 
*** FLOP *** [Tc Js Qs]
Lorpugo: checks 
Karim84-berlin: bets $0.04
Lorpugo: folds 
Uncalled bet ($0.04) returned to Karim84-berlin
Karim84-berlin collected $0.05 from pot
Karim84-berlin: shows [Kd 9d] (a straight, Nine to King)
*** SUMMARY ***
Total pot $0.05 | Rake $0 
Board [Tc Js Qs]
Seat 1: Karim84-berlin collected ($0.05)
Seat 2: Snägärdi (button) folded before Flop (didn't bet)
Seat 3: PitBooLIK (small blind) folded before Flop
Seat 4: Lorpugo (big blind) folded on the Flop
Seat 5: lejoyeuxluro folded before Flop (didn't bet)
Seat 6: s1sifo folded before Flop (didn't bet)



PokerStars Hand #239471087944:  Hold'em No Limit ($0.01/$0.02 USD) - 2022/10/26 16:47:21 ET
Table 'Algoa III' 6-max Seat #3 is the button
Seat 1: Karim84-berlin ($2.07 in chips) 
Seat 2: Snägärdi ($0.93 in chips) 
Seat 3: PitBooLIK ($2.50 in chips) 
Seat 4: Lorpugo ($2.23 in chips) 
Seat 5: lejoyeuxluro ($0.78 in chips) 
Seat 6: s1sifo ($2 in chips) 
Lorpugo: posts small blind $0.01
lejoyeuxluro: posts big blind $0.02
*** HOLE CARDS ***
Dealt to Lorpugo [Jd 3s]
s1sifo: folds 
Karim84-berlin: folds 
Snägärdi: folds 
PitBooLIK: folds 
Lorpugo: folds 
Uncalled bet ($0.01) returned to lejoyeuxluro
lejoyeuxluro collected $0.02 from pot
lejoyeuxluro: doesn't show hand 
*** SUMMARY ***
Total pot $0.02 | Rake $0 
Seat 1: Karim84-berlin folded before Flop (didn't bet)
Seat 2: Snägärdi folded before Flop (didn't bet)
Seat 3: PitBooLIK (button) folded before Flop (didn't bet)
Seat 4: Lorpugo (small blind) folded before Flop
Seat 5: lejoyeuxluro (big blind) collected ($0.02)
Seat 6: s1sifo folded before Flop (didn't bet)



PokerStars Hand #239471092626:  Hold'em No Limit ($0.01/$0.02 USD) - 2022/10/26 16:47:34 ET
Table 'Algoa III' 6-max Seat #4 is the button
Seat 1: Karim84-berlin ($2.07 in chips) 
Seat 2: Snägärdi ($0.93 in chips) 
Seat 3: PitBooLIK ($2.50 in chips) 
Seat 4: Lorpugo ($2.22 in chips) 
Seat 5: lejoyeuxluro ($0.79 in chips) 
Seat 6: s1sifo ($2 in chips) 
lejoyeuxluro: posts small blind $0.01
s1sifo: posts big blind $0.02
*** HOLE CARDS ***
Dealt to Lorpugo [7s Qh]
Karim84-berlin: folds 
Snägärdi: raises $0.02 to $0.04
PitBooLIK: folds 
Lorpugo: folds 
lejoyeuxluro: folds 
s1sifo: folds 
Uncalled bet ($0.02) returned to Snägärdi
Snägärdi collected $0.05 from pot
Snägärdi: doesn't show hand 
*** SUMMARY ***
Total pot $0.05 | Rake $0 
Seat 1: Karim84-berlin folded before Flop (didn't bet)
Seat 2: Snägärdi collected ($0.05)
Seat 3: PitBooLIK folded before Flop (didn't bet)
Seat 4: Lorpugo (button) folded before Flop (didn't bet)
Seat 5: lejoyeuxluro (small blind) folded before Flop
Seat 6: s1sifo (big blind) folded before Flop



PokerStars Hand #239471100061:  Hold'em No Limit ($0.01/$0.02 USD) - 2022/10/26 16:47:54 ET
Table 'Algoa III' 6-max Seat #5 is the button
Seat 1: Karim84-berlin ($2.07 in chips) 
Seat 2: Snägärdi ($0.96 in chips) 
Seat 3: PitBooLIK ($2.50 in chips) 
Seat 4: Lorpugo ($2.22 in chips) 
Seat 5: lejoyeuxluro ($0.78 in chips) 
Seat 6: s1sifo ($2 in chips) 
s1sifo: posts small blind $0.01
Karim84-berlin: posts big blind $0.02
*** HOLE CARDS ***
Dealt to Lorpugo [Kh 4c]
Snägärdi: folds 
PitBooLIK: folds 
Lorpugo: folds 
lejoyeuxluro: folds 
s1sifo: raises $0.04 to $0.06
Karim84-berlin: raises $0.06 to $0.12
s1sifo: calls $0.06
*** FLOP *** [8h Jd 4d]
s1sifo: checks 
Karim84-berlin: bets $0.20
s1sifo: calls $0.20
*** TURN *** [8h Jd 4d] [6c]
s1sifo: checks 
Karim84-berlin: bets $0.62
s1sifo: folds 
Uncalled bet ($0.62) returned to Karim84-berlin
Karim84-berlin collected $0.62 from pot
*** SUMMARY ***
Total pot $0.64 | Rake $0.02 
Board [8h Jd 4d 6c]
Seat 1: Karim84-berlin (big blind) collected ($0.62)
Seat 2: Snägärdi folded before Flop (didn't bet)
Seat 3: PitBooLIK folded before Flop (didn't bet)
Seat 4: Lorpugo folded before Flop (didn't bet)
Seat 5: lejoyeuxluro (button) folded before Flop (didn't bet)
Seat 6: s1sifo (small blind) folded on the Turn



PokerStars Hand #239471115941:  Hold'em No Limit ($0.01/$0.02 USD) - 2022/10/26 16:48:37 ET
Table 'Algoa III' 6-max Seat #6 is the button
Seat 1: Karim84-berlin ($2.37 in chips) 
Seat 2: Snägärdi ($0.96 in chips) 
Seat 3: PitBooLIK ($2.50 in chips) 
Seat 4: Lorpugo ($2.22 in chips) 
Seat 5: lejoyeuxluro ($0.78 in chips) 
Seat 6: s1sifo ($2 in chips) 
Karim84-berlin: posts small blind $0.01
Snägärdi: posts big blind $0.02
*** HOLE CARDS ***
Dealt to Lorpugo [Tc 3h]
PitBooLIK: folds 
Lorpugo: folds 
lejoyeuxluro: raises $0.06 to $0.08
s1sifo: folds 
Karim84-berlin: folds 
Snägärdi: calls $0.06
*** FLOP *** [5c Kc 6s]
Snägärdi: bets $0.08
lejoyeuxluro: calls $0.08
*** TURN *** [5c Kc 6s] [2h]
Snägärdi: bets $0.16
lejoyeuxluro: raises $0.46 to $0.62 and is all-in
Snägärdi: calls $0.46
*** RIVER *** [5c Kc 6s 2h] [5h]
*** SHOW DOWN ***
Snägärdi: shows [7c 8c] (a pair of Fives)
lejoyeuxluro: shows [Jd Jh] (two pair, Jacks and Fives)
lejoyeuxluro collected $1.52 from pot
*** SUMMARY ***
Total pot $1.57 | Rake $0.05 
Board [5c Kc 6s 2h 5h]
Seat 1: Karim84-berlin (small blind) folded before Flop
Seat 2: Snägärdi (big blind) showed [7c 8c] and lost with a pair of Fives
Seat 3: PitBooLIK folded before Flop (didn't bet)
Seat 4: Lorpugo folded before Flop (didn't bet)
Seat 5: lejoyeuxluro showed [Jd Jh] and won ($1.52) with two pair, Jacks and Fives
Seat 6: s1sifo (button) folded before Flop (didn't bet)



PokerStars Hand #239471133342:  Hold'em No Limit ($0.01/$0.02 USD) - 2022/10/26 16:49:25 ET
Table 'Algoa III' 6-max Seat #1 is the button
Seat 1: Karim84-berlin ($2.36 in chips) 
Seat 2: Snägärdi ($0.18 in chips) 
Seat 3: PitBooLIK ($2.50 in chips) 
Seat 4: Lorpugo ($2.22 in chips) 
Seat 5: lejoyeuxluro ($1.52 in chips) 
Seat 6: s1sifo ($2 in chips) 
Snägärdi: posts small blind $0.01
PitBooLIK: posts big blind $0.02
*** HOLE CARDS ***
Dealt to Lorpugo [5d 9d]
Lorpugo: folds 
lejoyeuxluro: folds 
s1sifo: folds 
Karim84-berlin: folds 
Snägärdi: folds 
Uncalled bet ($0.01) returned to PitBooLIK
PitBooLIK collected $0.02 from pot
PitBooLIK: doesn't show hand 
*** SUMMARY ***
Total pot $0.02 | Rake $0 
Seat 1: Karim84-berlin (button) folded before Flop (didn't bet)
Seat 2: Snägärdi (small blind) folded before Flop
Seat 3: PitBooLIK (big blind) collected ($0.02)
Seat 4: Lorpugo folded before Flop (didn't bet)
Seat 5: lejoyeuxluro folded before Flop (didn't bet)
Seat 6: s1sifo folded before Flop (didn't bet)



PokerStars Hand #239471139724:  Hold'em No Limit ($0.01/$0.02 USD) - 2022/10/26 16:49:42 ET
Table 'Algoa III' 6-max Seat #2 is the button
Seat 1: Karim84-berlin ($2.36 in chips) 
Seat 2: Snägärdi ($1.17 in chips) 
Seat 3: PitBooLIK ($2.51 in chips) 
Seat 4: Lorpugo ($2.22 in chips) 
Seat 5: lejoyeuxluro ($1.52 in chips) 
Seat 6: s1sifo ($2 in chips) 
PitBooLIK: posts small blind $0.01
Lorpugo: posts big blind $0.02
*** HOLE CARDS ***
Dealt to Lorpugo [Tc 6d]
lejoyeuxluro: calls $0.02
s1sifo: folds 
Karim84-berlin: calls $0.02
Snägärdi: folds 
PitBooLIK: folds 
Lorpugo: checks 
*** FLOP *** [Ah 7c Ad]
Lorpugo: checks 
lejoyeuxluro: bets $0.04
Karim84-berlin: folds 
Lorpugo: folds 
Uncalled bet ($0.04) returned to lejoyeuxluro
lejoyeuxluro collected $0.07 from pot
lejoyeuxluro: doesn't show hand 
*** SUMMARY ***
Total pot $0.07 | Rake $0 
Board [Ah 7c Ad]
Seat 1: Karim84-berlin folded on the Flop
Seat 2: Snägärdi (button) folded before Flop (didn't bet)
Seat 3: PitBooLIK (small blind) folded before Flop
Seat 4: Lorpugo (big blind) folded on the Flop
Seat 5: lejoyeuxluro collected ($0.07)
Seat 6: s1sifo folded before Flop (didn't bet)



PokerStars Hand #239471156305:  Hold'em No Limit ($0.01/$0.02 USD) - 2022/10/26 16:50:27 ET
Table 'Algoa III' 6-max Seat #3 is the button
Seat 1: Karim84-berlin ($2.34 in chips) 
Seat 2: Snägärdi ($1.17 in chips) 
Seat 3: PitBooLIK ($2.50 in chips) 
Seat 4: Lorpugo ($2.20 in chips) 
Seat 5: lejoyeuxluro ($1.57 in chips) 
Seat 6: s1sifo ($2 in chips) 
Lorpugo: posts small blind $0.01
lejoyeuxluro: posts big blind $0.02
*** HOLE CARDS ***
Dealt to Lorpugo [3s 5s]
s1sifo: folds 
Karim84-berlin: folds 
Snägärdi: calls $0.02
PitBooLIK: folds 
Lorpugo: calls $0.01
lejoyeuxluro: checks 
*** FLOP *** [Tc Kd 2h]
Lorpugo: checks 
lejoyeuxluro: checks 
Snägärdi: checks 
*** TURN *** [Tc Kd 2h] [9s]
Lorpugo: checks 
lejoyeuxluro: bets $0.04
Snägärdi: folds 
Lorpugo: folds 
Uncalled bet ($0.04) returned to lejoyeuxluro
lejoyeuxluro collected $0.06 from pot
lejoyeuxluro: doesn't show hand 
*** SUMMARY ***
Total pot $0.06 | Rake $0 
Board [Tc Kd 2h 9s]
Seat 1: Karim84-berlin folded before Flop (didn't bet)
Seat 2: Snägärdi folded on the Turn
Seat 3: PitBooLIK (button) folded before Flop (didn't bet)
Seat 4: Lorpugo (small blind) folded on the Turn
Seat 5: lejoyeuxluro (big blind) collected ($0.06)
Seat 6: s1sifo folded before Flop (didn't bet)



PokerStars Hand #239471172943:  Hold'em No Limit ($0.01/$0.02 USD) - 2022/10/26 16:51:13 ET
Table 'Algoa III' 6-max Seat #4 is the button
Seat 1: Karim84-berlin ($2.34 in chips) 
Seat 2: Snägärdi ($1.15 in chips) 
Seat 3: PitBooLIK ($2.50 in chips) 
Seat 4: Lorpugo ($2.18 in chips) 
Seat 5: lejoyeuxluro ($1.61 in chips) 
Seat 6: s1sifo ($2 in chips) 
lejoyeuxluro: posts small blind $0.01
s1sifo: posts big blind $0.02
*** HOLE CARDS ***
Dealt to Lorpugo [Ac 4s]
Karim84-berlin has timed out
Karim84-berlin: folds 
Snägärdi: folds 
PitBooLIK: raises $0.03 to $0.05
Lorpugo: raises $0.13 to $0.18
lejoyeuxluro: folds 
s1sifo: folds 
PitBooLIK: raises $0.36 to $0.54
Lorpugo: folds 
Uncalled bet ($0.36) returned to PitBooLIK
PitBooLIK collected $0.39 from pot
PitBooLIK: doesn't show hand 
*** SUMMARY ***
Total pot $0.39 | Rake $0 
Seat 1: Karim84-berlin folded before Flop (didn't bet)
Seat 2: Snägärdi folded before Flop (didn't bet)
Seat 3: PitBooLIK collected ($0.39)
Seat 4: Lorpugo (button) folded before Flop
Seat 5: lejoyeuxluro (small blind) folded before Flop
Seat 6: s1sifo (big blind) folded before Flop



PokerStars Hand #239471188056:  Hold'em No Limit ($0.01/$0.02 USD) - 2022/10/26 16:51:54 ET
Table 'Algoa III' 6-max Seat #5 is the button
Seat 2: Snägärdi ($1.15 in chips) 
Seat 3: PitBooLIK ($2.71 in chips) 
Seat 4: Lorpugo ($2 in chips) 
Seat 5: lejoyeuxluro ($1.60 in chips) 
Seat 6: s1sifo ($2 in chips) 
s1sifo: posts small blind $0.01
Snägärdi: posts big blind $0.02
*** HOLE CARDS ***
Dealt to Lorpugo [Ks 2d]
PitBooLIK: folds 
Lorpugo: folds 
lejoyeuxluro: calls $0.02
s1sifo: raises $0.08 to $0.10
Snägärdi: calls $0.08
lejoyeuxluro: folds 
*** FLOP *** [5d 2s 3c]
s1sifo: checks 
Snägärdi: checks 
*** TURN *** [5d 2s 3c] [9h]
s1sifo: checks 
Snägärdi: bets $0.11
s1sifo: folds 
Uncalled bet ($0.11) returned to Snägärdi
Snägärdi collected $0.21 from pot
Snägärdi: doesn't show hand 
*** SUMMARY ***
Total pot $0.22 | Rake $0.01 
Board [5d 2s 3c 9h]
Seat 2: Snägärdi (big blind) collected ($0.21)
Seat 3: PitBooLIK folded before Flop (didn't bet)
Seat 4: Lorpugo folded before Flop (didn't bet)
Seat 5: lejoyeuxluro (button) folded before Flop
Seat 6: s1sifo (small blind) folded on the Turn



PokerStars Hand #239471196114:  Hold'em No Limit ($0.01/$0.02 USD) - 2022/10/26 16:52:16 ET
Table 'Algoa III' 6-max Seat #6 is the button
Seat 2: Snägärdi ($1.26 in chips) 
Seat 3: PitBooLIK ($2.71 in chips) 
Seat 4: Lorpugo ($2 in chips) 
Seat 5: lejoyeuxluro ($1.58 in chips) 
Seat 6: s1sifo ($2 in chips) 
Snägärdi: posts small blind $0.01
PitBooLIK: posts big blind $0.02
*** HOLE CARDS ***
Dealt to Lorpugo [5h Td]
Lorpugo: folds 
lejoyeuxluro: folds 
s1sifo: raises $0.03 to $0.05
Snägärdi: folds 
PitBooLIK: folds 
Uncalled bet ($0.03) returned to s1sifo
Karim84-berlin leaves the table
s1sifo collected $0.05 from pot
s1sifo: doesn't show hand 
*** SUMMARY ***
Total pot $0.05 | Rake $0 
Seat 2: Snägärdi (small blind) folded before Flop
Seat 3: PitBooLIK (big blind) folded before Flop
Seat 4: Lorpugo folded before Flop (didn't bet)
Seat 5: lejoyeuxluro folded before Flop (didn't bet)
Seat 6: s1sifo (button) collected ($0.05)



PokerStars Hand #239471200450:  Hold'em No Limit ($0.01/$0.02 USD) - 2022/10/26 16:52:29 ET
Table 'Algoa III' 6-max Seat #2 is the button
Seat 2: Snägärdi ($1.25 in chips) 
Seat 3: PitBooLIK ($2.69 in chips) 
Seat 4: Lorpugo ($2 in chips) 
Seat 5: lejoyeuxluro ($1.58 in chips) 
Seat 6: s1sifo ($2.03 in chips) 
PitBooLIK: posts small blind $0.01
Lorpugo: posts big blind $0.02
*** HOLE CARDS ***
Dealt to Lorpugo [4c 9h]
lejoyeuxluro: folds 
s1sifo: folds 
Snägärdi: folds 
PitBooLIK: raises $0.03 to $0.05
wwqsdhr862 joins the table at seat #1 
Lorpugo: folds 
Uncalled bet ($0.03) returned to PitBooLIK
PitBooLIK collected $0.04 from pot
PitBooLIK: doesn't show hand 
*** SUMMARY ***
Total pot $0.04 | Rake $0 
Seat 2: Snägärdi (button) folded before Flop (didn't bet)
Seat 3: PitBooLIK (small blind) collected ($0.04)
Seat 4: Lorpugo (big blind) folded before Flop
Seat 5: lejoyeuxluro folded before Flop (didn't bet)
Seat 6: s1sifo folded before Flop (didn't bet)



PokerStars Hand #239471205496:  Hold'em No Limit ($0.01/$0.02 USD) - 2022/10/26 16:52:43 ET
Table 'Algoa III' 6-max Seat #3 is the button
Seat 2: Snägärdi ($1.25 in chips) 
Seat 3: PitBooLIK ($2.71 in chips) 
Seat 4: Lorpugo ($1.98 in chips) 
Seat 5: lejoyeuxluro ($1.58 in chips) 
Seat 6: s1sifo ($2.03 in chips) 
Lorpugo: posts small blind $0.01
lejoyeuxluro: posts big blind $0.02
wwqsdhr862: sits out 
*** HOLE CARDS ***
Dealt to Lorpugo [Js 7d]
s1sifo: folds 
Snägärdi: folds 
PitBooLIK: raises $0.03 to $0.05
Lorpugo: folds 
lejoyeuxluro: calls $0.03
*** FLOP *** [3d Kh 6d]
lejoyeuxluro: bets $0.06
PitBooLIK: calls $0.06
*** TURN *** [3d Kh 6d] [Qs]
lejoyeuxluro: bets $0.11
PitBooLIK: raises $0.23 to $0.34
lejoyeuxluro: calls $0.23
*** RIVER *** [3d Kh 6d Qs] [6s]
lejoyeuxluro: checks 
PitBooLIK: checks 
*** SHOW DOWN ***
lejoyeuxluro: shows [Td Qd] (two pair, Queens and Sixes)
PitBooLIK: shows [Ks 5s] (two pair, Kings and Sixes)
PitBooLIK collected $0.88 from pot
*** SUMMARY ***
Total pot $0.91 | Rake $0.03 
Board [3d Kh 6d Qs 6s]
Seat 2: Snägärdi folded before Flop (didn't bet)
Seat 3: PitBooLIK (button) showed [Ks 5s] and won ($0.88) with two pair, Kings and Sixes
Seat 4: Lorpugo (small blind) folded before Flop
Seat 5: lejoyeuxluro (big blind) showed [Td Qd] and lost with two pair, Queens and Sixes
Seat 6: s1sifo folded before Flop (didn't bet)



PokerStars Hand #239471230479:  Hold'em No Limit ($0.01/$0.02 USD) - 2022/10/26 16:53:52 ET
Table 'Algoa III' 6-max Seat #4 is the button
Seat 2: Snägärdi ($1.25 in chips) 
Seat 3: PitBooLIK ($3.14 in chips) 
Seat 4: Lorpugo ($1.97 in chips) 
Seat 5: lejoyeuxluro ($1.13 in chips) 
Seat 6: s1sifo ($2.03 in chips) 
lejoyeuxluro: posts small blind $0.01
s1sifo: posts big blind $0.02
wwqsdhr862: sits out 
*** HOLE CARDS ***
Dealt to Lorpugo [5s Kc]
Snägärdi: folds 
PitBooLIK: folds 
Lorpugo has timed out
Lorpugo: folds 
lejoyeuxluro: calls $0.01
s1sifo: checks 
*** FLOP *** [9s 2s Js]
lejoyeuxluro: bets $0.04
s1sifo: calls $0.04
*** TURN *** [9s 2s Js] [8s]
lejoyeuxluro: checks 
s1sifo: checks 
*** RIVER *** [9s 2s Js 8s] [2d]
lejoyeuxluro: checks 
s1sifo: bets $0.04
lejoyeuxluro: calls $0.04
*** SHOW DOWN ***
s1sifo: shows [7s 9c] (a flush, Jack high)
lejoyeuxluro: mucks hand 
s1sifo collected $0.19 from pot
*** SUMMARY ***
Total pot $0.20 | Rake $0.01 
Board [9s 2s Js 8s 2d]
Seat 2: Snägärdi folded before Flop (didn't bet)
Seat 3: PitBooLIK folded before Flop (didn't bet)
Seat 4: Lorpugo (button) folded before Flop (didn't bet)
Seat 5: lejoyeuxluro (small blind) mucked [Qh 8d]
Seat 6: s1sifo (big blind) showed [7s 9c] and won ($0.19) with a flush, Jack high



PokerStars Hand #239471248665:  Hold'em No Limit ($0.01/$0.02 USD) - 2022/10/26 16:54:43 ET
Table 'Algoa III' 6-max Seat #5 is the button
Seat 1: wwqsdhr862 ($2 in chips) 
Seat 2: Snägärdi ($1.25 in chips) 
Seat 3: PitBooLIK ($3.14 in chips) 
Seat 4: Lorpugo ($1.97 in chips) 
Seat 5: lejoyeuxluro ($1.03 in chips) 
Seat 6: s1sifo ($2.12 in chips) 
s1sifo: posts small blind $0.01
wwqsdhr862: posts big blind $0.02
*** HOLE CARDS ***
Dealt to Lorpugo [Qs 8d]
Snägärdi: folds 
PitBooLIK: raises $0.03 to $0.05
Lorpugo: folds 
lejoyeuxluro: calls $0.05
s1sifo: folds 
wwqsdhr862: folds 
*** FLOP *** [Kd 6s Tc]
PitBooLIK: checks 
lejoyeuxluro: bets $0.04
PitBooLIK: calls $0.04
*** TURN *** [Kd 6s Tc] [2c]
PitBooLIK: checks 
lejoyeuxluro: bets $0.10
PitBooLIK: calls $0.10
*** RIVER *** [Kd 6s Tc 2c] [3s]
PitBooLIK: checks 
lejoyeuxluro: checks 
*** SHOW DOWN ***
PitBooLIK: shows [Jh Qh] (high card King)
lejoyeuxluro: shows [Ah Qd] (high card Ace)
lejoyeuxluro collected $0.40 from pot
*** SUMMARY ***
Total pot $0.41 | Rake $0.01 
Board [Kd 6s Tc 2c 3s]
Seat 1: wwqsdhr862 (big blind) folded before Flop
Seat 2: Snägärdi folded before Flop (didn't bet)
Seat 3: PitBooLIK showed [Jh Qh] and lost with high card King
Seat 4: Lorpugo folded before Flop (didn't bet)
Seat 5: lejoyeuxluro (button) showed [Ah Qd] and won ($0.40) with high card Ace
Seat 6: s1sifo (small blind) folded before Flop



PokerStars Hand #239471261888:  Hold'em No Limit ($0.01/$0.02 USD) - 2022/10/26 16:55:22 ET
Table 'Algoa III' 6-max Seat #6 is the button
Seat 1: wwqsdhr862 ($1.98 in chips) 
Seat 2: Snägärdi ($1.25 in chips) 
Seat 3: PitBooLIK ($2.95 in chips) 
Seat 4: Lorpugo ($1.97 in chips) 
Seat 5: lejoyeuxluro ($1.24 in chips) 
Seat 6: s1sifo ($2.11 in chips) 
wwqsdhr862: posts small blind $0.01
Snägärdi: posts big blind $0.02
*** HOLE CARDS ***
Dealt to Lorpugo [5s Ad]
PitBooLIK: folds 
Lorpugo: folds 
lejoyeuxluro: calls $0.02
s1sifo: folds 
wwqsdhr862: raises $0.04 to $0.06
Snägärdi: calls $0.04
lejoyeuxluro: calls $0.04
*** FLOP *** [Qs Jd 3c]
wwqsdhr862: checks 
Snägärdi: checks 
lejoyeuxluro: checks 
*** TURN *** [Qs Jd 3c] [4c]
wwqsdhr862: checks 
Snägärdi: checks 
lejoyeuxluro: bets $0.04
wwqsdhr862: calls $0.04
Snägärdi: folds 
*** RIVER *** [Qs Jd 3c 4c] [Jc]
wwqsdhr862: checks 
lejoyeuxluro: checks 
*** SHOW DOWN ***
wwqsdhr862: shows [9d 9c] (two pair, Jacks and Nines)
lejoyeuxluro: mucks hand 
wwqsdhr862 collected $0.25 from pot
*** SUMMARY ***
Total pot $0.26 | Rake $0.01 
Board [Qs Jd 3c 4c Jc]
Seat 1: wwqsdhr862 (small blind) showed [9d 9c] and won ($0.25) with two pair, Jacks and Nines
Seat 2: Snägärdi (big blind) folded on the Turn
Seat 3: PitBooLIK folded before Flop (didn't bet)
Seat 4: Lorpugo folded before Flop (didn't bet)
Seat 5: lejoyeuxluro mucked [2d 5c]
Seat 6: s1sifo (button) folded before Flop (didn't bet)



PokerStars Hand #239471276444:  Hold'em No Limit ($0.01/$0.02 USD) - 2022/10/26 16:56:15 ET
Table 'Algoa III' 6-max Seat #1 is the button
Seat 1: wwqsdhr862 ($2.13 in chips) 
Seat 2: Snägärdi ($1.19 in chips) 
Seat 3: PitBooLIK ($2.95 in chips) 
Seat 4: Lorpugo ($1.97 in chips) 
Seat 5: lejoyeuxluro ($1.14 in chips) 
Seat 6: s1sifo ($2.11 in chips) 
Snägärdi: posts small blind $0.01
PitBooLIK: posts big blind $0.02
*** HOLE CARDS ***
Dealt to Lorpugo [4d Qd]
Lorpugo: folds 
lejoyeuxluro: folds 
s1sifo: folds 
wwqsdhr862: folds 
Snägärdi: folds 
Uncalled bet ($0.01) returned to PitBooLIK
PitBooLIK collected $0.02 from pot
PitBooLIK: doesn't show hand 
*** SUMMARY ***
Total pot $0.02 | Rake $0 
Seat 1: wwqsdhr862 (button) folded before Flop (didn't bet)
Seat 2: Snägärdi (small blind) folded before Flop
Seat 3: PitBooLIK (big blind) collected ($0.02)
Seat 4: Lorpugo folded before Flop (didn't bet)
Seat 5: lejoyeuxluro folded before Flop (didn't bet)
Seat 6: s1sifo folded before Flop (didn't bet)



PokerStars Hand #239471280140:  Hold'em No Limit ($0.01/$0.02 USD) - 2022/10/26 16:56:28 ET
Table 'Algoa III' 6-max Seat #2 is the button
Seat 1: wwqsdhr862 ($2.13 in chips) 
Seat 2: Snägärdi ($1.18 in chips) 
Seat 3: PitBooLIK ($2.96 in chips) 
Seat 4: Lorpugo ($1.97 in chips) 
Seat 5: lejoyeuxluro ($1.14 in chips) 
Seat 6: s1sifo ($2.11 in chips) 
PitBooLIK: posts small blind $0.01
Lorpugo: posts big blind $0.02
*** HOLE CARDS ***
Dealt to Lorpugo [7c Qc]
lejoyeuxluro: calls $0.02
s1sifo: folds 
wwqsdhr862: folds 
Snägärdi: folds 
PitBooLIK: folds 
Lorpugo: checks 
*** FLOP *** [As 5d 8d]
Lorpugo: checks 
lejoyeuxluro: checks 
*** TURN *** [As 5d 8d] [4s]
Lorpugo: checks 
lejoyeuxluro: checks 
*** RIVER *** [As 5d 8d 4s] [Qh]
Lorpugo: bets $0.05
lejoyeuxluro: folds 
Uncalled bet ($0.05) returned to Lorpugo
Lorpugo collected $0.05 from pot
Lorpugo: doesn't show hand 
*** SUMMARY ***
Total pot $0.05 | Rake $0 
Board [As 5d 8d 4s Qh]
Seat 1: wwqsdhr862 folded before Flop (didn't bet)
Seat 2: Snägärdi (button) folded before Flop (didn't bet)
Seat 3: PitBooLIK (small blind) folded before Flop
Seat 4: Lorpugo (big blind) collected ($0.05)
Seat 5: lejoyeuxluro folded on the River
Seat 6: s1sifo folded before Flop (didn't bet)



PokerStars Hand #239471292101:  Hold'em No Limit ($0.01/$0.02 USD) - 2022/10/26 16:57:12 ET
Table 'Algoa III' 6-max Seat #3 is the button
Seat 1: wwqsdhr862 ($2.13 in chips) 
Seat 2: Snägärdi ($1.18 in chips) 
Seat 3: PitBooLIK ($2.95 in chips) 
Seat 4: Lorpugo ($2 in chips) 
Seat 5: lejoyeuxluro ($1.12 in chips) 
Seat 6: s1sifo ($2.11 in chips) 
Lorpugo: posts small blind $0.01
lejoyeuxluro: posts big blind $0.02
*** HOLE CARDS ***
Dealt to Lorpugo [Kc 7d]
s1sifo: folds 
wwqsdhr862: folds 
Snägärdi: folds 
PitBooLIK: folds 
Lorpugo: raises $0.04 to $0.06
lejoyeuxluro: calls $0.04
*** FLOP *** [8c Ad Jc]
Lorpugo: checks 
lejoyeuxluro: bets $0.06
Lorpugo: folds 
Uncalled bet ($0.06) returned to lejoyeuxluro
lejoyeuxluro collected $0.12 from pot
lejoyeuxluro: doesn't show hand 
*** SUMMARY ***
Total pot $0.12 | Rake $0 
Board [8c Ad Jc]
Seat 1: wwqsdhr862 folded before Flop (didn't bet)
Seat 2: Snägärdi folded before Flop (didn't bet)
Seat 3: PitBooLIK (button) folded before Flop (didn't bet)
Seat 4: Lorpugo (small blind) folded on the Flop
Seat 5: lejoyeuxluro (big blind) collected ($0.12)
Seat 6: s1sifo folded before Flop (didn't bet)



PokerStars Hand #239471301136:  Hold'em No Limit ($0.01/$0.02 USD) - 2022/10/26 16:57:45 ET
Table 'Algoa III' 6-max Seat #4 is the button
Seat 1: wwqsdhr862 ($2.13 in chips) 
Seat 2: Snägärdi ($1.18 in chips) 
Seat 3: PitBooLIK ($2.95 in chips) 
Seat 4: Lorpugo ($1.94 in chips) 
Seat 5: lejoyeuxluro ($1.18 in chips) 
Seat 6: s1sifo ($2.11 in chips) 
lejoyeuxluro: posts small blind $0.01
s1sifo: posts big blind $0.02
*** HOLE CARDS ***
Dealt to Lorpugo [2c Jh]
wwqsdhr862: folds 
Snägärdi: folds 
PitBooLIK: folds 
Lorpugo: folds 
lejoyeuxluro: raises $0.02 to $0.04
s1sifo: raises $0.08 to $0.12
lejoyeuxluro: calls $0.08
*** FLOP *** [6s Qh Tc]
lejoyeuxluro: checks 
s1sifo: checks 
*** TURN *** [6s Qh Tc] [6d]
lejoyeuxluro: bets $0.12
s1sifo: folds 
Uncalled bet ($0.12) returned to lejoyeuxluro
lejoyeuxluro collected $0.23 from pot
lejoyeuxluro: doesn't show hand 
*** SUMMARY ***
Total pot $0.24 | Rake $0.01 
Board [6s Qh Tc 6d]
Seat 1: wwqsdhr862 folded before Flop (didn't bet)
Seat 2: Snägärdi folded before Flop (didn't bet)
Seat 3: PitBooLIK folded before Flop (didn't bet)
Seat 4: Lorpugo (button) folded before Flop (didn't bet)
Seat 5: lejoyeuxluro (small blind) collected ($0.23)
Seat 6: s1sifo (big blind) folded on the Turn



PokerStars Hand #239471314618:  Hold'em No Limit ($0.01/$0.02 USD) - 2022/10/26 16:58:34 ET
Table 'Algoa III' 6-max Seat #5 is the button
Seat 1: wwqsdhr862 ($2.13 in chips) 
Seat 2: Snägärdi ($1.18 in chips) 
Seat 3: PitBooLIK ($2.95 in chips) 
Seat 4: Lorpugo ($1.94 in chips) 
Seat 5: lejoyeuxluro ($1.29 in chips) 
Seat 6: s1sifo ($2 in chips) 
s1sifo: posts small blind $0.01
wwqsdhr862: posts big blind $0.02
*** HOLE CARDS ***
Dealt to Lorpugo [Ah As]
Snägärdi: calls $0.02
PitBooLIK: folds 
Lorpugo: raises $0.07 to $0.09
lejoyeuxluro: folds 
s1sifo: folds 
wwqsdhr862: folds 
Snägärdi: folds 
Uncalled bet ($0.07) returned to Lorpugo
Lorpugo collected $0.07 from pot
Lorpugo: doesn't show hand 
*** SUMMARY ***
Total pot $0.07 | Rake $0 
Seat 1: wwqsdhr862 (big blind) folded before Flop
Seat 2: Snägärdi folded before Flop
Seat 3: PitBooLIK folded before Flop (didn't bet)
Seat 4: Lorpugo collected ($0.07)
Seat 5: lejoyeuxluro (button) folded before Flop (didn't bet)
Seat 6: s1sifo (small blind) folded before Flop



PokerStars Hand #239471320997:  Hold'em No Limit ($0.01/$0.02 USD) - 2022/10/26 16:58:57 ET
Table 'Algoa III' 6-max Seat #6 is the button
Seat 1: wwqsdhr862 ($2.11 in chips) 
Seat 2: Snägärdi ($1.16 in chips) 
Seat 3: PitBooLIK ($2.95 in chips) 
Seat 4: Lorpugo ($1.99 in chips) 
Seat 5: lejoyeuxluro ($1.29 in chips) 
Seat 6: s1sifo ($2 in chips) 
wwqsdhr862: posts small blind $0.01
Snägärdi: posts big blind $0.02
*** HOLE CARDS ***
Dealt to Lorpugo [4d 8c]
PitBooLIK: raises $0.03 to $0.05
Lorpugo: folds 
lejoyeuxluro: calls $0.05
s1sifo: folds 
wwqsdhr862: calls $0.04
Snägärdi: calls $0.03
*** FLOP *** [Td 7h Ks]
wwqsdhr862: checks 
Snägärdi: checks 
PitBooLIK: bets $0.10
lejoyeuxluro: folds 
wwqsdhr862: calls $0.10
Snägärdi: calls $0.10
*** TURN *** [Td 7h Ks] [9s]
wwqsdhr862: checks 
Snägärdi: checks 
PitBooLIK: bets $0.35
wwqsdhr862: calls $0.35
Snägärdi: folds 
*** RIVER *** [Td 7h Ks 9s] [7s]
wwqsdhr862: checks 
PitBooLIK: bets $1.60
wwqsdhr862: calls $1.60
*** SHOW DOWN ***
PitBooLIK: shows [Ts Th] (a full house, Tens full of Sevens)
wwqsdhr862: mucks hand 
PitBooLIK collected $4.25 from pot
*** SUMMARY ***
Total pot $4.40 | Rake $0.15 
Board [Td 7h Ks 9s 7s]
Seat 1: wwqsdhr862 (small blind) mucked [8s Js]
Seat 2: Snägärdi (big blind) folded on the Turn
Seat 3: PitBooLIK showed [Ts Th] and won ($4.25) with a full house, Tens full of Sevens
Seat 4: Lorpugo folded before Flop (didn't bet)
Seat 5: lejoyeuxluro folded on the Flop
Seat 6: s1sifo (button) folded before Flop (didn't bet)



PokerStars Hand #239471354187:  Hold'em No Limit ($0.01/$0.02 USD) - 2022/10/26 17:00:54 ET
Table 'Algoa III' 6-max Seat #2 is the button
Seat 2: Snägärdi ($1.01 in chips) 
Seat 3: PitBooLIK ($5.10 in chips) 
Seat 4: Lorpugo ($1.99 in chips) 
Seat 5: lejoyeuxluro ($1.24 in chips) 
Seat 6: s1sifo ($2 in chips) 
PitBooLIK: posts small blind $0.01
Lorpugo: posts big blind $0.02
*** HOLE CARDS ***
Dealt to Lorpugo [5s Ts]
lejoyeuxluro: folds 
s1sifo: raises $0.04 to $0.06
Snägärdi: folds 
PitBooLIK: folds 
Lorpugo: folds 
Uncalled bet ($0.04) returned to s1sifo
s1sifo collected $0.05 from pot
s1sifo: doesn't show hand 
*** SUMMARY ***
Total pot $0.05 | Rake $0 
Seat 2: Snägärdi (button) folded before Flop (didn't bet)
Seat 3: PitBooLIK (small blind) folded before Flop
Seat 4: Lorpugo (big blind) folded before Flop
Seat 5: lejoyeuxluro folded before Flop (didn't bet)
Seat 6: s1sifo collected ($0.05)



PokerStars Hand #239471360676:  Hold'em No Limit ($0.01/$0.02 USD) - 2022/10/26 17:01:14 ET
Table 'Algoa III' 6-max Seat #3 is the button
Seat 1: wwqsdhr862 ($2 in chips) 
Seat 2: Snägärdi ($1.01 in chips) 
Seat 3: PitBooLIK ($5.09 in chips) 
Seat 4: Lorpugo ($1.97 in chips) 
Seat 5: lejoyeuxluro ($1.24 in chips) 
Seat 6: s1sifo ($2.03 in chips) 
Lorpugo: posts small blind $0.01
lejoyeuxluro: posts big blind $0.02
*** HOLE CARDS ***
Dealt to Lorpugo [7d Jh]
s1sifo: folds 
wwqsdhr862: raises $0.04 to $0.06
Snägärdi: calls $0.06
PitBooLIK: folds 
Lorpugo: folds 
lejoyeuxluro: folds 
*** FLOP *** [4c 6d 9c]
wwqsdhr862: checks 
Snägärdi: checks 
*** TURN *** [4c 6d 9c] [Ad]
wwqsdhr862: bets $0.07
Snägärdi: calls $0.07
*** RIVER *** [4c 6d 9c Ad] [Ts]
wwqsdhr862: checks 
Snägärdi: checks 
*** SHOW DOWN ***
wwqsdhr862: shows [5h Ac] (a pair of Aces)
Snägärdi: mucks hand 
wwqsdhr862 collected $0.28 from pot
*** SUMMARY ***
Total pot $0.29 | Rake $0.01 
Board [4c 6d 9c Ad Ts]
Seat 1: wwqsdhr862 showed [5h Ac] and won ($0.28) with a pair of Aces
Seat 2: Snägärdi mucked [Ks Tc]
Seat 3: PitBooLIK (button) folded before Flop (didn't bet)
Seat 4: Lorpugo (small blind) folded before Flop
Seat 5: lejoyeuxluro (big blind) folded before Flop
Seat 6: s1sifo folded before Flop (didn't bet)



PokerStars Hand #239471378907:  Hold'em No Limit ($0.01/$0.02 USD) - 2022/10/26 17:02:06 ET
Table 'Algoa III' 6-max Seat #4 is the button
Seat 1: wwqsdhr862 ($2.15 in chips) 
Seat 2: Snägärdi ($0.88 in chips) 
Seat 3: PitBooLIK ($5.09 in chips) 
Seat 4: Lorpugo ($1.96 in chips) 
Seat 5: lejoyeuxluro ($1.22 in chips) 
Seat 6: s1sifo ($2.03 in chips) 
lejoyeuxluro: posts small blind $0.01
s1sifo: posts big blind $0.02
*** HOLE CARDS ***
Dealt to Lorpugo [Jh 9c]
wwqsdhr862: folds 
Snägärdi: folds 
PitBooLIK: folds 
Lorpugo: raises $0.04 to $0.06
lejoyeuxluro: folds 
s1sifo: raises $0.18 to $0.24
Lorpugo: folds 
Uncalled bet ($0.18) returned to s1sifo
s1sifo collected $0.13 from pot
s1sifo: doesn't show hand 
*** SUMMARY ***
Total pot $0.13 | Rake $0 
Seat 1: wwqsdhr862 folded before Flop (didn't bet)
Seat 2: Snägärdi folded before Flop (didn't bet)
Seat 3: PitBooLIK folded before Flop (didn't bet)
Seat 4: Lorpugo (button) folded before Flop
Seat 5: lejoyeuxluro (small blind) folded before Flop
Seat 6: s1sifo (big blind) collected ($0.13)



PokerStars Hand #239471388251:  Hold'em No Limit ($0.01/$0.02 USD) - 2022/10/26 17:02:30 ET
Table 'Algoa III' 6-max Seat #5 is the button
Seat 1: wwqsdhr862 ($2.15 in chips) 
Seat 2: Snägärdi ($0.88 in chips) 
Seat 3: PitBooLIK ($5.09 in chips) 
Seat 4: Lorpugo ($1.90 in chips) 
Seat 5: lejoyeuxluro ($1.21 in chips) 
Seat 6: s1sifo ($2.10 in chips) 
s1sifo: posts small blind $0.01
wwqsdhr862: posts big blind $0.02
*** HOLE CARDS ***
Dealt to Lorpugo [Ks 6d]
Snägärdi: folds 
PitBooLIK: folds 
Lorpugo: folds 
lejoyeuxluro: folds 
s1sifo: folds 
Uncalled bet ($0.01) returned to wwqsdhr862
wwqsdhr862 collected $0.02 from pot
wwqsdhr862: doesn't show hand 
*** SUMMARY ***
Total pot $0.02 | Rake $0 
Seat 1: wwqsdhr862 (big blind) collected ($0.02)
Seat 2: Snägärdi folded before Flop (didn't bet)
Seat 3: PitBooLIK folded before Flop (didn't bet)
Seat 4: Lorpugo folded before Flop (didn't bet)
Seat 5: lejoyeuxluro (button) folded before Flop (didn't bet)
Seat 6: s1sifo (small blind) folded before Flop



PokerStars Hand #239471395857:  Hold'em No Limit ($0.01/$0.02 USD) - 2022/10/26 17:02:52 ET
Table 'Algoa III' 6-max Seat #6 is the button
Seat 1: wwqsdhr862 ($2.16 in chips) 
Seat 2: Snägärdi ($0.88 in chips) 
Seat 3: PitBooLIK ($5.09 in chips) 
Seat 4: Lorpugo ($1.90 in chips) 
Seat 5: lejoyeuxluro ($1.21 in chips) 
Seat 6: s1sifo ($2.09 in chips) 
wwqsdhr862: posts small blind $0.01
Snägärdi: posts big blind $0.02
*** HOLE CARDS ***
Dealt to Lorpugo [8c 8s]
PitBooLIK: folds 
Lorpugo: raises $0.04 to $0.06
lejoyeuxluro: folds 
s1sifo: folds 
s1sifo leaves the table
wwqsdhr862: calls $0.05
Eddy19281 joins the table at seat #6 
Snägärdi: folds 
*** FLOP *** [3s Qd 8d]
wwqsdhr862: bets $0.07
Lorpugo: raises $0.14 to $0.21
wwqsdhr862: calls $0.14
*** TURN *** [3s Qd 8d] [Jh]
wwqsdhr862: checks 
Lorpugo: bets $0.64
wwqsdhr862: calls $0.64
*** RIVER *** [3s Qd 8d Jh] [7h]
wwqsdhr862: checks 
Lorpugo: bets $0.99 and is all-in
wwqsdhr862: folds 
Uncalled bet ($0.99) returned to Lorpugo
Lorpugo collected $1.78 from pot
Lorpugo: doesn't show hand 
*** SUMMARY ***
Total pot $1.84 | Rake $0.06 
Board [3s Qd 8d Jh 7h]
Seat 1: wwqsdhr862 (small blind) folded on the River
Seat 2: Snägärdi (big blind) folded before Flop
Seat 3: PitBooLIK folded before Flop (didn't bet)
Seat 4: Lorpugo collected ($1.78)
Seat 5: lejoyeuxluro folded before Flop (didn't bet)
Seat 6: s1sifo (button) folded before Flop (didn't bet)



PokerStars Hand #239471421155:  Hold'em No Limit ($0.01/$0.02 USD) - 2022/10/26 17:04:01 ET
Table 'Algoa III' 6-max Seat #1 is the button
Seat 1: wwqsdhr862 ($1.25 in chips) 
Seat 2: Snägärdi ($0.86 in chips) 
Seat 3: PitBooLIK ($5.09 in chips) 
Seat 4: Lorpugo ($2.77 in chips) 
Seat 5: lejoyeuxluro ($1.21 in chips) 
Snägärdi: posts small blind $0.01
PitBooLIK: posts big blind $0.02
Eddy19281: sits out 
*** HOLE CARDS ***
Dealt to Lorpugo [Ad 9c]
Lorpugo: raises $0.02 to $0.04
lejoyeuxluro: raises $0.02 to $0.06
wwqsdhr862: folds 
Snägärdi: folds 
PitBooLIK: folds 
Lorpugo: calls $0.02
*** FLOP *** [5h 3s 5s]
Lorpugo: checks 
lejoyeuxluro: bets $0.06
Lorpugo: calls $0.06
*** TURN *** [5h 3s 5s] [Qd]
Lorpugo: checks 
lejoyeuxluro: bets $0.16
Lorpugo: folds 
Uncalled bet ($0.16) returned to lejoyeuxluro
lejoyeuxluro collected $0.26 from pot
lejoyeuxluro: doesn't show hand 
*** SUMMARY ***
Total pot $0.27 | Rake $0.01 
Board [5h 3s 5s Qd]
Seat 1: wwqsdhr862 (button) folded before Flop (didn't bet)
Seat 2: Snägärdi (small blind) folded before Flop
Seat 3: PitBooLIK (big blind) folded before Flop
Seat 4: Lorpugo folded on the Turn
Seat 5: lejoyeuxluro collected ($0.26)



PokerStars Hand #239471437501:  Hold'em No Limit ($0.01/$0.02 USD) - 2022/10/26 17:04:45 ET
Table 'Algoa III' 6-max Seat #2 is the button
Seat 1: wwqsdhr862 ($2 in chips) 
Seat 2: Snägärdi ($0.85 in chips) 
Seat 3: PitBooLIK ($5.07 in chips) 
Seat 4: Lorpugo ($2.65 in chips) 
Seat 5: lejoyeuxluro ($1.35 in chips) 
PitBooLIK: posts small blind $0.01
Lorpugo: posts big blind $0.02
Eddy19281: sits out 
*** HOLE CARDS ***
Dealt to Lorpugo [5c Ah]
lejoyeuxluro: calls $0.02
wwqsdhr862: folds 
Snägärdi: calls $0.02
PitBooLIK: folds 
Lorpugo: checks 
*** FLOP *** [8d 8c 9h]
Lorpugo: checks 
lejoyeuxluro: checks 
Snägärdi: bets $0.04
Lorpugo: folds 
lejoyeuxluro: calls $0.04
*** TURN *** [8d 8c 9h] [Td]
lejoyeuxluro: bets $0.06
Snägärdi: calls $0.06
*** RIVER *** [8d 8c 9h Td] [6s]
lejoyeuxluro: bets $0.20
Snägärdi: folds 
Uncalled bet ($0.20) returned to lejoyeuxluro
lejoyeuxluro collected $0.26 from pot
lejoyeuxluro: doesn't show hand 
*** SUMMARY ***
Total pot $0.27 | Rake $0.01 
Board [8d 8c 9h Td 6s]
Seat 1: wwqsdhr862 folded before Flop (didn't bet)
Seat 2: Snägärdi (button) folded on the River
Seat 3: PitBooLIK (small blind) folded before Flop
Seat 4: Lorpugo (big blind) folded on the Flop
Seat 5: lejoyeuxluro collected ($0.26)



PokerStars Hand #239471463577:  Hold'em No Limit ($0.01/$0.02 USD) - 2022/10/26 17:05:55 ET
Table 'Algoa III' 6-max Seat #3 is the button
Seat 1: wwqsdhr862 ($2 in chips) 
Seat 2: Snägärdi ($0.73 in chips) 
Seat 3: PitBooLIK ($5.06 in chips) 
Seat 4: Lorpugo ($2.63 in chips) 
Seat 5: lejoyeuxluro ($1.49 in chips) 
Lorpugo: posts small blind $0.01
lejoyeuxluro: posts big blind $0.02
Eddy19281: sits out 
*** HOLE CARDS ***
Dealt to Lorpugo [Js Jd]
wwqsdhr862: raises $0.04 to $0.06
Snägärdi: calls $0.06
PitBooLIK: folds 
Lorpugo: raises $0.20 to $0.26
lejoyeuxluro: folds 
wwqsdhr862: calls $0.20
Snägärdi: calls $0.20
*** FLOP *** [4d Qd 7h]
Lorpugo: checks 
wwqsdhr862: bets $0.32
Snägärdi: calls $0.32
Lorpugo: folds 
*** TURN *** [4d Qd 7h] [8h]
wwqsdhr862: checks 
Snägärdi: bets $0.15 and is all-in
wwqsdhr862: calls $0.15
*** RIVER *** [4d Qd 7h 8h] [7d]
*** SHOW DOWN ***
wwqsdhr862: shows [8s 9s] (two pair, Eights and Sevens)
Snägärdi: shows [Ac Qs] (two pair, Queens and Sevens)
Snägärdi collected $1.68 from pot
wwqsdhr862 cashed out the hand for $0.20
*** SUMMARY ***
Total pot $1.74 | Rake $0.06 
Board [4d Qd 7h 8h 7d]
Seat 1: wwqsdhr862 showed [8s 9s] and lost with two pair, Eights and Sevens (cashed out).
Seat 2: Snägärdi showed [Ac Qs] and won ($1.68) with two pair, Queens and Sevens
Seat 3: PitBooLIK (button) folded before Flop (didn't bet)
Seat 4: Lorpugo (small blind) folded on the Flop
Seat 5: lejoyeuxluro (big blind) folded before Flop



PokerStars Hand #239471486181:  Hold'em No Limit ($0.01/$0.02 USD) - 2022/10/26 17:06:55 ET
Table 'Algoa III' 6-max Seat #4 is the button
Seat 1: wwqsdhr862 ($1.47 in chips) 
Seat 2: Snägärdi ($1.68 in chips) 
Seat 3: PitBooLIK ($5.06 in chips) 
Seat 4: Lorpugo ($2.37 in chips) 
Seat 5: lejoyeuxluro ($1.47 in chips) 
Seat 6: Eddy19281 ($2 in chips) 
lejoyeuxluro: posts small blind $0.01
Eddy19281: posts big blind $0.02
*** HOLE CARDS ***
Dealt to Lorpugo [4d 5h]
wwqsdhr862: folds 
Snägärdi: folds 
PitBooLIK: folds 
Lorpugo: folds 
lejoyeuxluro: folds 
Uncalled bet ($0.01) returned to Eddy19281
Eddy19281 collected $0.02 from pot
*** SUMMARY ***
Total pot $0.02 | Rake $0 
Seat 1: wwqsdhr862 folded before Flop (didn't bet)
Seat 2: Snägärdi folded before Flop (didn't bet)
Seat 3: PitBooLIK folded before Flop (didn't bet)
Seat 4: Lorpugo (button) folded before Flop (didn't bet)
Seat 5: lejoyeuxluro (small blind) folded before Flop
Seat 6: Eddy19281 (big blind) collected ($0.02)



PokerStars Hand #239471491528:  Hold'em No Limit ($0.01/$0.02 USD) - 2022/10/26 17:07:10 ET
Table 'Algoa III' 6-max Seat #5 is the button
Seat 1: wwqsdhr862 ($2 in chips) 
Seat 2: Snägärdi ($1.68 in chips) 
Seat 3: PitBooLIK ($5.06 in chips) 
Seat 4: Lorpugo ($2.37 in chips) 
Seat 5: lejoyeuxluro ($1.46 in chips) 
Seat 6: Eddy19281 ($2.01 in chips) 
Eddy19281: posts small blind $0.01
wwqsdhr862: posts big blind $0.02
*** HOLE CARDS ***
Dealt to Lorpugo [Ac 9c]
Snägärdi: folds 
PitBooLIK: folds 
Lorpugo: raises $0.04 to $0.06
lejoyeuxluro: calls $0.06
Eddy19281: folds 
wwqsdhr862: calls $0.04
*** FLOP *** [3c Qh 7c]
wwqsdhr862: checks 
Lorpugo: bets $0.09
lejoyeuxluro: raises $0.09 to $0.18
wwqsdhr862: folds 
Lorpugo: raises $2.13 to $2.31 and is all-in
lejoyeuxluro: calls $1.22 and is all-in
Uncalled bet ($0.91) returned to Lorpugo
*** TURN *** [3c Qh 7c] [8d]
*** RIVER *** [3c Qh 7c 8d] [Kc]
*** SHOW DOWN ***
Lorpugo: shows [Ac 9c] (a flush, Ace high)
lejoyeuxluro: shows [Qs Kd] (two pair, Kings and Queens)
Lorpugo collected $2.89 from pot
*** SUMMARY ***
Total pot $2.99 | Rake $0.10 
Board [3c Qh 7c 8d Kc]
Seat 1: wwqsdhr862 (big blind) folded on the Flop
Seat 2: Snägärdi folded before Flop (didn't bet)
Seat 3: PitBooLIK folded before Flop (didn't bet)
Seat 4: Lorpugo showed [Ac 9c] and won ($2.89) with a flush, Ace high
Seat 5: lejoyeuxluro (button) showed [Qs Kd] and lost with two pair, Kings and Queens
Seat 6: Eddy19281 (small blind) folded before Flop



PokerStars Hand #239471512686:  Hold'em No Limit ($0.01/$0.02 USD) - 2022/10/26 17:08:07 ET
Table 'Algoa III' 6-max Seat #6 is the button
Seat 1: wwqsdhr862 ($1.94 in chips) 
Seat 2: Snägärdi ($1.68 in chips) 
Seat 3: PitBooLIK ($5.06 in chips) 
Seat 4: Lorpugo ($3.80 in chips) 
Seat 6: Eddy19281 ($2 in chips) 
wwqsdhr862: posts small blind $0.01
Snägärdi: posts big blind $0.02
*** HOLE CARDS ***
Dealt to Lorpugo [4c 3d]
PitBooLIK: raises $0.03 to $0.05
Lorpugo: folds 
Eddy19281: folds 
wwqsdhr862: folds 
Snägärdi: folds 
Uncalled bet ($0.03) returned to PitBooLIK
PitBooLIK collected $0.05 from pot
PitBooLIK: doesn't show hand 
*** SUMMARY ***
Total pot $0.05 | Rake $0 
Seat 1: wwqsdhr862 (small blind) folded before Flop
Seat 2: Snägärdi (big blind) folded before Flop
Seat 3: PitBooLIK collected ($0.05)
Seat 4: Lorpugo folded before Flop (didn't bet)
Seat 6: Eddy19281 (button) folded before Flop (didn't bet)



PokerStars Hand #239471519735:  Hold'em No Limit ($0.01/$0.02 USD) - 2022/10/26 17:08:27 ET
Table 'Algoa III' 6-max Seat #1 is the button
Seat 1: wwqsdhr862 ($1.93 in chips) 
Seat 2: Snägärdi ($1.66 in chips) 
Seat 3: PitBooLIK ($5.09 in chips) 
Seat 4: Lorpugo ($3.80 in chips) 
Seat 6: Eddy19281 ($2 in chips) 
Snägärdi: posts small blind $0.01
PitBooLIK: posts big blind $0.02
*** HOLE CARDS ***
Dealt to Lorpugo [5d Td]
Lorpugo: folds 
Eddy19281: raises $0.04 to $0.06
wwqsdhr862: folds 
Snägärdi: calls $0.05
PitBooLIK: folds 
*** FLOP *** [3c 3d 2d]
Snägärdi: checks 
Eddy19281: bets $0.07
Snägärdi: folds 
Uncalled bet ($0.07) returned to Eddy19281
Eddy19281 collected $0.14 from pot
*** SUMMARY ***
Total pot $0.14 | Rake $0 
Board [3c 3d 2d]
Seat 1: wwqsdhr862 (button) folded before Flop (didn't bet)
Seat 2: Snägärdi (small blind) folded on the Flop
Seat 3: PitBooLIK (big blind) folded before Flop
Seat 4: Lorpugo folded before Flop (didn't bet)
Seat 6: Eddy19281 collected ($0.14)



PokerStars Hand #239471532451:  Hold'em No Limit ($0.01/$0.02 USD) - 2022/10/26 17:09:01 ET
Table 'Algoa III' 6-max Seat #2 is the button
Seat 1: wwqsdhr862 ($1.93 in chips) 
Seat 2: Snägärdi ($1.60 in chips) 
Seat 3: PitBooLIK ($5.07 in chips) 
Seat 4: Lorpugo ($3.80 in chips) 
Seat 6: Eddy19281 ($2.08 in chips) 
PitBooLIK: posts small blind $0.01
Lorpugo: posts big blind $0.02
*** HOLE CARDS ***
Dealt to Lorpugo [Qs 3c]
Eddy19281: calls $0.02
wwqsdhr862: folds 
Snägärdi: calls $0.02
PitBooLIK: folds 
Lorpugo: checks 
*** FLOP *** [Td 5h Kh]
Lorpugo: checks 
Eddy19281: checks 
lejoyeuxluro is disconnected 
Snägärdi: checks 
*** TURN *** [Td 5h Kh] [8s]
Lorpugo: checks 
Eddy19281: checks 
Snägärdi: bets $0.07
Lorpugo: folds 
Eddy19281: folds 
Uncalled bet ($0.07) returned to Snägärdi
Snägärdi collected $0.07 from pot
Snägärdi: doesn't show hand 
*** SUMMARY ***
Total pot $0.07 | Rake $0 
Board [Td 5h Kh 8s]
Seat 1: wwqsdhr862 folded before Flop (didn't bet)
Seat 2: Snägärdi (button) collected ($0.07)
Seat 3: PitBooLIK (small blind) folded before Flop
Seat 4: Lorpugo (big blind) folded on the Turn
Seat 6: Eddy19281 folded on the Turn



PokerStars Hand #239471549942:  Hold'em No Limit ($0.01/$0.02 USD) - 2022/10/26 17:09:48 ET
Table 'Algoa III' 6-max Seat #3 is the button
Seat 1: wwqsdhr862 ($1.93 in chips) 
Seat 2: Snägärdi ($1.65 in chips) 
Seat 3: PitBooLIK ($5.06 in chips) 
Seat 4: Lorpugo ($3.78 in chips) 
Seat 6: Eddy19281 ($2.06 in chips) 
Lorpugo: posts small blind $0.01
Eddy19281: posts big blind $0.02
*** HOLE CARDS ***
Dealt to Lorpugo [4c 7h]
wwqsdhr862: folds 
Snägärdi: folds 
PitBooLIK: folds 
Lorpugo: folds 
Uncalled bet ($0.01) returned to Eddy19281
Eddy19281 collected $0.02 from pot
*** SUMMARY ***
Total pot $0.02 | Rake $0 
Seat 1: wwqsdhr862 folded before Flop (didn't bet)
Seat 2: Snägärdi folded before Flop (didn't bet)
Seat 3: PitBooLIK (button) folded before Flop (didn't bet)
Seat 4: Lorpugo (small blind) folded before Flop
Seat 6: Eddy19281 (big blind) collected ($0.02)



PokerStars Hand #239471556128:  Hold'em No Limit ($0.01/$0.02 USD) - 2022/10/26 17:10:05 ET
Table 'Algoa III' 6-max Seat #4 is the button
Seat 1: wwqsdhr862 ($1.93 in chips) 
Seat 2: Snägärdi ($1.65 in chips) 
Seat 3: PitBooLIK ($5.06 in chips) 
Seat 4: Lorpugo ($3.77 in chips) 
Seat 6: Eddy19281 ($2.07 in chips) 
Eddy19281: posts small blind $0.01
wwqsdhr862: posts big blind $0.02
*** HOLE CARDS ***
Dealt to Lorpugo [9c 2s]
Snägärdi: calls $0.02
PitBooLIK: folds 
Lorpugo: folds 
Eddy19281: calls $0.01
wwqsdhr862: checks 
*** FLOP *** [8s 3c 9s]
Eddy19281: bets $0.02
wwqsdhr862: folds 
Snägärdi: folds 
Uncalled bet ($0.02) returned to Eddy19281
Eddy19281 collected $0.06 from pot
*** SUMMARY ***
Total pot $0.06 | Rake $0 
Board [8s 3c 9s]
Seat 1: wwqsdhr862 (big blind) folded on the Flop
Seat 2: Snägärdi folded on the Flop
Seat 3: PitBooLIK folded before Flop (didn't bet)
Seat 4: Lorpugo (button) folded before Flop (didn't bet)
Seat 6: Eddy19281 (small blind) collected ($0.06)



PokerStars Hand #239471569272:  Hold'em No Limit ($0.01/$0.02 USD) - 2022/10/26 17:10:40 ET
Table 'Algoa III' 6-max Seat #6 is the button
Seat 1: wwqsdhr862 ($1.91 in chips) 
Seat 2: Snägärdi ($1.63 in chips) 
Seat 3: PitBooLIK ($5.06 in chips) 
Seat 4: Lorpugo ($3.77 in chips) 
Seat 6: Eddy19281 ($2.11 in chips) 
wwqsdhr862: posts small blind $0.01
Snägärdi: posts big blind $0.02
*** HOLE CARDS ***
Dealt to Lorpugo [Th 6h]
PitBooLIK: folds 
Lorpugo: folds 
Eddy19281: raises $0.04 to $0.06
wwqsdhr862: folds 
Snägärdi: calls $0.04
*** FLOP *** [Qc 5s 5h]
Snägärdi: bets $0.07
Eddy19281: calls $0.07
*** TURN *** [Qc 5s 5h] [6c]
Snägärdi: checks 
Eddy19281: bets $0.10
Snägärdi: folds 
Uncalled bet ($0.10) returned to Eddy19281
Eddy19281 collected $0.26 from pot
*** SUMMARY ***
Total pot $0.27 | Rake $0.01 
Board [Qc 5s 5h 6c]
Seat 1: wwqsdhr862 (small blind) folded before Flop
Seat 2: Snägärdi (big blind) folded on the Turn
Seat 3: PitBooLIK folded before Flop (didn't bet)
Seat 4: Lorpugo folded before Flop (didn't bet)
Seat 6: Eddy19281 (button) collected ($0.26)



PokerStars Hand #239471585838:  Hold'em No Limit ($0.01/$0.02 USD) - 2022/10/26 17:11:25 ET
Table 'Algoa III' 6-max Seat #1 is the button
Seat 1: wwqsdhr862 ($1.90 in chips) 
Seat 2: Snägärdi ($1.50 in chips) 
Seat 3: PitBooLIK ($5.06 in chips) 
Seat 4: Lorpugo ($3.77 in chips) 
Seat 6: Eddy19281 ($2.24 in chips) 
Snägärdi: posts small blind $0.01
PitBooLIK: posts big blind $0.02
*** HOLE CARDS ***
Dealt to Lorpugo [7s As]
Lorpugo: raises $0.05 to $0.07
Eddy19281: folds 
wwqsdhr862: calls $0.07
Snägärdi: folds 
PitBooLIK: folds 
*** FLOP *** [Qs Td Qd]
lejoyeuxluro is disconnected 
Lorpugo: bets $0.05
wwqsdhr862: calls $0.05
*** TURN *** [Qs Td Qd] [Qh]
Lorpugo: bets $0.09
wwqsdhr862: calls $0.09
*** RIVER *** [Qs Td Qd Qh] [7h]
Lorpugo: bets $0.22
wwqsdhr862: calls $0.22
*** SHOW DOWN ***
Lorpugo: shows [7s As] (a full house, Queens full of Sevens)
wwqsdhr862: shows [9s 9h] (a full house, Queens full of Nines)
wwqsdhr862 collected $0.86 from pot
*** SUMMARY ***
Total pot $0.89 | Rake $0.03 
Board [Qs Td Qd Qh 7h]
Seat 1: wwqsdhr862 (button) showed [9s 9h] and won ($0.86) with a full house, Queens full of Nines
Seat 2: Snägärdi (small blind) folded before Flop
Seat 3: PitBooLIK (big blind) folded before Flop
Seat 4: Lorpugo showed [7s As] and lost with a full house, Queens full of Sevens
Seat 6: Eddy19281 folded before Flop (didn't bet)



PokerStars Hand #239471606874:  Hold'em No Limit ($0.01/$0.02 USD) - 2022/10/26 17:12:22 ET
Table 'Algoa III' 6-max Seat #2 is the button
Seat 1: wwqsdhr862 ($2.33 in chips) 
Seat 2: Snägärdi ($1.49 in chips) 
Seat 3: PitBooLIK ($5.04 in chips) 
Seat 4: Lorpugo ($3.34 in chips) 
Seat 6: Eddy19281 ($2.24 in chips) 
PitBooLIK: posts small blind $0.01
Lorpugo: posts big blind $0.02
*** HOLE CARDS ***
Dealt to Lorpugo [9h Qs]
Eddy19281: raises $0.02 to $0.04
wwqsdhr862: folds 
Snägärdi: folds 
PitBooLIK: folds 
Lorpugo: calls $0.02
*** FLOP *** [8d 3c 2h]
Lorpugo: checks 
Eddy19281: bets $0.09
Lorpugo: folds 
Uncalled bet ($0.09) returned to Eddy19281
PitBooLIK leaves the table
Eddy19281 collected $0.09 from pot
*** SUMMARY ***
Total pot $0.09 | Rake $0 
Board [8d 3c 2h]
Seat 1: wwqsdhr862 folded before Flop (didn't bet)
Seat 2: Snägärdi (button) folded before Flop (didn't bet)
Seat 3: PitBooLIK (small blind) folded before Flop
Seat 4: Lorpugo (big blind) folded on the Flop
Seat 6: Eddy19281 collected ($0.09)



PokerStars Hand #239471616535:  Hold'em No Limit ($0.01/$0.02 USD) - 2022/10/26 17:12:47 ET
Table 'Algoa III' 6-max Seat #4 is the button
Seat 1: wwqsdhr862 ($2.33 in chips) 
Seat 2: Snägärdi ($1.49 in chips) 
Seat 4: Lorpugo ($3.30 in chips) 
Seat 6: Eddy19281 ($2.29 in chips) 
Eddy19281: posts small blind $0.01
wwqsdhr862: posts big blind $0.02
*** HOLE CARDS ***
Dealt to Lorpugo [6s Ah]
Snägärdi: calls $0.02
newpanda1 joins the table at seat #3 
Lorpugo: raises $0.07 to $0.09
Eddy19281: folds 
wwqsdhr862: folds 
Snägärdi: calls $0.07
*** FLOP *** [7c Tc Qc]
Snägärdi: checks 
Lorpugo: checks 
*** TURN *** [7c Tc Qc] [6h]
Snägärdi: bets $0.10
Lorpugo: folds 
Uncalled bet ($0.10) returned to Snägärdi
Snägärdi collected $0.20 from pot
Snägärdi: doesn't show hand 
*** SUMMARY ***
Total pot $0.21 | Rake $0.01 
Board [7c Tc Qc 6h]
Seat 1: wwqsdhr862 (big blind) folded before Flop
Seat 2: Snägärdi collected ($0.20)
Seat 4: Lorpugo (button) folded on the Turn
Seat 6: Eddy19281 (small blind) folded before Flop



PokerStars Hand #239471628091:  Hold'em No Limit ($0.01/$0.02 USD) - 2022/10/26 17:13:18 ET
Table 'Algoa III' 6-max Seat #6 is the button
Seat 1: wwqsdhr862 ($2.31 in chips) 
Seat 2: Snägärdi ($1.60 in chips) 
Seat 4: Lorpugo ($3.21 in chips) 
Seat 6: Eddy19281 ($2.28 in chips) 
wwqsdhr862: posts small blind $0.01
Snägärdi: posts big blind $0.02
newpanda1: sits out 
*** HOLE CARDS ***
Dealt to Lorpugo [Qh 6d]
Lorpugo: folds 
Eddy19281: raises $0.02 to $0.04
wwqsdhr862: calls $0.03
Snägärdi: folds 
*** FLOP *** [Qc 3d 9s]
wwqsdhr862: bets $0.02
Eddy19281: calls $0.02
*** TURN *** [Qc 3d 9s] [7s]
wwqsdhr862: bets $0.10
Eddy19281: folds 
Uncalled bet ($0.10) returned to wwqsdhr862
wwqsdhr862 collected $0.14 from pot
wwqsdhr862: doesn't show hand 
*** SUMMARY ***
Total pot $0.14 | Rake $0 
Board [Qc 3d 9s 7s]
Seat 1: wwqsdhr862 (small blind) collected ($0.14)
Seat 2: Snägärdi (big blind) folded before Flop
Seat 4: Lorpugo folded before Flop (didn't bet)
Seat 6: Eddy19281 (button) folded on the Turn



PokerStars Hand #239471644980:  Hold'em No Limit ($0.01/$0.02 USD) - 2022/10/26 17:14:03 ET
Table 'Algoa III' 6-max Seat #1 is the button
Seat 1: wwqsdhr862 ($2.39 in chips) 
Seat 2: Snägärdi ($1.58 in chips) 
Seat 3: newpanda1 ($1.26 in chips) 
Seat 4: Lorpugo ($3.21 in chips) 
Seat 6: Eddy19281 ($2.22 in chips) 
Snägärdi: posts small blind $0.01
newpanda1: posts big blind $0.02
*** HOLE CARDS ***
Dealt to Lorpugo [3h Tc]
Lorpugo: folds 
Eddy19281: calls $0.02
wwqsdhr862: folds 
Snägärdi: calls $0.01
newpanda1: raises $0.04 to $0.06
Eddy19281: calls $0.04
Snägärdi: folds 
*** FLOP *** [Kc 2d 4c]
newpanda1: checks 
Eddy19281: bets $0.11
newpanda1: folds 
Uncalled bet ($0.11) returned to Eddy19281
Eddy19281 collected $0.14 from pot
*** SUMMARY ***
Total pot $0.14 | Rake $0 
Board [Kc 2d 4c]
Seat 1: wwqsdhr862 (button) folded before Flop (didn't bet)
Seat 2: Snägärdi (small blind) folded before Flop
Seat 3: newpanda1 (big blind) folded on the Flop
Seat 4: Lorpugo folded before Flop (didn't bet)
Seat 6: Eddy19281 collected ($0.14)



PokerStars Hand #239471659747:  Hold'em No Limit ($0.01/$0.02 USD) - 2022/10/26 17:14:42 ET
Table 'Algoa III' 6-max Seat #2 is the button
Seat 1: wwqsdhr862 ($2.39 in chips) 
Seat 2: Snägärdi ($1.56 in chips) 
Seat 3: newpanda1 ($1.20 in chips) 
Seat 4: Lorpugo ($3.21 in chips) 
Seat 6: Eddy19281 ($2.30 in chips) 
newpanda1: posts small blind $0.01
Lorpugo: posts big blind $0.02
*** HOLE CARDS ***
Dealt to Lorpugo [Tc Jd]
Eddy19281: raises $0.02 to $0.04
wwqsdhr862: folds 
Snägärdi: folds 
newpanda1: folds 
Lorpugo: calls $0.02
*** FLOP *** [6c 9c 5h]
Lorpugo: checks 
Eddy19281: bets $0.04
Lorpugo: folds 
Uncalled bet ($0.04) returned to Eddy19281
Eddy19281 collected $0.09 from pot
*** SUMMARY ***
Total pot $0.09 | Rake $0 
Board [6c 9c 5h]
Seat 1: wwqsdhr862 folded before Flop (didn't bet)
Seat 2: Snägärdi (button) folded before Flop (didn't bet)
Seat 3: newpanda1 (small blind) folded before Flop
Seat 4: Lorpugo (big blind) folded on the Flop
Seat 6: Eddy19281 collected ($0.09)



PokerStars Hand #239471673505:  Hold'em No Limit ($0.01/$0.02 USD) - 2022/10/26 17:15:18 ET
Table 'Algoa III' 6-max Seat #3 is the button
Seat 1: wwqsdhr862 ($2.39 in chips) 
Seat 2: Snägärdi ($1.56 in chips) 
Seat 3: newpanda1 ($1.19 in chips) 
Seat 4: Lorpugo ($3.17 in chips) 
Seat 6: Eddy19281 ($2.35 in chips) 
Lorpugo: posts small blind $0.01
Eddy19281: posts big blind $0.02
*** HOLE CARDS ***
Dealt to Lorpugo [4s Qd]
wwqsdhr862: folds 
Snägärdi: calls $0.02
newpanda1: folds 
Lorpugo: folds 
Eddy19281: checks 
*** FLOP *** [5s Js 6s]
Eddy19281: bets $0.02
Snägärdi: folds 
Uncalled bet ($0.02) returned to Eddy19281
Eddy19281 collected $0.05 from pot
*** SUMMARY ***
Total pot $0.05 | Rake $0 
Board [5s Js 6s]
Seat 1: wwqsdhr862 folded before Flop (didn't bet)
Seat 2: Snägärdi folded on the Flop
Seat 3: newpanda1 (button) folded before Flop (didn't bet)
Seat 4: Lorpugo (small blind) folded before Flop
Seat 6: Eddy19281 (big blind) collected ($0.05)



PokerStars Hand #239471685082:  Hold'em No Limit ($0.01/$0.02 USD) - 2022/10/26 17:15:49 ET
Table 'Algoa III' 6-max Seat #4 is the button
Seat 1: wwqsdhr862 ($2.39 in chips) 
Seat 2: Snägärdi ($1.54 in chips) 
Seat 3: newpanda1 ($1.19 in chips) 
Seat 4: Lorpugo ($3.16 in chips) 
Seat 6: Eddy19281 ($2.38 in chips) 
Eddy19281: posts small blind $0.01
wwqsdhr862: posts big blind $0.02
*** HOLE CARDS ***
Dealt to Lorpugo [3d Qc]
lejoyeuxluro is disconnected 
Snägärdi: folds 
newpanda1: folds 
Lorpugo: folds 
Eddy19281: raises $0.02 to $0.04
wwqsdhr862: calls $0.02
*** FLOP *** [Qh 7s Ts]
Eddy19281: bets $0.04
wwqsdhr862: calls $0.04
*** TURN *** [Qh 7s Ts] [5d]
Eddy19281: bets $0.07
wwqsdhr862: calls $0.07
*** RIVER *** [Qh 7s Ts 5d] [Tc]
Eddy19281: bets $0.14
wwqsdhr862: folds 
Uncalled bet ($0.14) returned to Eddy19281
Eddy19281 collected $0.29 from pot
*** SUMMARY ***
Total pot $0.30 | Rake $0.01 
Board [Qh 7s Ts 5d Tc]
Seat 1: wwqsdhr862 (big blind) folded on the River
Seat 2: Snägärdi folded before Flop (didn't bet)
Seat 3: newpanda1 folded before Flop (didn't bet)
Seat 4: Lorpugo (button) folded before Flop (didn't bet)
Seat 6: Eddy19281 (small blind) collected ($0.29)



PokerStars Hand #239471703513:  Hold'em No Limit ($0.01/$0.02 USD) - 2022/10/26 17:16:38 ET
Table 'Algoa III' 6-max Seat #6 is the button
Seat 1: wwqsdhr862 ($2.24 in chips) 
Seat 2: Snägärdi ($1.54 in chips) 
Seat 3: newpanda1 ($1.19 in chips) 
Seat 4: Lorpugo ($3.16 in chips) 
Seat 6: Eddy19281 ($2.52 in chips) 
wwqsdhr862: posts small blind $0.01
Snägärdi: posts big blind $0.02
*** HOLE CARDS ***
Dealt to Lorpugo [8s 3c]
newpanda1: raises $0.04 to $0.06
Lorpugo: folds 
Eddy19281: calls $0.06
wwqsdhr862: folds 
Snägärdi: folds 
*** FLOP *** [Ac 4c Ah]
newpanda1: checks 
Eddy19281: bets $0.14
newpanda1: folds 
Uncalled bet ($0.14) returned to Eddy19281
Eddy19281 collected $0.14 from pot
*** SUMMARY ***
Total pot $0.15 | Rake $0.01 
Board [Ac 4c Ah]
Seat 1: wwqsdhr862 (small blind) folded before Flop
Seat 2: Snägärdi (big blind) folded before Flop
Seat 3: newpanda1 folded on the Flop
Seat 4: Lorpugo folded before Flop (didn't bet)
Seat 6: Eddy19281 (button) collected ($0.14)



PokerStars Hand #239471714552:  Hold'em No Limit ($0.01/$0.02 USD) - 2022/10/26 17:17:08 ET
Table 'Algoa III' 6-max Seat #1 is the button
Seat 1: wwqsdhr862 ($2.23 in chips) 
Seat 2: Snägärdi ($1.52 in chips) 
Seat 3: newpanda1 ($1.13 in chips) 
Seat 4: Lorpugo ($3.16 in chips) 
Seat 6: Eddy19281 ($2.60 in chips) 
Snägärdi: posts small blind $0.01
newpanda1: posts big blind $0.02
*** HOLE CARDS ***
Dealt to Lorpugo [Tc 5c]
Lorpugo: folds 
Eddy19281: folds 
wwqsdhr862: folds 
Snägärdi: calls $0.01
newpanda1: checks 
*** FLOP *** [7s Ah 6s]
Snägärdi: checks 
newpanda1: checks 
*** TURN *** [7s Ah 6s] [Td]
Snägärdi: checks 
Eddy19281 leaves the table
newpanda1: checks 
*** RIVER *** [7s Ah 6s Td] [2c]
Donald Duck 222 joins the table at seat #6 
Snägärdi: bets $0.02
newpanda1: folds 
Uncalled bet ($0.02) returned to Snägärdi
Snägärdi collected $0.04 from pot
Snägärdi: doesn't show hand 
*** SUMMARY ***
Total pot $0.04 | Rake $0 
Board [7s Ah 6s Td 2c]
Seat 1: wwqsdhr862 (button) folded before Flop (didn't bet)
Seat 2: Snägärdi (small blind) collected ($0.04)
Seat 3: newpanda1 (big blind) folded on the River
Seat 4: Lorpugo folded before Flop (didn't bet)
Seat 6: Eddy19281 folded before Flop (didn't bet)



PokerStars Hand #239471733105:  Hold'em No Limit ($0.01/$0.02 USD) - 2022/10/26 17:17:58 ET
Table 'Algoa III' 6-max Seat #2 is the button
Seat 1: wwqsdhr862 ($2.23 in chips) 
Seat 2: Snägärdi ($1.54 in chips) 
Seat 3: newpanda1 ($1.11 in chips) 
Seat 4: Lorpugo ($3.16 in chips) 
newpanda1: posts small blind $0.01
Lorpugo: posts big blind $0.02
Donald Duck 222: sits out 
*** HOLE CARDS ***
Dealt to Lorpugo [Kc Td]
wwqsdhr862: folds 
Snägärdi: folds 
newpanda1: folds 
Uncalled bet ($0.01) returned to Lorpugo
Lorpugo collected $0.02 from pot
Lorpugo: doesn't show hand 
*** SUMMARY ***
Total pot $0.02 | Rake $0 
Seat 1: wwqsdhr862 folded before Flop (didn't bet)
Seat 2: Snägärdi (button) folded before Flop (didn't bet)
Seat 3: newpanda1 (small blind) folded before Flop
Seat 4: Lorpugo (big blind) collected ($0.02)



