PokerStars Hand #239329615899:  Hold'em No Limit ($0.01/$0.02 USD) - 2022/10/19 15:48:32 ET
Table 'Izar III' 6-max Seat #2 is the button
Seat 1: m5n7b8 ($2.03 in chips) 
Seat 2: Motopompa ($2.10 in chips) 
Seat 3: Rafaelrda565 ($1.83 in chips) 
Seat 4: Lorpugo ($1.60 in chips) 
Seat 6: rulloman4 ($1.83 in chips) 
Rafaelrda565: posts small blind $0.01
Lorpugo: posts big blind $0.02
*** HOLE CARDS ***
Dealt to Lorpugo [6h 8d]
rulloman4: raises $0.04 to $0.06
m5n7b8: folds 
Motopompa: folds 
Rafaelrda565: folds 
Lorpugo: folds 
Uncalled bet ($0.04) returned to rulloman4
rulloman4 collected $0.05 from pot
rulloman4: doesn't show hand 
*** SUMMARY ***
Total pot $0.05 | Rake $0 
Seat 1: m5n7b8 folded before Flop (didn't bet)
Seat 2: Motopompa (button) folded before Flop (didn't bet)
Seat 3: Rafaelrda565 (small blind) folded before Flop
Seat 4: Lorpugo (big blind) folded before Flop
Seat 6: rulloman4 collected ($0.05)



PokerStars Hand #239329621796:  Hold'em No Limit ($0.01/$0.02 USD) - 2022/10/19 15:48:47 ET
Table 'Izar III' 6-max Seat #3 is the button
Seat 1: m5n7b8 ($2.03 in chips) 
Seat 2: Motopompa ($2.10 in chips) 
Seat 3: Rafaelrda565 ($1.82 in chips) 
Seat 4: Lorpugo ($1.60 in chips) 
Seat 6: rulloman4 ($1.86 in chips) 
Lorpugo: posts small blind $0.01
rulloman4: posts big blind $0.02
*** HOLE CARDS ***
Dealt to Lorpugo [Ac 4d]
m5n7b8: folds 
Motopompa: raises $0.04 to $0.06
Rafaelrda565: calls $0.06
Lorpugo: folds 
rulloman4: calls $0.04
*** FLOP *** [8d 2s 9d]
rulloman4: checks 
Motopompa: checks 
Rafaelrda565: checks 
*** TURN *** [8d 2s 9d] [7c]
rulloman4: checks 
Motopompa: checks 
Rafaelrda565: checks 
*** RIVER *** [8d 2s 9d 7c] [Ks]
rulloman4: checks 
Motopompa: checks 
Rafaelrda565: bets $0.04
rulloman4: calls $0.04
Motopompa: folds 
*** SHOW DOWN ***
Rafaelrda565: shows [Kh Tc] (a pair of Kings)
rulloman4: mucks hand 
Rafaelrda565 collected $0.26 from pot
*** SUMMARY ***
Total pot $0.27 | Rake $0.01 
Board [8d 2s 9d 7c Ks]
Seat 1: m5n7b8 folded before Flop (didn't bet)
Seat 2: Motopompa folded on the River
Seat 3: Rafaelrda565 (button) showed [Kh Tc] and won ($0.26) with a pair of Kings
Seat 4: Lorpugo (small blind) folded before Flop
Seat 6: rulloman4 (big blind) mucked [5c 5d]



PokerStars Hand #239329646545:  Hold'em No Limit ($0.01/$0.02 USD) - 2022/10/19 15:49:51 ET
Table 'Izar III' 6-max Seat #4 is the button
Seat 1: m5n7b8 ($2.03 in chips) 
Seat 2: Motopompa ($2.04 in chips) 
Seat 3: Rafaelrda565 ($1.98 in chips) 
Seat 4: Lorpugo ($1.60 in chips) 
Seat 6: rulloman4 ($1.76 in chips) 
rulloman4: posts small blind $0.01
m5n7b8: posts big blind $0.02
*** HOLE CARDS ***
Dealt to Lorpugo [Td 3d]
Motopompa: folds 
Rafaelrda565: calls $0.02
Lorpugo: folds 
rulloman4: calls $0.01
m5n7b8: checks 
*** FLOP *** [2s 6s Kd]
rulloman4: checks 
m5n7b8: bets $0.04
Rafaelrda565: folds 
rulloman4: folds 
Uncalled bet ($0.04) returned to m5n7b8
m5n7b8 collected $0.06 from pot
m5n7b8: doesn't show hand 
*** SUMMARY ***
Total pot $0.06 | Rake $0 
Board [2s 6s Kd]
Seat 1: m5n7b8 (big blind) collected ($0.06)
Seat 2: Motopompa folded before Flop (didn't bet)
Seat 3: Rafaelrda565 folded on the Flop
Seat 4: Lorpugo (button) folded before Flop (didn't bet)
Seat 6: rulloman4 (small blind) folded on the Flop



PokerStars Hand #239329658495:  Hold'em No Limit ($0.01/$0.02 USD) - 2022/10/19 15:50:22 ET
Table 'Izar III' 6-max Seat #6 is the button
Seat 1: m5n7b8 ($2.07 in chips) 
Seat 2: Motopompa ($2.04 in chips) 
Seat 3: Rafaelrda565 ($1.96 in chips) 
Seat 4: Lorpugo ($1.60 in chips) 
Seat 6: rulloman4 ($1.74 in chips) 
m5n7b8: posts small blind $0.01
Motopompa: posts big blind $0.02
lauti214: sits out 
*** HOLE CARDS ***
Dealt to Lorpugo [8d Kc]
Rafaelrda565: folds 
Lorpugo: folds 
rulloman4: folds 
m5n7b8: folds 
Uncalled bet ($0.01) returned to Motopompa
Motopompa collected $0.02 from pot
Motopompa: doesn't show hand 
*** SUMMARY ***
Total pot $0.02 | Rake $0 
Seat 1: m5n7b8 (small blind) folded before Flop
Seat 2: Motopompa (big blind) collected ($0.02)
Seat 3: Rafaelrda565 folded before Flop (didn't bet)
Seat 4: Lorpugo folded before Flop (didn't bet)
Seat 6: rulloman4 (button) folded before Flop (didn't bet)



PokerStars Hand #239329665646:  Hold'em No Limit ($0.01/$0.02 USD) - 2022/10/19 15:50:40 ET
Table 'Izar III' 6-max Seat #1 is the button
Seat 1: m5n7b8 ($2.06 in chips) 
Seat 2: Motopompa ($2.05 in chips) 
Seat 3: Rafaelrda565 ($1.96 in chips) 
Seat 4: Lorpugo ($1.60 in chips) 
Seat 6: rulloman4 ($1.74 in chips) 
Motopompa: posts small blind $0.01
Rafaelrda565: posts big blind $0.02
lauti214: sits out 
*** HOLE CARDS ***
Dealt to Lorpugo [Td Tc]
Lorpugo: raises $0.04 to $0.06
rulloman4: folds 
m5n7b8: calls $0.06
Motopompa: calls $0.05
Rafaelrda565: folds 
*** FLOP *** [Qs Ac Qc]
Motopompa: checks 
Lorpugo: checks 
m5n7b8: checks 
*** TURN *** [Qs Ac Qc] [6h]
Motopompa: checks 
Lorpugo: bets $0.06
m5n7b8: folds 
Motopompa: folds 
Uncalled bet ($0.06) returned to Lorpugo
Lorpugo collected $0.19 from pot
Lorpugo: doesn't show hand 
*** SUMMARY ***
Total pot $0.20 | Rake $0.01 
Board [Qs Ac Qc 6h]
Seat 1: m5n7b8 (button) folded on the Turn
Seat 2: Motopompa (small blind) folded on the Turn
Seat 3: Rafaelrda565 (big blind) folded before Flop
Seat 4: Lorpugo collected ($0.19)
Seat 6: rulloman4 folded before Flop (didn't bet)



PokerStars Hand #239329684299:  Hold'em No Limit ($0.01/$0.02 USD) - 2022/10/19 15:51:29 ET
Table 'Izar III' 6-max Seat #2 is the button
Seat 1: m5n7b8 ($2 in chips) 
Seat 2: Motopompa ($2 in chips) 
Seat 3: Rafaelrda565 ($1.94 in chips) 
Seat 4: Lorpugo ($1.73 in chips) 
Seat 6: rulloman4 ($1.74 in chips) 
Rafaelrda565: posts small blind $0.01
Lorpugo: posts big blind $0.02
lauti214: sits out 
*** HOLE CARDS ***
Dealt to Lorpugo [4d 8s]
rulloman4: folds 
m5n7b8: folds 
Motopompa: folds 
Rafaelrda565: calls $0.01
Lorpugo: checks 
*** FLOP *** [7c 6d 4c]
Rafaelrda565: bets $0.04
Lorpugo: calls $0.04
*** TURN *** [7c 6d 4c] [Jh]
Rafaelrda565: checks 
Lorpugo: bets $0.18
Rafaelrda565: folds 
Uncalled bet ($0.18) returned to Lorpugo
Lorpugo collected $0.12 from pot
Lorpugo: doesn't show hand 
*** SUMMARY ***
Total pot $0.12 | Rake $0 
Board [7c 6d 4c Jh]
Seat 1: m5n7b8 folded before Flop (didn't bet)
Seat 2: Motopompa (button) folded before Flop (didn't bet)
Seat 3: Rafaelrda565 (small blind) folded on the Turn
Seat 4: Lorpugo (big blind) collected ($0.12)
Seat 6: rulloman4 folded before Flop (didn't bet)



PokerStars Hand #239329696999:  Hold'em No Limit ($0.01/$0.02 USD) - 2022/10/19 15:52:02 ET
Table 'Izar III' 6-max Seat #3 is the button
Seat 1: m5n7b8 ($2 in chips) 
Seat 2: Motopompa ($2 in chips) 
Seat 3: Rafaelrda565 ($1.88 in chips) 
Seat 4: Lorpugo ($1.79 in chips) 
Seat 5: lauti214 ($1.92 in chips) 
Seat 6: rulloman4 ($1.74 in chips) 
Lorpugo: posts small blind $0.01
lauti214: posts big blind $0.02
*** HOLE CARDS ***
Dealt to Lorpugo [3h Td]
rulloman4: raises $0.04 to $0.06
m5n7b8: folds 
Motopompa: folds 
Rafaelrda565: folds 
Lorpugo: folds 
lauti214 has timed out
lauti214: folds 
Uncalled bet ($0.04) returned to rulloman4
rulloman4 collected $0.05 from pot
rulloman4: doesn't show hand 
*** SUMMARY ***
Total pot $0.05 | Rake $0 
Seat 1: m5n7b8 folded before Flop (didn't bet)
Seat 2: Motopompa folded before Flop (didn't bet)
Seat 3: Rafaelrda565 (button) folded before Flop (didn't bet)
Seat 4: Lorpugo (small blind) folded before Flop
Seat 5: lauti214 (big blind) folded before Flop
Seat 6: rulloman4 collected ($0.05)



PokerStars Hand #239329721895:  Hold'em No Limit ($0.01/$0.02 USD) - 2022/10/19 15:53:06 ET
Table 'Izar III' 6-max Seat #4 is the button
Seat 1: m5n7b8 ($2 in chips) 
Seat 2: Motopompa ($2 in chips) 
Seat 3: Rafaelrda565 ($1.88 in chips) 
Seat 4: Lorpugo ($1.78 in chips) 
Seat 6: rulloman4 ($1.77 in chips) 
rulloman4: posts small blind $0.01
m5n7b8: posts big blind $0.02
*** HOLE CARDS ***
Dealt to Lorpugo [8s Qd]
Motopompa: folds 
Rafaelrda565: folds 
Lorpugo: raises $0.04 to $0.06
rulloman4: folds 
m5n7b8: folds 
Uncalled bet ($0.04) returned to Lorpugo
Lorpugo collected $0.05 from pot
Lorpugo: doesn't show hand 
*** SUMMARY ***
Total pot $0.05 | Rake $0 
Seat 1: m5n7b8 (big blind) folded before Flop
Seat 2: Motopompa folded before Flop (didn't bet)
Seat 3: Rafaelrda565 folded before Flop (didn't bet)
Seat 4: Lorpugo (button) collected ($0.05)
Seat 6: rulloman4 (small blind) folded before Flop



PokerStars Hand #239329730512:  Hold'em No Limit ($0.01/$0.02 USD) - 2022/10/19 15:53:29 ET
Table 'Izar III' 6-max Seat #6 is the button
Seat 1: m5n7b8 ($2 in chips) 
Seat 2: Motopompa ($2 in chips) 
Seat 3: Rafaelrda565 ($1.88 in chips) 
Seat 4: Lorpugo ($1.81 in chips) 
Seat 6: rulloman4 ($1.76 in chips) 
m5n7b8: posts small blind $0.01
Motopompa: posts big blind $0.02
*** HOLE CARDS ***
Dealt to Lorpugo [Ah Th]
Rafaelrda565: calls $0.02
Lorpugo: raises $0.04 to $0.06
rulloman4: raises $0.10 to $0.16
m5n7b8: folds 
Motopompa: folds 
Rafaelrda565: folds 
Lorpugo: calls $0.10
*** FLOP *** [6c Js 4d]
Lorpugo: bets $0.02
rulloman4: raises $0.21 to $0.23
Lorpugo: folds 
Uncalled bet ($0.21) returned to rulloman4
rulloman4 collected $0.40 from pot
rulloman4: doesn't show hand 
*** SUMMARY ***
Total pot $0.41 | Rake $0.01 
Board [6c Js 4d]
Seat 1: m5n7b8 (small blind) folded before Flop
Seat 2: Motopompa (big blind) folded before Flop
Seat 3: Rafaelrda565 folded before Flop
Seat 4: Lorpugo folded on the Flop
Seat 6: rulloman4 (button) collected ($0.40)



PokerStars Hand #239329744894:  Hold'em No Limit ($0.01/$0.02 USD) - 2022/10/19 15:54:07 ET
Table 'Izar III' 6-max Seat #1 is the button
Seat 1: m5n7b8 ($2 in chips) 
Seat 2: Motopompa ($2 in chips) 
Seat 3: Rafaelrda565 ($1.86 in chips) 
Seat 4: Lorpugo ($1.63 in chips) 
Seat 6: rulloman4 ($1.98 in chips) 
Motopompa: posts small blind $0.01
Rafaelrda565: posts big blind $0.02
*** HOLE CARDS ***
Dealt to Lorpugo [3d 6c]
Lorpugo: folds 
rulloman4: raises $0.04 to $0.06
m5n7b8: folds 
Motopompa: folds 
Rafaelrda565: calls $0.04
*** FLOP *** [Ts Js As]
Rafaelrda565: bets $0.08
rulloman4: calls $0.08
*** TURN *** [Ts Js As] [3c]
Rafaelrda565: checks 
rulloman4: bets $0.15
Rafaelrda565: calls $0.15
*** RIVER *** [Ts Js As 3c] [3s]
Rafaelrda565: checks 
rulloman4: bets $0.31
Rafaelrda565: calls $0.31
*** SHOW DOWN ***
rulloman4: shows [Tc Qs] (a flush, Ace high)
Rafaelrda565: mucks hand 
rulloman4 collected $1.17 from pot
*** SUMMARY ***
Total pot $1.21 | Rake $0.04 
Board [Ts Js As 3c 3s]
Seat 1: m5n7b8 (button) folded before Flop (didn't bet)
Seat 2: Motopompa (small blind) folded before Flop
Seat 3: Rafaelrda565 (big blind) mucked [7h Ah]
Seat 4: Lorpugo folded before Flop (didn't bet)
Seat 6: rulloman4 showed [Tc Qs] and won ($1.17) with a flush, Ace high



PokerStars Hand #239329765985:  Hold'em No Limit ($0.01/$0.02 USD) - 2022/10/19 15:55:02 ET
Table 'Izar III' 6-max Seat #2 is the button
Seat 1: m5n7b8 ($2 in chips) 
Seat 2: Motopompa ($2 in chips) 
Seat 3: Rafaelrda565 ($1.26 in chips) 
Seat 4: Lorpugo ($1.63 in chips) 
Seat 6: rulloman4 ($2.55 in chips) 
Rafaelrda565: posts small blind $0.01
Lorpugo: posts big blind $0.02
*** HOLE CARDS ***
Dealt to Lorpugo [6c 9s]
rulloman4: folds 
m5n7b8: folds 
Motopompa: folds 
Rafaelrda565: calls $0.01
Lorpugo: checks 
*** FLOP *** [Jc 2h Qc]
Rafaelrda565: checks 
Lorpugo: checks 
*** TURN *** [Jc 2h Qc] [Jd]
Rafaelrda565: checks 
Lorpugo: checks 
*** RIVER *** [Jc 2h Qc Jd] [Qd]
Rafaelrda565: bets $0.04
Lorpugo: folds 
Uncalled bet ($0.04) returned to Rafaelrda565
Rafaelrda565 collected $0.04 from pot
Rafaelrda565: doesn't show hand 
*** SUMMARY ***
Total pot $0.04 | Rake $0 
Board [Jc 2h Qc Jd Qd]
Seat 1: m5n7b8 folded before Flop (didn't bet)
Seat 2: Motopompa (button) folded before Flop (didn't bet)
Seat 3: Rafaelrda565 (small blind) collected ($0.04)
Seat 4: Lorpugo (big blind) folded on the River
Seat 6: rulloman4 folded before Flop (didn't bet)



PokerStars Hand #239329780163:  Hold'em No Limit ($0.01/$0.02 USD) - 2022/10/19 15:55:50 ET
Table 'Izar III' 6-max Seat #3 is the button
Seat 1: m5n7b8 ($2 in chips) 
Seat 2: Motopompa ($2 in chips) 
Seat 3: Rafaelrda565 ($1.28 in chips) 
Seat 4: Lorpugo ($1.61 in chips) 
Seat 6: rulloman4 ($2.55 in chips) 
Lorpugo: posts small blind $0.01
rulloman4: posts big blind $0.02
*** HOLE CARDS ***
Dealt to Lorpugo [8h Ad]
m5n7b8: folds 
Motopompa: folds 
Rafaelrda565: calls $0.02
Lorpugo: raises $0.10 to $0.12
rulloman4: folds 
Rafaelrda565: raises $0.10 to $0.22
Lorpugo: calls $0.10
*** FLOP *** [Qh 8d Jd]
Lorpugo: checks 
Rafaelrda565: checks 
*** TURN *** [Qh 8d Jd] [3s]
Lorpugo: checks 
Rafaelrda565: bets $0.10
Lorpugo: calls $0.10
*** RIVER *** [Qh 8d Jd 3s] [2d]
Lorpugo: checks 
Rafaelrda565: bets $0.30
Lorpugo: raises $0.99 to $1.29 and is all-in
Rafaelrda565: folds 
Uncalled bet ($0.99) returned to Lorpugo
Lorpugo collected $1.22 from pot
Lorpugo: doesn't show hand 
*** SUMMARY ***
Total pot $1.26 | Rake $0.04 
Board [Qh 8d Jd 3s 2d]
Seat 1: m5n7b8 folded before Flop (didn't bet)
Seat 2: Motopompa folded before Flop (didn't bet)
Seat 3: Rafaelrda565 (button) folded on the River
Seat 4: Lorpugo (small blind) collected ($1.22)
Seat 6: rulloman4 (big blind) folded before Flop



PokerStars Hand #239329800339:  Hold'em No Limit ($0.01/$0.02 USD) - 2022/10/19 15:57:01 ET
Table 'Izar III' 6-max Seat #4 is the button
Seat 1: m5n7b8 ($2 in chips) 
Seat 2: Motopompa ($2 in chips) 
Seat 3: Rafaelrda565 ($0.66 in chips) 
Seat 4: Lorpugo ($2.21 in chips) 
Seat 6: rulloman4 ($2.53 in chips) 
rulloman4: posts small blind $0.01
m5n7b8: posts big blind $0.02
*** HOLE CARDS ***
Dealt to Lorpugo [9c 4s]
Motopompa: folds 
Rafaelrda565: folds 
Rafaelrda565 leaves the table
Lorpugo: folds 
rulloman4: folds 
Uncalled bet ($0.01) returned to m5n7b8
m5n7b8 collected $0.02 from pot
m5n7b8: doesn't show hand 
*** SUMMARY ***
Total pot $0.02 | Rake $0 
Seat 1: m5n7b8 (big blind) collected ($0.02)
Seat 2: Motopompa folded before Flop (didn't bet)
Seat 3: Rafaelrda565 folded before Flop (didn't bet)
Seat 4: Lorpugo (button) folded before Flop (didn't bet)
Seat 6: rulloman4 (small blind) folded before Flop



PokerStars Hand #239329803147:  Hold'em No Limit ($0.01/$0.02 USD) - 2022/10/19 15:57:11 ET
Table 'Izar III' 6-max Seat #6 is the button
Seat 1: m5n7b8 ($2.01 in chips) 
Seat 2: Motopompa ($2 in chips) 
Seat 4: Lorpugo ($2.21 in chips) 
Seat 6: rulloman4 ($2.52 in chips) 
m5n7b8: posts small blind $0.01
Motopompa: posts big blind $0.02
lauti214: sits out 
*** HOLE CARDS ***
Dealt to Lorpugo [2s 8s]
Lorpugo: folds 
rulloman4: folds 
m5n7b8: folds 
Uncalled bet ($0.01) returned to Motopompa
Motopompa collected $0.02 from pot
Motopompa: doesn't show hand 
*** SUMMARY ***
Total pot $0.02 | Rake $0 
Seat 1: m5n7b8 (small blind) folded before Flop
Seat 2: Motopompa (big blind) collected ($0.02)
Seat 4: Lorpugo folded before Flop (didn't bet)
Seat 6: rulloman4 (button) folded before Flop (didn't bet)



PokerStars Hand #239329806308:  Hold'em No Limit ($0.01/$0.02 USD) - 2022/10/19 15:57:23 ET
Table 'Izar III' 6-max Seat #1 is the button
Seat 1: m5n7b8 ($2 in chips) 
Seat 2: Motopompa ($2.01 in chips) 
Seat 4: Lorpugo ($2.21 in chips) 
Seat 6: rulloman4 ($2.52 in chips) 
Motopompa: posts small blind $0.01
Lorpugo: posts big blind $0.02
lauti214: sits out 
*** HOLE CARDS ***
Dealt to Lorpugo [2c 9h]
rulloman4: raises $0.04 to $0.06
m5n7b8: folds 
Motopompa: folds 
Lorpugo: folds 
Uncalled bet ($0.04) returned to rulloman4
rulloman4 collected $0.05 from pot
rulloman4: doesn't show hand 
*** SUMMARY ***
Total pot $0.05 | Rake $0 
Seat 1: m5n7b8 (button) folded before Flop (didn't bet)
Seat 2: Motopompa (small blind) folded before Flop
Seat 4: Lorpugo (big blind) folded before Flop
Seat 6: rulloman4 collected ($0.05)



PokerStars Hand #239329810659:  Hold'em No Limit ($0.01/$0.02 USD) - 2022/10/19 15:57:38 ET
Table 'Izar III' 6-max Seat #2 is the button
Seat 1: m5n7b8 ($2 in chips) 
Seat 2: Motopompa ($2 in chips) 
Seat 4: Lorpugo ($2.19 in chips) 
Seat 5: lauti214 ($1.90 in chips) 
Seat 6: rulloman4 ($2.55 in chips) 
Lorpugo: posts small blind $0.01
lauti214: posts big blind $0.02
*** HOLE CARDS ***
Dealt to Lorpugo [Kd 5d]
Zer0Ambition joins the table at seat #3 
rulloman4: folds 
m5n7b8: folds 
Motopompa: folds 
Lorpugo: raises $0.04 to $0.06
lauti214: folds 
Uncalled bet ($0.04) returned to Lorpugo
Lorpugo collected $0.04 from pot
Lorpugo: doesn't show hand 
*** SUMMARY ***
Total pot $0.04 | Rake $0 
Seat 1: m5n7b8 folded before Flop (didn't bet)
Seat 2: Motopompa (button) folded before Flop (didn't bet)
Seat 4: Lorpugo (small blind) collected ($0.04)
Seat 5: lauti214 (big blind) folded before Flop
Seat 6: rulloman4 folded before Flop (didn't bet)



PokerStars Hand #239329818328:  Hold'em No Limit ($0.01/$0.02 USD) - 2022/10/19 15:58:05 ET
Table 'Izar III' 6-max Seat #4 is the button
Seat 1: m5n7b8 ($2 in chips) 
Seat 2: Motopompa ($2 in chips) 
Seat 3: Zer0Ambition ($2 in chips) 
Seat 4: Lorpugo ($2.21 in chips) 
Seat 6: rulloman4 ($2.55 in chips) 
rulloman4: posts small blind $0.01
m5n7b8: posts big blind $0.02
Zer0Ambition: posts big blind $0.02
*** HOLE CARDS ***
Dealt to Lorpugo [9c Ad]
Motopompa: folds 
Zer0Ambition: checks 
Lorpugo: raises $0.10 to $0.12
rulloman4: folds 
m5n7b8: folds 
Zer0Ambition: folds 
Uncalled bet ($0.10) returned to Lorpugo
Lorpugo collected $0.07 from pot
Lorpugo: doesn't show hand 
*** SUMMARY ***
Total pot $0.07 | Rake $0 
Seat 1: m5n7b8 (big blind) folded before Flop
Seat 2: Motopompa folded before Flop (didn't bet)
Seat 3: Zer0Ambition folded before Flop (didn't bet)
Seat 4: Lorpugo (button) collected ($0.07)
Seat 6: rulloman4 (small blind) folded before Flop



PokerStars Hand #239329825927:  Hold'em No Limit ($0.01/$0.02 USD) - 2022/10/19 15:58:32 ET
Table 'Izar III' 6-max Seat #6 is the button
Seat 1: m5n7b8 ($2 in chips) 
Seat 2: Motopompa ($2 in chips) 
Seat 3: Zer0Ambition ($1.98 in chips) 
Seat 4: Lorpugo ($2.26 in chips) 
Seat 6: rulloman4 ($2.54 in chips) 
m5n7b8: posts small blind $0.01
Motopompa: posts big blind $0.02
*** HOLE CARDS ***
Dealt to Lorpugo [Qs 5s]
Zer0Ambition: folds 
Lorpugo: folds 
rulloman4: folds 
m5n7b8: folds 
Uncalled bet ($0.01) returned to Motopompa
Motopompa collected $0.02 from pot
Motopompa: doesn't show hand 
*** SUMMARY ***
Total pot $0.02 | Rake $0 
Seat 1: m5n7b8 (small blind) folded before Flop
Seat 2: Motopompa (big blind) collected ($0.02)
Seat 3: Zer0Ambition folded before Flop (didn't bet)
Seat 4: Lorpugo folded before Flop (didn't bet)
Seat 6: rulloman4 (button) folded before Flop (didn't bet)



PokerStars Hand #239329831913:  Hold'em No Limit ($0.01/$0.02 USD) - 2022/10/19 15:58:53 ET
Table 'Izar III' 6-max Seat #1 is the button
Seat 1: m5n7b8 ($2 in chips) 
Seat 2: Motopompa ($2.01 in chips) 
Seat 3: Zer0Ambition ($1.98 in chips) 
Seat 4: Lorpugo ($2.26 in chips) 
Seat 6: rulloman4 ($2.54 in chips) 
Motopompa: posts small blind $0.01
Zer0Ambition: posts big blind $0.02
*** HOLE CARDS ***
Dealt to Lorpugo [5h 5d]
Lorpugo: raises $0.04 to $0.06
rulloman4: folds 
m5n7b8: folds 
Motopompa: folds 
Zer0Ambition: raises $0.14 to $0.20
Lorpugo: folds 
Uncalled bet ($0.14) returned to Zer0Ambition
Zer0Ambition collected $0.13 from pot
Zer0Ambition: doesn't show hand 
*** SUMMARY ***
Total pot $0.13 | Rake $0 
Seat 1: m5n7b8 (button) folded before Flop (didn't bet)
Seat 2: Motopompa (small blind) folded before Flop
Seat 3: Zer0Ambition (big blind) collected ($0.13)
Seat 4: Lorpugo folded before Flop
Seat 6: rulloman4 folded before Flop (didn't bet)



PokerStars Hand #239329840256:  Hold'em No Limit ($0.01/$0.02 USD) - 2022/10/19 15:59:22 ET
Table 'Izar III' 6-max Seat #2 is the button
Seat 1: m5n7b8 ($2 in chips) 
Seat 2: Motopompa ($2 in chips) 
Seat 3: Zer0Ambition ($2.05 in chips) 
Seat 4: Lorpugo ($2.20 in chips) 
Seat 6: rulloman4 ($2.54 in chips) 
Zer0Ambition: posts small blind $0.01
Lorpugo: posts big blind $0.02
*** HOLE CARDS ***
Dealt to Lorpugo [4d Th]
rulloman4: raises $0.04 to $0.06
m5n7b8: folds 
Motopompa: calls $0.06
Zer0Ambition: folds 
Lorpugo: folds 
*** FLOP *** [4h 9h 5s]
Zer0Ambition leaves the table
rulloman4: checks 
Motopompa: bets $0.10
rulloman4: folds 
Uncalled bet ($0.10) returned to Motopompa
lauti214 is disconnected 
Motopompa collected $0.14 from pot
Motopompa: doesn't show hand 
*** SUMMARY ***
Total pot $0.15 | Rake $0.01 
Board [4h 9h 5s]
Seat 1: m5n7b8 folded before Flop (didn't bet)
Seat 2: Motopompa (button) collected ($0.14)
Seat 3: Zer0Ambition (small blind) folded before Flop
Seat 4: Lorpugo (big blind) folded before Flop
Seat 6: rulloman4 folded on the Flop



PokerStars Hand #239329847084:  Hold'em No Limit ($0.01/$0.02 USD) - 2022/10/19 15:59:47 ET
Table 'Izar III' 6-max Seat #4 is the button
Seat 1: m5n7b8 ($2 in chips) 
Seat 2: Motopompa ($2.08 in chips) 
Seat 4: Lorpugo ($2.18 in chips) 
Seat 6: rulloman4 ($2.48 in chips) 
rulloman4: posts small blind $0.01
m5n7b8: posts big blind $0.02
*** HOLE CARDS ***
Dealt to Lorpugo [Jc Kc]
Motopompa: folds 
Lorpugo: raises $0.04 to $0.06
rulloman4: folds 
m5n7b8: folds 
Uncalled bet ($0.04) returned to Lorpugo
Lorpugo collected $0.05 from pot
Lorpugo: doesn't show hand 
*** SUMMARY ***
Total pot $0.05 | Rake $0 
Seat 1: m5n7b8 (big blind) folded before Flop
Seat 2: Motopompa folded before Flop (didn't bet)
Seat 4: Lorpugo (button) collected ($0.05)
Seat 6: rulloman4 (small blind) folded before Flop



PokerStars Hand #239329850537:  Hold'em No Limit ($0.01/$0.02 USD) - 2022/10/19 15:59:59 ET
Table 'Izar III' 6-max Seat #6 is the button
Seat 1: m5n7b8 ($2 in chips) 
Seat 2: Motopompa ($2.08 in chips) 
Seat 4: Lorpugo ($2.21 in chips) 
Seat 6: rulloman4 ($2.47 in chips) 
m5n7b8: posts small blind $0.01
Motopompa: posts big blind $0.02
*** HOLE CARDS ***
Dealt to Lorpugo [3d 2h]
Lorpugo: folds 
rulloman4: folds 
m5n7b8: raises $0.04 to $0.06
Motopompa: raises $0.12 to $0.18
rulloman4 leaves the table
m5n7b8: calls $0.12
*** FLOP *** [Js 7s 6d]
m5n7b8: checks 
Motopompa: bets $0.16
m5n7b8: calls $0.16
*** TURN *** [Js 7s 6d] [5s]
m5n7b8: checks 
Motopompa: checks 
*** RIVER *** [Js 7s 6d 5s] [Jd]
m5n7b8: checks 
Motopompa: checks 
*** SHOW DOWN ***
m5n7b8: shows [Qs Qh] (two pair, Queens and Jacks)
Motopompa: mucks hand 
m5n7b8 collected $0.66 from pot
*** SUMMARY ***
Total pot $0.68 | Rake $0.02 
Board [Js 7s 6d 5s Jd]
Seat 1: m5n7b8 (small blind) showed [Qs Qh] and won ($0.66) with two pair, Queens and Jacks
Seat 2: Motopompa (big blind) mucked [9c Ac]
Seat 4: Lorpugo folded before Flop (didn't bet)
Seat 6: rulloman4 (button) folded before Flop (didn't bet)



PokerStars Hand #239329869618:  Hold'em No Limit ($0.01/$0.02 USD) - 2022/10/19 16:01:02 ET
Table 'Izar III' 6-max Seat #1 is the button
Seat 1: m5n7b8 ($2.32 in chips) 
Seat 2: Motopompa ($2 in chips) 
Seat 4: Lorpugo ($2.21 in chips) 
Motopompa: posts small blind $0.01
Lorpugo: posts big blind $0.02
*** HOLE CARDS ***
Dealt to Lorpugo [7s 2c]
m5n7b8: folds 
Motopompa: folds 
Uncalled bet ($0.01) returned to Lorpugo
Lorpugo collected $0.02 from pot
Lorpugo: doesn't show hand 
*** SUMMARY ***
Total pot $0.02 | Rake $0 
Seat 1: m5n7b8 (button) folded before Flop (didn't bet)
Seat 2: Motopompa (small blind) folded before Flop
Seat 4: Lorpugo (big blind) collected ($0.02)



PokerStars Hand #239329877253:  Hold'em No Limit ($0.01/$0.02 USD) - 2022/10/19 16:01:25 ET
Table 'Izar III' 6-max Seat #2 is the button
Seat 1: m5n7b8 ($2.32 in chips) 
Seat 2: Motopompa ($2 in chips) 
Seat 4: Lorpugo ($2.22 in chips) 
Lorpugo: posts small blind $0.01
m5n7b8: posts big blind $0.02
*** HOLE CARDS ***
Dealt to Lorpugo [Ks Tc]
Motopompa: raises $0.04 to $0.06
Lorpugo: calls $0.05
m5n7b8: folds 
*** FLOP *** [5d 8d Th]
Lorpugo: bets $0.09
Motopompa: calls $0.09
*** TURN *** [5d 8d Th] [Kc]
Lorpugo: checks 
Motopompa: bets $0.16
Lorpugo: raises $0.24 to $0.40
Motopompa: folds 
Uncalled bet ($0.24) returned to Lorpugo
Lorpugo collected $0.62 from pot
Lorpugo: doesn't show hand 
*** SUMMARY ***
Total pot $0.64 | Rake $0.02 
Board [5d 8d Th Kc]
Seat 1: m5n7b8 (big blind) folded before Flop
Seat 2: Motopompa (button) folded on the Turn
Seat 4: Lorpugo (small blind) collected ($0.62)



PokerStars Hand #239329897990:  Hold'em No Limit ($0.01/$0.02 USD) - 2022/10/19 16:02:23 ET
Table 'Izar III' 6-max Seat #4 is the button
Seat 1: m5n7b8 ($2.30 in chips) 
Seat 2: Motopompa ($2 in chips) 
Seat 4: Lorpugo ($2.53 in chips) 
m5n7b8: posts small blind $0.01
Motopompa: posts big blind $0.02
*** HOLE CARDS ***
Dealt to Lorpugo [9d Kc]
Lorpugo: raises $0.04 to $0.06
m5n7b8: folds 
Motopompa: folds 
Uncalled bet ($0.04) returned to Lorpugo
Lorpugo collected $0.05 from pot
Lorpugo: doesn't show hand 
*** SUMMARY ***
Total pot $0.05 | Rake $0 
Seat 1: m5n7b8 (small blind) folded before Flop
Seat 2: Motopompa (big blind) folded before Flop
Seat 4: Lorpugo (button) collected ($0.05)



PokerStars Hand #239329901657:  Hold'em No Limit ($0.01/$0.02 USD) - 2022/10/19 16:02:33 ET
Table 'Izar III' 6-max Seat #1 is the button
Seat 1: m5n7b8 ($2.29 in chips) 
Seat 2: Motopompa ($2 in chips) 
Seat 4: Lorpugo ($2.56 in chips) 
Motopompa: posts small blind $0.01
Lorpugo: posts big blind $0.02
*** HOLE CARDS ***
Dealt to Lorpugo [Ts Qc]
m5n7b8: folds 
Motopompa: folds 
Uncalled bet ($0.01) returned to Lorpugo
Lorpugo collected $0.02 from pot
Lorpugo: doesn't show hand 
*** SUMMARY ***
Total pot $0.02 | Rake $0 
Seat 1: m5n7b8 (button) folded before Flop (didn't bet)
Seat 2: Motopompa (small blind) folded before Flop
Seat 4: Lorpugo (big blind) collected ($0.02)



PokerStars Hand #239329904895:  Hold'em No Limit ($0.01/$0.02 USD) - 2022/10/19 16:02:41 ET
Table 'Izar III' 6-max Seat #2 is the button
Seat 1: m5n7b8 ($2.29 in chips) 
Seat 2: Motopompa ($2 in chips) 
Seat 4: Lorpugo ($2.57 in chips) 
Lorpugo: posts small blind $0.01
m5n7b8: posts big blind $0.02
*** HOLE CARDS ***
Dealt to Lorpugo [8h 2h]
Motopompa: folds 
Lorpugo: raises $0.04 to $0.06
m5n7b8: folds 
Uncalled bet ($0.04) returned to Lorpugo
Lorpugo collected $0.04 from pot
lauti214 leaves the table
Lorpugo: doesn't show hand 
*** SUMMARY ***
Total pot $0.04 | Rake $0 
Seat 1: m5n7b8 (big blind) folded before Flop
Seat 2: Motopompa (button) folded before Flop (didn't bet)
Seat 4: Lorpugo (small blind) collected ($0.04)



PokerStars Hand #239329911919:  Hold'em No Limit ($0.01/$0.02 USD) - 2022/10/19 16:03:00 ET
Table 'Izar III' 6-max Seat #4 is the button
Seat 1: m5n7b8 ($2.27 in chips) 
Seat 2: Motopompa ($2 in chips) 
Seat 4: Lorpugo ($2.59 in chips) 
m5n7b8: posts small blind $0.01
Motopompa: posts big blind $0.02
*** HOLE CARDS ***
Dealt to Lorpugo [Qd Jh]
Lorpugo: raises $0.04 to $0.06
m5n7b8: folds 
Motopompa: folds 
Uncalled bet ($0.04) returned to Lorpugo
Lorpugo collected $0.05 from pot
Lorpugo: doesn't show hand 
*** SUMMARY ***
Total pot $0.05 | Rake $0 
Seat 1: m5n7b8 (small blind) folded before Flop
Seat 2: Motopompa (big blind) folded before Flop
Seat 4: Lorpugo (button) collected ($0.05)



PokerStars Hand #239329919268:  Hold'em No Limit ($0.01/$0.02 USD) - 2022/10/19 16:03:19 ET
Table 'Izar III' 6-max Seat #1 is the button
Seat 1: m5n7b8 ($2.26 in chips) 
Seat 2: Motopompa ($2 in chips) 
Seat 4: Lorpugo ($2.62 in chips) 
Motopompa: posts small blind $0.01
Lorpugo: posts big blind $0.02
*** HOLE CARDS ***
Dealt to Lorpugo [9c Ks]
m5n7b8: raises $0.03 to $0.05
Motopompa: folds 
Lorpugo: calls $0.03
*** FLOP *** [Qc 5d As]
Lorpugo: checks 
m5n7b8: bets $0.07
Lorpugo: folds 
Uncalled bet ($0.07) returned to m5n7b8
m5n7b8 collected $0.11 from pot
m5n7b8: doesn't show hand 
*** SUMMARY ***
Total pot $0.11 | Rake $0 
Board [Qc 5d As]
Seat 1: m5n7b8 (button) collected ($0.11)
Seat 2: Motopompa (small blind) folded before Flop
Seat 4: Lorpugo (big blind) folded on the Flop



PokerStars Hand #239329927467:  Hold'em No Limit ($0.01/$0.02 USD) - 2022/10/19 16:03:41 ET
Table 'Izar III' 6-max Seat #2 is the button
Seat 1: m5n7b8 ($2.32 in chips) 
Seat 2: Motopompa ($2 in chips) 
Seat 4: Lorpugo ($2.57 in chips) 
Lorpugo: posts small blind $0.01
m5n7b8: posts big blind $0.02
*** HOLE CARDS ***
Dealt to Lorpugo [3d 5s]
Motopompa: folds 
Lorpugo: folds 
Uncalled bet ($0.01) returned to m5n7b8
m5n7b8 collected $0.02 from pot
m5n7b8: doesn't show hand 
*** SUMMARY ***
Total pot $0.02 | Rake $0 
Seat 1: m5n7b8 (big blind) collected ($0.02)
Seat 2: Motopompa (button) folded before Flop (didn't bet)
Seat 4: Lorpugo (small blind) folded before Flop



PokerStars Hand #239329932329:  Hold'em No Limit ($0.01/$0.02 USD) - 2022/10/19 16:03:54 ET
Table 'Izar III' 6-max Seat #4 is the button
Seat 1: m5n7b8 ($2.33 in chips) 
Seat 2: Motopompa ($2 in chips) 
Seat 4: Lorpugo ($2.56 in chips) 
m5n7b8: posts small blind $0.01
Motopompa: posts big blind $0.02
*** HOLE CARDS ***
Dealt to Lorpugo [Kd 3h]
DonFermin joins the table at seat #3 
Lorpugo: raises $0.04 to $0.06
m5n7b8: folds 
Motopompa: calls $0.04
*** FLOP *** [3s 5d Qs]
Motopompa: checks 
Lemonstr777 joins the table at seat #5 
Lorpugo: bets $0.06
Motopompa: folds 
Uncalled bet ($0.06) returned to Lorpugo
Lorpugo collected $0.13 from pot
Lorpugo: doesn't show hand 
*** SUMMARY ***
Total pot $0.13 | Rake $0 
Board [3s 5d Qs]
Seat 1: m5n7b8 (small blind) folded before Flop
Seat 2: Motopompa (big blind) folded on the Flop
Seat 4: Lorpugo (button) collected ($0.13)



PokerStars Hand #239329943954:  Hold'em No Limit ($0.01/$0.02 USD) - 2022/10/19 16:04:25 ET
Table 'Izar III' 6-max Seat #1 is the button
Seat 1: m5n7b8 ($2.32 in chips) 
Seat 2: Motopompa ($2 in chips) 
Seat 3: DonFermin ($2 in chips) 
Seat 4: Lorpugo ($2.63 in chips) 
Motopompa: posts small blind $0.01
DonFermin: posts big blind $0.02
Lemonstr777: sits out 
*** HOLE CARDS ***
Dealt to Lorpugo [Ts 7c]
Lorpugo: folds 
m5n7b8: folds 
Motopompa: folds 
Uncalled bet ($0.01) returned to DonFermin
DonFermin collected $0.02 from pot
*** SUMMARY ***
Total pot $0.02 | Rake $0 
Seat 1: m5n7b8 (button) folded before Flop (didn't bet)
Seat 2: Motopompa (small blind) folded before Flop
Seat 3: DonFermin (big blind) collected ($0.02)
Seat 4: Lorpugo folded before Flop (didn't bet)



PokerStars Hand #239329949203:  Hold'em No Limit ($0.01/$0.02 USD) - 2022/10/19 16:04:38 ET
Table 'Izar III' 6-max Seat #2 is the button
Seat 1: m5n7b8 ($2.32 in chips) 
Seat 2: Motopompa ($2 in chips) 
Seat 3: DonFermin ($2.01 in chips) 
Seat 4: Lorpugo ($2.63 in chips) 
DonFermin: posts small blind $0.01
Lorpugo: posts big blind $0.02
Lemonstr777: sits out 
*** HOLE CARDS ***
Dealt to Lorpugo [Kc 8c]
m5n7b8: folds 
Motopompa: folds 
DonFermin: calls $0.01
Lorpugo: raises $0.10 to $0.12
DonFermin: calls $0.10
*** FLOP *** [3c 8d Qc]
DonFermin: bets $0.04
Lorpugo: raises $0.14 to $0.18
DonFermin: folds 
Uncalled bet ($0.14) returned to Lorpugo
Lorpugo collected $0.31 from pot
Lorpugo: doesn't show hand 
*** SUMMARY ***
Total pot $0.32 | Rake $0.01 
Board [3c 8d Qc]
Seat 1: m5n7b8 folded before Flop (didn't bet)
Seat 2: Motopompa (button) folded before Flop (didn't bet)
Seat 3: DonFermin (small blind) folded on the Flop
Seat 4: Lorpugo (big blind) collected ($0.31)



PokerStars Hand #239329959198:  Hold'em No Limit ($0.01/$0.02 USD) - 2022/10/19 16:05:04 ET
Table 'Izar III' 6-max Seat #3 is the button
Seat 1: m5n7b8 ($2.32 in chips) 
Seat 2: Motopompa ($2 in chips) 
Seat 3: DonFermin ($1.85 in chips) 
Seat 4: Lorpugo ($2.78 in chips) 
Seat 5: Lemonstr777 ($2 in chips) 
Lorpugo: posts small blind $0.01
Lemonstr777: posts big blind $0.02
*** HOLE CARDS ***
Dealt to Lorpugo [Ks 7h]
m5n7b8: folds 
Motopompa: folds 
DonFermin: calls $0.02
Lorpugo: calls $0.01
Lemonstr777: checks 
*** FLOP *** [Jd 9c Ah]
Lorpugo: checks 
Lemonstr777: checks 
DonFermin: bets $0.04
Lorpugo: folds 
Lemonstr777: folds 
Uncalled bet ($0.04) returned to DonFermin
DonFermin collected $0.06 from pot
wilksey212 joins the table at seat #6 
*** SUMMARY ***
Total pot $0.06 | Rake $0 
Board [Jd 9c Ah]
Seat 1: m5n7b8 folded before Flop (didn't bet)
Seat 2: Motopompa folded before Flop (didn't bet)
Seat 3: DonFermin (button) collected ($0.06)
Seat 4: Lorpugo (small blind) folded on the Flop
Seat 5: Lemonstr777 (big blind) folded on the Flop



PokerStars Hand #239329976664:  Hold'em No Limit ($0.01/$0.02 USD) - 2022/10/19 16:05:50 ET
Table 'Izar III' 6-max Seat #4 is the button
Seat 1: m5n7b8 ($2.32 in chips) 
Seat 2: Motopompa ($2 in chips) 
Seat 3: DonFermin ($1.89 in chips) 
Seat 4: Lorpugo ($2.76 in chips) 
Seat 5: Lemonstr777 ($2 in chips) 
Seat 6: wilksey212 ($1.60 in chips) 
Lemonstr777: posts small blind $0.01
wilksey212: posts big blind $0.02
*** HOLE CARDS ***
Dealt to Lorpugo [5h Jh]
m5n7b8: folds 
Motopompa: raises $0.04 to $0.06
DonFermin: calls $0.06
Lorpugo: folds 
Lemonstr777: folds 
wilksey212: calls $0.04
*** FLOP *** [6s Ts 3d]
wilksey212: checks 
Motopompa: checks 
DonFermin: bets $0.06
wilksey212: calls $0.06
Motopompa: folds 
*** TURN *** [6s Ts 3d] [6d]
wilksey212: checks 
DonFermin: checks 
*** RIVER *** [6s Ts 3d 6d] [Kh]
wilksey212: bets $0.12
DonFermin: calls $0.12
*** SHOW DOWN ***
wilksey212: shows [3s Ah] (two pair, Sixes and Threes)
DonFermin: shows [Th As] (two pair, Tens and Sixes)
DonFermin collected $0.53 from pot
*** SUMMARY ***
Total pot $0.55 | Rake $0.02 
Board [6s Ts 3d 6d Kh]
Seat 1: m5n7b8 folded before Flop (didn't bet)
Seat 2: Motopompa folded on the Flop
Seat 3: DonFermin showed [Th As] and won ($0.53) with two pair, Tens and Sixes
Seat 4: Lorpugo (button) folded before Flop (didn't bet)
Seat 5: Lemonstr777 (small blind) folded before Flop
Seat 6: wilksey212 (big blind) showed [3s Ah] and lost with two pair, Sixes and Threes



PokerStars Hand #239329997190:  Hold'em No Limit ($0.01/$0.02 USD) - 2022/10/19 16:06:45 ET
Table 'Izar III' 6-max Seat #5 is the button
Seat 1: m5n7b8 ($2.32 in chips) 
Seat 2: Motopompa ($2 in chips) 
Seat 3: DonFermin ($2.18 in chips) 
Seat 4: Lorpugo ($2.76 in chips) 
Seat 5: Lemonstr777 ($2 in chips) 
Seat 6: wilksey212 ($1.36 in chips) 
wilksey212: posts small blind $0.01
m5n7b8: posts big blind $0.02
*** HOLE CARDS ***
Dealt to Lorpugo [2d Jh]
Motopompa: folds 
DonFermin: calls $0.02
Lorpugo: folds 
Lemonstr777: folds 
wilksey212: calls $0.01
m5n7b8: checks 
*** FLOP *** [4c Tc Js]
wilksey212: checks 
m5n7b8: checks 
DonFermin: bets $0.06
wilksey212: folds 
m5n7b8: calls $0.06
*** TURN *** [4c Tc Js] [Jd]
m5n7b8: checks 
DonFermin: bets $0.02
m5n7b8: calls $0.02
*** RIVER *** [4c Tc Js Jd] [Jc]
m5n7b8: checks 
DonFermin: bets $0.10
m5n7b8: calls $0.10
*** SHOW DOWN ***
DonFermin: shows [9c Td] (a full house, Jacks full of Tens)
m5n7b8: mucks hand 
DonFermin collected $0.41 from pot
*** SUMMARY ***
Total pot $0.42 | Rake $0.01 
Board [4c Tc Js Jd Jc]
Seat 1: m5n7b8 (big blind) mucked [9s Qd]
Seat 2: Motopompa folded before Flop (didn't bet)
Seat 3: DonFermin showed [9c Td] and won ($0.41) with a full house, Jacks full of Tens
Seat 4: Lorpugo folded before Flop (didn't bet)
Seat 5: Lemonstr777 (button) folded before Flop (didn't bet)
Seat 6: wilksey212 (small blind) folded on the Flop



PokerStars Hand #239330015002:  Hold'em No Limit ($0.01/$0.02 USD) - 2022/10/19 16:07:32 ET
Table 'Izar III' 6-max Seat #6 is the button
Seat 1: m5n7b8 ($2.12 in chips) 
Seat 2: Motopompa ($2 in chips) 
Seat 3: DonFermin ($2.39 in chips) 
Seat 4: Lorpugo ($2.76 in chips) 
Seat 5: Lemonstr777 ($2 in chips) 
Seat 6: wilksey212 ($1.34 in chips) 
m5n7b8: posts small blind $0.01
Motopompa: posts big blind $0.02
*** HOLE CARDS ***
Dealt to Lorpugo [9s Qh]
DonFermin: calls $0.02
Lorpugo: folds 
Lemonstr777: raises $0.04 to $0.06
wilksey212: calls $0.06
m5n7b8: folds 
Motopompa: folds 
DonFermin: calls $0.04
*** FLOP *** [Td 6d 6h]
DonFermin: bets $0.02
Lemonstr777: raises $0.10 to $0.12
wilksey212: folds 
DonFermin: calls $0.10
*** TURN *** [Td 6d 6h] [2s]
DonFermin: checks 
Lemonstr777: bets $0.24
DonFermin: calls $0.24
*** RIVER *** [Td 6d 6h 2s] [Qc]
DonFermin: checks 
Lemonstr777: bets $0.30
DonFermin: folds 
Uncalled bet ($0.30) returned to Lemonstr777
Lemonstr777 collected $0.90 from pot
*** SUMMARY ***
Total pot $0.93 | Rake $0.03 
Board [Td 6d 6h 2s Qc]
Seat 1: m5n7b8 (small blind) folded before Flop
Seat 2: Motopompa (big blind) folded before Flop
Seat 3: DonFermin folded on the River
Seat 4: Lorpugo folded before Flop (didn't bet)
Seat 5: Lemonstr777 collected ($0.90)
Seat 6: wilksey212 (button) folded on the Flop



PokerStars Hand #239330030827:  Hold'em No Limit ($0.01/$0.02 USD) - 2022/10/19 16:08:13 ET
Table 'Izar III' 6-max Seat #1 is the button
Seat 1: m5n7b8 ($2.11 in chips) 
Seat 2: Motopompa ($2 in chips) 
Seat 3: DonFermin ($1.97 in chips) 
Seat 4: Lorpugo ($2.76 in chips) 
Seat 5: Lemonstr777 ($2.48 in chips) 
Seat 6: wilksey212 ($1.28 in chips) 
Motopompa: posts small blind $0.01
DonFermin: posts big blind $0.02
*** HOLE CARDS ***
Dealt to Lorpugo [7d 8c]
Lorpugo: folds 
Lemonstr777: folds 
wilksey212: folds 
m5n7b8: raises $0.03 to $0.05
Motopompa: folds 
DonFermin: calls $0.03
*** FLOP *** [2d 7h 3h]
DonFermin: checks 
m5n7b8: bets $0.04
DonFermin: calls $0.04
*** TURN *** [2d 7h 3h] [9c]
DonFermin: bets $0.04
m5n7b8: calls $0.04
*** RIVER *** [2d 7h 3h 9c] [Qs]
DonFermin: checks 
m5n7b8: checks 
*** SHOW DOWN ***
DonFermin: shows [8d 4s] (high card Queen)
m5n7b8: shows [4c Ah] (high card Ace)
m5n7b8 collected $0.26 from pot
*** SUMMARY ***
Total pot $0.27 | Rake $0.01 
Board [2d 7h 3h 9c Qs]
Seat 1: m5n7b8 (button) showed [4c Ah] and won ($0.26) with high card Ace
Seat 2: Motopompa (small blind) folded before Flop
Seat 3: DonFermin (big blind) showed [8d 4s] and lost with high card Queen
Seat 4: Lorpugo folded before Flop (didn't bet)
Seat 5: Lemonstr777 folded before Flop (didn't bet)
Seat 6: wilksey212 folded before Flop (didn't bet)



PokerStars Hand #239330044705:  Hold'em No Limit ($0.01/$0.02 USD) - 2022/10/19 16:08:50 ET
Table 'Izar III' 6-max Seat #2 is the button
Seat 1: m5n7b8 ($2.24 in chips) 
Seat 2: Motopompa ($2 in chips) 
Seat 3: DonFermin ($1.84 in chips) 
Seat 4: Lorpugo ($2.76 in chips) 
Seat 5: Lemonstr777 ($2.48 in chips) 
Seat 6: wilksey212 ($1.28 in chips) 
DonFermin: posts small blind $0.01
Lorpugo: posts big blind $0.02
*** HOLE CARDS ***
Dealt to Lorpugo [5h Ah]
Lemonstr777: raises $0.04 to $0.06
wilksey212 has timed out
wilksey212: folds 
m5n7b8: folds 
Motopompa: folds 
DonFermin: calls $0.05
Lorpugo: calls $0.04
*** FLOP *** [Jd Jc 8d]
DonFermin: bets $0.04
Lorpugo: folds 
Lemonstr777: folds 
Uncalled bet ($0.04) returned to DonFermin
DonFermin collected $0.17 from pot
*** SUMMARY ***
Total pot $0.18 | Rake $0.01 
Board [Jd Jc 8d]
Seat 1: m5n7b8 folded before Flop (didn't bet)
Seat 2: Motopompa (button) folded before Flop (didn't bet)
Seat 3: DonFermin (small blind) collected ($0.17)
Seat 4: Lorpugo (big blind) folded on the Flop
Seat 5: Lemonstr777 folded on the Flop
Seat 6: wilksey212 folded before Flop (didn't bet)



PokerStars Hand #239330058558:  Hold'em No Limit ($0.01/$0.02 USD) - 2022/10/19 16:09:27 ET
Table 'Izar III' 6-max Seat #3 is the button
Seat 1: m5n7b8 ($2.24 in chips) 
Seat 2: Motopompa ($2 in chips) 
Seat 3: DonFermin ($1.95 in chips) 
Seat 4: Lorpugo ($2.70 in chips) 
Seat 5: Lemonstr777 ($2.42 in chips) 
Seat 6: wilksey212 ($1.28 in chips) 
Lorpugo: posts small blind $0.01
Lemonstr777: posts big blind $0.02
*** HOLE CARDS ***
Dealt to Lorpugo [9c Tc]
wilksey212: folds 
m5n7b8: folds 
Motopompa: folds 
DonFermin: calls $0.02
Lorpugo: raises $0.10 to $0.12
Lemonstr777: calls $0.10
DonFermin: folds 
*** FLOP *** [8h Ah Kc]
Lorpugo: checks 
Lemonstr777: checks 
*** TURN *** [8h Ah Kc] [2h]
Lorpugo: checks 
Lemonstr777: checks 
*** RIVER *** [8h Ah Kc 2h] [6h]
Lorpugo: bets $0.18
Lemonstr777: folds 
Uncalled bet ($0.18) returned to Lorpugo
Lorpugo collected $0.25 from pot
Lorpugo: doesn't show hand 
*** SUMMARY ***
Total pot $0.26 | Rake $0.01 
Board [8h Ah Kc 2h 6h]
Seat 1: m5n7b8 folded before Flop (didn't bet)
Seat 2: Motopompa folded before Flop (didn't bet)
Seat 3: DonFermin (button) folded before Flop
Seat 4: Lorpugo (small blind) collected ($0.25)
Seat 5: Lemonstr777 (big blind) folded on the River
Seat 6: wilksey212 folded before Flop (didn't bet)



PokerStars Hand #239330073709:  Hold'em No Limit ($0.01/$0.02 USD) - 2022/10/19 16:10:07 ET
Table 'Izar III' 6-max Seat #4 is the button
Seat 1: m5n7b8 ($2.24 in chips) 
Seat 2: Motopompa ($2 in chips) 
Seat 3: DonFermin ($1.93 in chips) 
Seat 4: Lorpugo ($2.83 in chips) 
Seat 5: Lemonstr777 ($2.30 in chips) 
Seat 6: wilksey212 ($1.28 in chips) 
Lemonstr777: posts small blind $0.01
wilksey212: posts big blind $0.02
*** HOLE CARDS ***
Dealt to Lorpugo [4h 5d]
m5n7b8: folds 
Motopompa: folds 
DonFermin: folds 
Lorpugo: raises $0.04 to $0.06
Lemonstr777: folds 
wilksey212: folds 
Uncalled bet ($0.04) returned to Lorpugo
Lorpugo collected $0.05 from pot
Lorpugo: doesn't show hand 
*** SUMMARY ***
Total pot $0.05 | Rake $0 
Seat 1: m5n7b8 folded before Flop (didn't bet)
Seat 2: Motopompa folded before Flop (didn't bet)
Seat 3: DonFermin folded before Flop (didn't bet)
Seat 4: Lorpugo (button) collected ($0.05)
Seat 5: Lemonstr777 (small blind) folded before Flop
Seat 6: wilksey212 (big blind) folded before Flop



PokerStars Hand #239330080472:  Hold'em No Limit ($0.01/$0.02 USD) - 2022/10/19 16:10:25 ET
Table 'Izar III' 6-max Seat #5 is the button
Seat 1: m5n7b8 ($2.24 in chips) 
Seat 2: Motopompa ($2 in chips) 
Seat 3: DonFermin ($1.93 in chips) 
Seat 4: Lorpugo ($2.86 in chips) 
Seat 5: Lemonstr777 ($2.29 in chips) 
Seat 6: wilksey212 ($1.26 in chips) 
wilksey212: posts small blind $0.01
m5n7b8: posts big blind $0.02
*** HOLE CARDS ***
Dealt to Lorpugo [3h 7c]
Motopompa: folds 
DonFermin: folds 
Lorpugo: folds 
Lemonstr777: raises $0.04 to $0.06
wilksey212: calls $0.05
m5n7b8: calls $0.04
*** FLOP *** [4s 8d 2d]
wilksey212: checks 
m5n7b8: checks 
Lemonstr777: checks 
*** TURN *** [4s 8d 2d] [5d]
wilksey212: bets $0.10
m5n7b8: folds 
Lemonstr777: calls $0.10
*** RIVER *** [4s 8d 2d 5d] [5c]
wilksey212: checks 
Lemonstr777: checks 
*** SHOW DOWN ***
wilksey212: shows [3s Qs] (a pair of Fives)
Lemonstr777: shows [Jc Ad] (a pair of Fives - Ace kicker)
Lemonstr777 collected $0.37 from pot
*** SUMMARY ***
Total pot $0.38 | Rake $0.01 
Board [4s 8d 2d 5d 5c]
Seat 1: m5n7b8 (big blind) folded on the Turn
Seat 2: Motopompa folded before Flop (didn't bet)
Seat 3: DonFermin folded before Flop (didn't bet)
Seat 4: Lorpugo folded before Flop (didn't bet)
Seat 5: Lemonstr777 (button) showed [Jc Ad] and won ($0.37) with a pair of Fives
Seat 6: wilksey212 (small blind) showed [3s Qs] and lost with a pair of Fives



PokerStars Hand #239330096767:  Hold'em No Limit ($0.01/$0.02 USD) - 2022/10/19 16:11:08 ET
Table 'Izar III' 6-max Seat #6 is the button
Seat 1: m5n7b8 ($2.18 in chips) 
Seat 2: Motopompa ($2 in chips) 
Seat 3: DonFermin ($1.93 in chips) 
Seat 4: Lorpugo ($2.86 in chips) 
Seat 5: Lemonstr777 ($2.50 in chips) 
Seat 6: wilksey212 ($1.10 in chips) 
m5n7b8: posts small blind $0.01
Motopompa: posts big blind $0.02
*** HOLE CARDS ***
Dealt to Lorpugo [7h 8c]
DonFermin: folds 
Lorpugo: folds 
Lemonstr777: folds 
wilksey212: calls $0.02
m5n7b8: folds 
Motopompa: checks 
*** FLOP *** [9s Ks 6d]
Motopompa: checks 
wilksey212: checks 
*** TURN *** [9s Ks 6d] [Th]
Motopompa: checks 
wilksey212: checks 
*** RIVER *** [9s Ks 6d Th] [Qd]
Motopompa: checks 
wilksey212: checks 
*** SHOW DOWN ***
Motopompa: shows [2c Qs] (a pair of Queens)
wilksey212: mucks hand 
Motopompa collected $0.05 from pot
*** SUMMARY ***
Total pot $0.05 | Rake $0 
Board [9s Ks 6d Th Qd]
Seat 1: m5n7b8 (small blind) folded before Flop
Seat 2: Motopompa (big blind) showed [2c Qs] and won ($0.05) with a pair of Queens
Seat 3: DonFermin folded before Flop (didn't bet)
Seat 4: Lorpugo folded before Flop (didn't bet)
Seat 5: Lemonstr777 folded before Flop (didn't bet)
Seat 6: wilksey212 (button) mucked [6c Ah]



PokerStars Hand #239330109451:  Hold'em No Limit ($0.01/$0.02 USD) - 2022/10/19 16:11:42 ET
Table 'Izar III' 6-max Seat #1 is the button
Seat 1: m5n7b8 ($2.17 in chips) 
Seat 2: Motopompa ($2.03 in chips) 
Seat 3: DonFermin ($1.93 in chips) 
Seat 4: Lorpugo ($2.86 in chips) 
Seat 5: Lemonstr777 ($2.50 in chips) 
Seat 6: wilksey212 ($1.08 in chips) 
Motopompa: posts small blind $0.01
DonFermin: posts big blind $0.02
*** HOLE CARDS ***
Dealt to Lorpugo [Ts 8c]
Lorpugo: folds 
Lemonstr777: folds 
wilksey212: folds 
m5n7b8: folds 
Motopompa: folds 
Uncalled bet ($0.01) returned to DonFermin
DonFermin collected $0.02 from pot
*** SUMMARY ***
Total pot $0.02 | Rake $0 
Seat 1: m5n7b8 (button) folded before Flop (didn't bet)
Seat 2: Motopompa (small blind) folded before Flop
Seat 3: DonFermin (big blind) collected ($0.02)
Seat 4: Lorpugo folded before Flop (didn't bet)
Seat 5: Lemonstr777 folded before Flop (didn't bet)
Seat 6: wilksey212 folded before Flop (didn't bet)



PokerStars Hand #239330116463:  Hold'em No Limit ($0.01/$0.02 USD) - 2022/10/19 16:12:00 ET
Table 'Izar III' 6-max Seat #2 is the button
Seat 1: m5n7b8 ($2.17 in chips) 
Seat 2: Motopompa ($2.02 in chips) 
Seat 3: DonFermin ($1.94 in chips) 
Seat 4: Lorpugo ($2.86 in chips) 
Seat 5: Lemonstr777 ($2.50 in chips) 
Seat 6: wilksey212 ($1.08 in chips) 
DonFermin: posts small blind $0.01
Lorpugo: posts big blind $0.02
*** HOLE CARDS ***
Dealt to Lorpugo [Qh Jd]
Lemonstr777: folds 
wilksey212: folds 
m5n7b8: folds 
Motopompa: raises $0.04 to $0.06
DonFermin: folds 
Lorpugo: calls $0.04
*** FLOP *** [8d Kh 5h]
Lorpugo: checks 
Motopompa: bets $0.08
Lorpugo: calls $0.08
*** TURN *** [8d Kh 5h] [8c]
Lorpugo: checks 
Motopompa: bets $0.20
Lorpugo: folds 
Uncalled bet ($0.20) returned to Motopompa
Motopompa collected $0.28 from pot
Motopompa: doesn't show hand 
*** SUMMARY ***
Total pot $0.29 | Rake $0.01 
Board [8d Kh 5h 8c]
Seat 1: m5n7b8 folded before Flop (didn't bet)
Seat 2: Motopompa (button) collected ($0.28)
Seat 3: DonFermin (small blind) folded before Flop
Seat 4: Lorpugo (big blind) folded on the Turn
Seat 5: Lemonstr777 folded before Flop (didn't bet)
Seat 6: wilksey212 folded before Flop (didn't bet)



PokerStars Hand #239330131889:  Hold'em No Limit ($0.01/$0.02 USD) - 2022/10/19 16:12:42 ET
Table 'Izar III' 6-max Seat #3 is the button
Seat 1: m5n7b8 ($2.17 in chips) 
Seat 2: Motopompa ($2.16 in chips) 
Seat 3: DonFermin ($1.93 in chips) 
Seat 4: Lorpugo ($2.72 in chips) 
Seat 5: Lemonstr777 ($2.50 in chips) 
Seat 6: wilksey212 ($1.08 in chips) 
Lorpugo: posts small blind $0.01
Lemonstr777: posts big blind $0.02
*** HOLE CARDS ***
Dealt to Lorpugo [Ts As]
wilksey212: calls $0.02
m5n7b8: folds 
Motopompa: folds 
DonFermin: calls $0.02
Lorpugo: raises $0.10 to $0.12
Lemonstr777: folds 
wilksey212: calls $0.10
DonFermin: calls $0.10
*** FLOP *** [8s 9d 2h]
Lorpugo: checks 
wilksey212: bets $0.96 and is all-in
DonFermin: folds 
Lorpugo: folds 
Uncalled bet ($0.96) returned to wilksey212
wilksey212 collected $0.37 from pot
*** SUMMARY ***
Total pot $0.38 | Rake $0.01 
Board [8s 9d 2h]
Seat 1: m5n7b8 folded before Flop (didn't bet)
Seat 2: Motopompa folded before Flop (didn't bet)
Seat 3: DonFermin (button) folded on the Flop
Seat 4: Lorpugo (small blind) folded on the Flop
Seat 5: Lemonstr777 (big blind) folded before Flop
Seat 6: wilksey212 collected ($0.37)



PokerStars Hand #239330146740:  Hold'em No Limit ($0.01/$0.02 USD) - 2022/10/19 16:13:21 ET
Table 'Izar III' 6-max Seat #4 is the button
Seat 1: m5n7b8 ($2.17 in chips) 
Seat 2: Motopompa ($2.16 in chips) 
Seat 3: DonFermin ($1.81 in chips) 
Seat 4: Lorpugo ($2.60 in chips) 
Seat 5: Lemonstr777 ($2.48 in chips) 
Seat 6: wilksey212 ($1.33 in chips) 
Lemonstr777: posts small blind $0.01
wilksey212: posts big blind $0.02
*** HOLE CARDS ***
Dealt to Lorpugo [As 3c]
m5n7b8: raises $0.03 to $0.05
Motopompa: folds 
DonFermin: folds 
Lorpugo: folds 
Lemonstr777: folds 
wilksey212: folds 
Uncalled bet ($0.03) returned to m5n7b8
m5n7b8 collected $0.05 from pot
m5n7b8: doesn't show hand 
*** SUMMARY ***
Total pot $0.05 | Rake $0 
Seat 1: m5n7b8 collected ($0.05)
Seat 2: Motopompa folded before Flop (didn't bet)
Seat 3: DonFermin folded before Flop (didn't bet)
Seat 4: Lorpugo (button) folded before Flop (didn't bet)
Seat 5: Lemonstr777 (small blind) folded before Flop
Seat 6: wilksey212 (big blind) folded before Flop



PokerStars Hand #239330153305:  Hold'em No Limit ($0.01/$0.02 USD) - 2022/10/19 16:13:38 ET
Table 'Izar III' 6-max Seat #5 is the button
Seat 1: m5n7b8 ($2.20 in chips) 
Seat 2: Motopompa ($2.16 in chips) 
Seat 3: DonFermin ($1.81 in chips) 
Seat 4: Lorpugo ($2.60 in chips) 
Seat 5: Lemonstr777 ($2.47 in chips) 
Seat 6: wilksey212 ($1.31 in chips) 
wilksey212: posts small blind $0.01
m5n7b8: posts big blind $0.02
*** HOLE CARDS ***
Dealt to Lorpugo [Js 3s]
Motopompa: folds 
DonFermin: calls $0.02
Lorpugo: folds 
Lemonstr777: raises $0.04 to $0.06
wilksey212: folds 
m5n7b8: folds 
DonFermin: calls $0.04
*** FLOP *** [Td Kd 7h]
DonFermin: bets $0.04
Lemonstr777: calls $0.04
*** TURN *** [Td Kd 7h] [Qh]
DonFermin: bets $0.04
Lemonstr777: folds 
Uncalled bet ($0.04) returned to DonFermin
DonFermin collected $0.22 from pot
*** SUMMARY ***
Total pot $0.23 | Rake $0.01 
Board [Td Kd 7h Qh]
Seat 1: m5n7b8 (big blind) folded before Flop
Seat 2: Motopompa folded before Flop (didn't bet)
Seat 3: DonFermin collected ($0.22)
Seat 4: Lorpugo folded before Flop (didn't bet)
Seat 5: Lemonstr777 (button) folded on the Turn
Seat 6: wilksey212 (small blind) folded before Flop



PokerStars Hand #239330166239:  Hold'em No Limit ($0.01/$0.02 USD) - 2022/10/19 16:14:13 ET
Table 'Izar III' 6-max Seat #6 is the button
Seat 1: m5n7b8 ($2.18 in chips) 
Seat 2: Motopompa ($2.16 in chips) 
Seat 3: DonFermin ($1.93 in chips) 
Seat 4: Lorpugo ($2.60 in chips) 
Seat 5: Lemonstr777 ($2.37 in chips) 
Seat 6: wilksey212 ($1.30 in chips) 
m5n7b8: posts small blind $0.01
Motopompa: posts big blind $0.02
*** HOLE CARDS ***
Dealt to Lorpugo [Ks 3d]
DonFermin: raises $0.06 to $0.08
Lorpugo: folds 
Lemonstr777: folds 
wilksey212: calls $0.08
m5n7b8: folds 
Motopompa: folds 
*** FLOP *** [Th As 5h]
DonFermin: bets $0.08
wilksey212: folds 
Uncalled bet ($0.08) returned to DonFermin
DonFermin collected $0.18 from pot
*** SUMMARY ***
Total pot $0.19 | Rake $0.01 
Board [Th As 5h]
Seat 1: m5n7b8 (small blind) folded before Flop
Seat 2: Motopompa (big blind) folded before Flop
Seat 3: DonFermin collected ($0.18)
Seat 4: Lorpugo folded before Flop (didn't bet)
Seat 5: Lemonstr777 folded before Flop (didn't bet)
Seat 6: wilksey212 (button) folded on the Flop



PokerStars Hand #239330179283:  Hold'em No Limit ($0.01/$0.02 USD) - 2022/10/19 16:14:48 ET
Table 'Izar III' 6-max Seat #1 is the button
Seat 1: m5n7b8 ($2.17 in chips) 
Seat 2: Motopompa ($2.14 in chips) 
Seat 3: DonFermin ($2.03 in chips) 
Seat 4: Lorpugo ($2.60 in chips) 
Seat 5: Lemonstr777 ($2.37 in chips) 
Seat 6: wilksey212 ($1.22 in chips) 
Motopompa: posts small blind $0.01
DonFermin: posts big blind $0.02
*** HOLE CARDS ***
Dealt to Lorpugo [Kc 3h]
Lorpugo: folds 
Lemonstr777: folds 
wilksey212: folds 
m5n7b8: folds 
Motopompa: folds 
Uncalled bet ($0.01) returned to DonFermin
DonFermin collected $0.02 from pot
*** SUMMARY ***
Total pot $0.02 | Rake $0 
Seat 1: m5n7b8 (button) folded before Flop (didn't bet)
Seat 2: Motopompa (small blind) folded before Flop
Seat 3: DonFermin (big blind) collected ($0.02)
Seat 4: Lorpugo folded before Flop (didn't bet)
Seat 5: Lemonstr777 folded before Flop (didn't bet)
Seat 6: wilksey212 folded before Flop (didn't bet)



PokerStars Hand #239330185817:  Hold'em No Limit ($0.01/$0.02 USD) - 2022/10/19 16:15:04 ET
Table 'Izar III' 6-max Seat #2 is the button
Seat 1: m5n7b8 ($2.17 in chips) 
Seat 2: Motopompa ($2.13 in chips) 
Seat 3: DonFermin ($2.04 in chips) 
Seat 4: Lorpugo ($2.60 in chips) 
Seat 5: Lemonstr777 ($2.37 in chips) 
Seat 6: wilksey212 ($1.22 in chips) 
DonFermin: posts small blind $0.01
Lorpugo: posts big blind $0.02
*** HOLE CARDS ***
Dealt to Lorpugo [Jd Ts]
Lemonstr777: folds 
wilksey212: folds 
m5n7b8: folds 
Motopompa: folds 
DonFermin: calls $0.01
Lorpugo: raises $0.10 to $0.12
DonFermin: calls $0.10
*** FLOP *** [Qc 5s Qh]
DonFermin: checks 
Lorpugo: checks 
*** TURN *** [Qc 5s Qh] [Kd]
DonFermin: bets $0.04
Lorpugo: raises $0.08 to $0.12
DonFermin: calls $0.08
*** RIVER *** [Qc 5s Qh Kd] [Ac]
DonFermin: bets $0.06
Lorpugo: raises $1.14 to $1.20
DonFermin: folds 
Uncalled bet ($1.14) returned to Lorpugo
Lorpugo collected $0.58 from pot
Lorpugo: doesn't show hand 
*** SUMMARY ***
Total pot $0.60 | Rake $0.02 
Board [Qc 5s Qh Kd Ac]
Seat 1: m5n7b8 folded before Flop (didn't bet)
Seat 2: Motopompa (button) folded before Flop (didn't bet)
Seat 3: DonFermin (small blind) folded on the River
Seat 4: Lorpugo (big blind) collected ($0.58)
Seat 5: Lemonstr777 folded before Flop (didn't bet)
Seat 6: wilksey212 folded before Flop (didn't bet)



PokerStars Hand #239330212891:  Hold'em No Limit ($0.01/$0.02 USD) - 2022/10/19 16:16:15 ET
Table 'Izar III' 6-max Seat #3 is the button
Seat 1: m5n7b8 ($2.17 in chips) 
Seat 2: Motopompa ($2.13 in chips) 
Seat 3: DonFermin ($1.74 in chips) 
Seat 4: Lorpugo ($2.88 in chips) 
Seat 5: Lemonstr777 ($2.37 in chips) 
Seat 6: wilksey212 ($1.22 in chips) 
Lorpugo: posts small blind $0.01
Lemonstr777: posts big blind $0.02
*** HOLE CARDS ***
Dealt to Lorpugo [6c Ts]
wilksey212: folds 
m5n7b8: folds 
Motopompa: folds 
DonFermin: calls $0.02
Lorpugo: calls $0.01
Lemonstr777: raises $0.08 to $0.10
DonFermin: calls $0.08
Lorpugo: folds 
*** FLOP *** [9c 4d 6s]
Lemonstr777: bets $0.08
DonFermin: folds 
Uncalled bet ($0.08) returned to Lemonstr777
Lemonstr777 collected $0.21 from pot
*** SUMMARY ***
Total pot $0.22 | Rake $0.01 
Board [9c 4d 6s]
Seat 1: m5n7b8 folded before Flop (didn't bet)
Seat 2: Motopompa folded before Flop (didn't bet)
Seat 3: DonFermin (button) folded on the Flop
Seat 4: Lorpugo (small blind) folded before Flop
Seat 5: Lemonstr777 (big blind) collected ($0.21)
Seat 6: wilksey212 folded before Flop (didn't bet)



PokerStars Hand #239330225389:  Hold'em No Limit ($0.01/$0.02 USD) - 2022/10/19 16:16:47 ET
Table 'Izar III' 6-max Seat #4 is the button
Seat 1: m5n7b8 ($2.17 in chips) 
Seat 2: Motopompa ($2.13 in chips) 
Seat 3: DonFermin ($1.64 in chips) 
Seat 4: Lorpugo ($2.86 in chips) 
Seat 5: Lemonstr777 ($2.48 in chips) 
Seat 6: wilksey212 ($1.22 in chips) 
Lemonstr777: posts small blind $0.01
wilksey212: posts big blind $0.02
*** HOLE CARDS ***
Dealt to Lorpugo [4s 2h]
m5n7b8: folds 
Motopompa: folds 
DonFermin: folds 
Lorpugo: folds 
Lemonstr777: folds 
Uncalled bet ($0.01) returned to wilksey212
wilksey212 collected $0.02 from pot
*** SUMMARY ***
Total pot $0.02 | Rake $0 
Seat 1: m5n7b8 folded before Flop (didn't bet)
Seat 2: Motopompa folded before Flop (didn't bet)
Seat 3: DonFermin folded before Flop (didn't bet)
Seat 4: Lorpugo (button) folded before Flop (didn't bet)
Seat 5: Lemonstr777 (small blind) folded before Flop
Seat 6: wilksey212 (big blind) collected ($0.02)



PokerStars Hand #239330230789:  Hold'em No Limit ($0.01/$0.02 USD) - 2022/10/19 16:17:01 ET
Table 'Izar III' 6-max Seat #5 is the button
Seat 1: m5n7b8 ($2.17 in chips) 
Seat 2: Motopompa ($2.13 in chips) 
Seat 3: DonFermin ($1.64 in chips) 
Seat 4: Lorpugo ($2.86 in chips) 
Seat 5: Lemonstr777 ($2.47 in chips) 
Seat 6: wilksey212 ($1.23 in chips) 
wilksey212: posts small blind $0.01
m5n7b8: posts big blind $0.02
*** HOLE CARDS ***
Dealt to Lorpugo [Qs Td]
Motopompa: folds 
DonFermin: folds 
Lorpugo: raises $0.04 to $0.06
Lemonstr777: raises $0.12 to $0.18
wilksey212: folds 
m5n7b8: folds 
Lorpugo: folds 
Uncalled bet ($0.12) returned to Lemonstr777
Lemonstr777 collected $0.15 from pot
*** SUMMARY ***
Total pot $0.15 | Rake $0 
Seat 1: m5n7b8 (big blind) folded before Flop
Seat 2: Motopompa folded before Flop (didn't bet)
Seat 3: DonFermin folded before Flop (didn't bet)
Seat 4: Lorpugo folded before Flop
Seat 5: Lemonstr777 (button) collected ($0.15)
Seat 6: wilksey212 (small blind) folded before Flop



PokerStars Hand #239330238350:  Hold'em No Limit ($0.01/$0.02 USD) - 2022/10/19 16:17:21 ET
Table 'Izar III' 6-max Seat #6 is the button
Seat 1: m5n7b8 ($2.15 in chips) 
Seat 2: Motopompa ($2.13 in chips) 
Seat 3: DonFermin ($1.64 in chips) 
Seat 4: Lorpugo ($2.80 in chips) 
Seat 5: Lemonstr777 ($2.56 in chips) 
Seat 6: wilksey212 ($1.22 in chips) 
m5n7b8: posts small blind $0.01
Motopompa: posts big blind $0.02
*** HOLE CARDS ***
Dealt to Lorpugo [3d Kh]
DonFermin: calls $0.02
Lorpugo: folds 
Lemonstr777: folds 
wilksey212 has timed out
wilksey212: folds 
m5n7b8: folds 
Motopompa: checks 
*** FLOP *** [9c Ac Kc]
Motopompa: bets $0.02
DonFermin: raises $0.06 to $0.08
Motopompa: raises $2.03 to $2.11 and is all-in
DonFermin: folds 
Uncalled bet ($2.03) returned to Motopompa
Motopompa collected $0.20 from pot
Motopompa: doesn't show hand 
*** SUMMARY ***
Total pot $0.21 | Rake $0.01 
Board [9c Ac Kc]
Seat 1: m5n7b8 (small blind) folded before Flop
Seat 2: Motopompa (big blind) collected ($0.20)
Seat 3: DonFermin folded on the Flop
Seat 4: Lorpugo folded before Flop (didn't bet)
Seat 5: Lemonstr777 folded before Flop (didn't bet)
Seat 6: wilksey212 (button) folded before Flop (didn't bet)



PokerStars Hand #239330262179:  Hold'em No Limit ($0.01/$0.02 USD) - 2022/10/19 16:18:22 ET
Table 'Izar III' 6-max Seat #1 is the button
Seat 1: m5n7b8 ($2.14 in chips) 
Seat 2: Motopompa ($2.23 in chips) 
Seat 3: DonFermin ($1.54 in chips) 
Seat 4: Lorpugo ($2.80 in chips) 
Seat 5: Lemonstr777 ($2.56 in chips) 
Seat 6: wilksey212 ($1.22 in chips) 
Motopompa: posts small blind $0.01
DonFermin: posts big blind $0.02
*** HOLE CARDS ***
Dealt to Lorpugo [4c 4h]
Lorpugo: raises $0.02 to $0.04
Lemonstr777: folds 
wilksey212: calls $0.04
m5n7b8: folds 
Motopompa: folds 
DonFermin: calls $0.02
*** FLOP *** [7h Ac 3d]
DonFermin: bets $0.04
Lorpugo: calls $0.04
wilksey212: calls $0.04
*** TURN *** [7h Ac 3d] [Th]
DonFermin: bets $0.06
Lorpugo: folds 
wilksey212: calls $0.06
*** RIVER *** [7h Ac 3d Th] [5c]
DonFermin: bets $0.18
wilksey212: folds 
Uncalled bet ($0.18) returned to DonFermin
DonFermin collected $0.36 from pot
*** SUMMARY ***
Total pot $0.37 | Rake $0.01 
Board [7h Ac 3d Th 5c]
Seat 1: m5n7b8 (button) folded before Flop (didn't bet)
Seat 2: Motopompa (small blind) folded before Flop
Seat 3: DonFermin (big blind) collected ($0.36)
Seat 4: Lorpugo folded on the Turn
Seat 5: Lemonstr777 folded before Flop (didn't bet)
Seat 6: wilksey212 folded on the River



PokerStars Hand #239330284224:  Hold'em No Limit ($0.01/$0.02 USD) - 2022/10/19 16:19:19 ET
Table 'Izar III' 6-max Seat #2 is the button
Seat 1: m5n7b8 ($2.14 in chips) 
Seat 2: Motopompa ($2.22 in chips) 
Seat 3: DonFermin ($1.76 in chips) 
Seat 4: Lorpugo ($2.72 in chips) 
Seat 5: Lemonstr777 ($2.56 in chips) 
Seat 6: wilksey212 ($1.08 in chips) 
DonFermin: posts small blind $0.01
Lorpugo: posts big blind $0.02
*** HOLE CARDS ***
Dealt to Lorpugo [8s Qs]
Lemonstr777: folds 
wilksey212 has timed out
wilksey212: folds 
m5n7b8: folds 
Motopompa: folds 
DonFermin: calls $0.01
Lorpugo: raises $0.10 to $0.12
DonFermin: calls $0.10
*** FLOP *** [9c 4h 2d]
DonFermin: bets $0.14
Lorpugo: folds 
Uncalled bet ($0.14) returned to DonFermin
DonFermin collected $0.23 from pot
*** SUMMARY ***
Total pot $0.24 | Rake $0.01 
Board [9c 4h 2d]
Seat 1: m5n7b8 folded before Flop (didn't bet)
Seat 2: Motopompa (button) folded before Flop (didn't bet)
Seat 3: DonFermin (small blind) collected ($0.23)
Seat 4: Lorpugo (big blind) folded on the Flop
Seat 5: Lemonstr777 folded before Flop (didn't bet)
Seat 6: wilksey212 folded before Flop (didn't bet)



PokerStars Hand #239330299705:  Hold'em No Limit ($0.01/$0.02 USD) - 2022/10/19 16:19:59 ET
Table 'Izar III' 6-max Seat #3 is the button
Seat 1: m5n7b8 ($2.14 in chips) 
Seat 2: Motopompa ($2.22 in chips) 
Seat 3: DonFermin ($1.87 in chips) 
Seat 4: Lorpugo ($2.60 in chips) 
Seat 5: Lemonstr777 ($2.56 in chips) 
Seat 6: wilksey212 ($1.08 in chips) 
Lorpugo: posts small blind $0.01
Lemonstr777: posts big blind $0.02
*** HOLE CARDS ***
Dealt to Lorpugo [7c Ks]
wilksey212: calls $0.02
m5n7b8: folds 
Motopompa: raises $0.08 to $0.10
DonFermin: folds 
Lorpugo: folds 
Lemonstr777: calls $0.08
wilksey212: calls $0.08
*** FLOP *** [Td 4h 9d]
Lemonstr777: checks 
wilksey212: bets $0.06
Motopompa: folds 
Lemonstr777: calls $0.06
*** TURN *** [Td 4h 9d] [4c]
Lemonstr777: checks 
wilksey212: checks 
*** RIVER *** [Td 4h 9d 4c] [9s]
Lemonstr777: checks 
wilksey212: checks 
*** SHOW DOWN ***
Lemonstr777: shows [Qd Ad] (two pair, Nines and Fours)
wilksey212: mucks hand 
Lemonstr777 collected $0.41 from pot
*** SUMMARY ***
Total pot $0.43 | Rake $0.02 
Board [Td 4h 9d 4c 9s]
Seat 1: m5n7b8 folded before Flop (didn't bet)
Seat 2: Motopompa folded on the Flop
Seat 3: DonFermin (button) folded before Flop (didn't bet)
Seat 4: Lorpugo (small blind) folded before Flop
Seat 5: Lemonstr777 (big blind) showed [Qd Ad] and won ($0.41) with two pair, Nines and Fours
Seat 6: wilksey212 mucked [6c Jc]



PokerStars Hand #239330320296:  Hold'em No Limit ($0.01/$0.02 USD) - 2022/10/19 16:20:52 ET
Table 'Izar III' 6-max Seat #4 is the button
Seat 1: m5n7b8 ($2.14 in chips) 
Seat 2: Motopompa ($2.12 in chips) 
Seat 3: DonFermin ($1.87 in chips) 
Seat 4: Lorpugo ($2.59 in chips) 
Seat 5: Lemonstr777 ($2.81 in chips) 
Seat 6: wilksey212 ($0.92 in chips) 
Lemonstr777: posts small blind $0.01
wilksey212: posts big blind $0.02
*** HOLE CARDS ***
Dealt to Lorpugo [Ad 5c]
m5n7b8: folds 
Motopompa: folds 
DonFermin: folds 
Lorpugo: raises $0.04 to $0.06
Lemonstr777: folds 
wilksey212: folds 
Uncalled bet ($0.04) returned to Lorpugo
Lorpugo collected $0.05 from pot
Lorpugo: doesn't show hand 
*** SUMMARY ***
Total pot $0.05 | Rake $0 
Seat 1: m5n7b8 folded before Flop (didn't bet)
Seat 2: Motopompa folded before Flop (didn't bet)
Seat 3: DonFermin folded before Flop (didn't bet)
Seat 4: Lorpugo (button) collected ($0.05)
Seat 5: Lemonstr777 (small blind) folded before Flop
Seat 6: wilksey212 (big blind) folded before Flop



PokerStars Hand #239330340016:  Hold'em No Limit ($0.01/$0.02 USD) - 2022/10/19 16:21:43 ET
Table 'Izar III' 6-max Seat #5 is the button
Seat 1: m5n7b8 ($2.14 in chips) 
Seat 2: Motopompa ($2.12 in chips) 
Seat 3: DonFermin ($1.87 in chips) 
Seat 4: Lorpugo ($2.62 in chips) 
Seat 5: Lemonstr777 ($2.80 in chips) 
Seat 6: wilksey212 ($0.90 in chips) 
wilksey212: posts small blind $0.01
m5n7b8: posts big blind $0.02
*** HOLE CARDS ***
Dealt to Lorpugo [7h Jh]
Motopompa: folds 
DonFermin: folds 
Lorpugo: raises $0.04 to $0.06
Lemonstr777: folds 
wilksey212: calls $0.05
m5n7b8: calls $0.04
*** FLOP *** [9s 9c 4h]
wilksey212: checks 
m5n7b8: checks 
Lorpugo: bets $0.06
wilksey212: folds 
m5n7b8: folds 
Uncalled bet ($0.06) returned to Lorpugo
Lorpugo collected $0.17 from pot
Lorpugo: doesn't show hand 
*** SUMMARY ***
Total pot $0.18 | Rake $0.01 
Board [9s 9c 4h]
Seat 1: m5n7b8 (big blind) folded on the Flop
Seat 2: Motopompa folded before Flop (didn't bet)
Seat 3: DonFermin folded before Flop (didn't bet)
Seat 4: Lorpugo collected ($0.17)
Seat 5: Lemonstr777 (button) folded before Flop (didn't bet)
Seat 6: wilksey212 (small blind) folded on the Flop



PokerStars Hand #239330367932:  Hold'em No Limit ($0.01/$0.02 USD) - 2022/10/19 16:22:55 ET
Table 'Izar III' 6-max Seat #6 is the button
Seat 1: m5n7b8 ($2.08 in chips) 
Seat 2: Motopompa ($2.12 in chips) 
Seat 3: DonFermin ($1.87 in chips) 
Seat 4: Lorpugo ($2.73 in chips) 
Seat 5: Lemonstr777 ($2.80 in chips) 
Seat 6: wilksey212 ($0.84 in chips) 
m5n7b8: posts small blind $0.01
Motopompa: posts big blind $0.02
*** HOLE CARDS ***
Dealt to Lorpugo [9h 7s]
DonFermin: calls $0.02
Lorpugo: folds 
Lemonstr777: raises $0.06 to $0.08
wilksey212 has timed out
wilksey212: folds 
m5n7b8: folds 
Motopompa: calls $0.06
DonFermin: calls $0.06
*** FLOP *** [6d 5d 5s]
Motopompa: checks 
DonFermin: bets $0.04
Lemonstr777: folds 
Motopompa: folds 
Uncalled bet ($0.04) returned to DonFermin
DonFermin collected $0.24 from pot
*** SUMMARY ***
Total pot $0.25 | Rake $0.01 
Board [6d 5d 5s]
Seat 1: m5n7b8 (small blind) folded before Flop
Seat 2: Motopompa (big blind) folded on the Flop
Seat 3: DonFermin collected ($0.24)
Seat 4: Lorpugo folded before Flop (didn't bet)
Seat 5: Lemonstr777 folded on the Flop
Seat 6: wilksey212 (button) folded before Flop (didn't bet)



PokerStars Hand #239330397189:  Hold'em No Limit ($0.01/$0.02 USD) - 2022/10/19 16:24:11 ET
Table 'Izar III' 6-max Seat #1 is the button
Seat 1: m5n7b8 ($2.07 in chips) 
Seat 2: Motopompa ($2.04 in chips) 
Seat 3: DonFermin ($2.03 in chips) 
Seat 4: Lorpugo ($2.73 in chips) 
Seat 5: Lemonstr777 ($2.72 in chips) 
Seat 6: wilksey212 ($0.84 in chips) 
Motopompa: posts small blind $0.01
DonFermin: posts big blind $0.02
*** HOLE CARDS ***
Dealt to Lorpugo [8s Ad]
Lorpugo: folds 
Lemonstr777: folds 
wilksey212: calls $0.02
m5n7b8: raises $0.08 to $0.10
Motopompa: folds 
DonFermin: folds 
wilksey212: calls $0.08
*** FLOP *** [5c Ks 2s]
wilksey212: checks 
m5n7b8: bets $0.07
wilksey212: folds 
Uncalled bet ($0.07) returned to m5n7b8
m5n7b8 collected $0.22 from pot
m5n7b8: doesn't show hand 
*** SUMMARY ***
Total pot $0.23 | Rake $0.01 
Board [5c Ks 2s]
Seat 1: m5n7b8 (button) collected ($0.22)
Seat 2: Motopompa (small blind) folded before Flop
Seat 3: DonFermin (big blind) folded before Flop
Seat 4: Lorpugo folded before Flop (didn't bet)
Seat 5: Lemonstr777 folded before Flop (didn't bet)
Seat 6: wilksey212 folded on the Flop



PokerStars Hand #239330408801:  Hold'em No Limit ($0.01/$0.02 USD) - 2022/10/19 16:24:41 ET
Table 'Izar III' 6-max Seat #2 is the button
Seat 1: m5n7b8 ($2.19 in chips) 
Seat 2: Motopompa ($2.03 in chips) 
Seat 3: DonFermin ($2.01 in chips) 
Seat 4: Lorpugo ($2.73 in chips) 
Seat 5: Lemonstr777 ($2.72 in chips) 
Seat 6: wilksey212 ($0.74 in chips) 
DonFermin: posts small blind $0.01
Lorpugo: posts big blind $0.02
*** HOLE CARDS ***
Dealt to Lorpugo [Qd 9h]
Lemonstr777: folds 
wilksey212: folds 
wilksey212 leaves the table
m5n7b8: folds 
Motopompa: folds 
DonFermin: calls $0.01
Smeggo83 joins the table at seat #6 
Lorpugo: raises $0.10 to $0.12
DonFermin: folds 
Uncalled bet ($0.10) returned to Lorpugo
Lorpugo collected $0.04 from pot
Lorpugo: doesn't show hand 
*** SUMMARY ***
Total pot $0.04 | Rake $0 
Seat 1: m5n7b8 folded before Flop (didn't bet)
Seat 2: Motopompa (button) folded before Flop (didn't bet)
Seat 3: DonFermin (small blind) folded before Flop
Seat 4: Lorpugo (big blind) collected ($0.04)
Seat 5: Lemonstr777 folded before Flop (didn't bet)
Seat 6: wilksey212 folded before Flop (didn't bet)



PokerStars Hand #239330416625:  Hold'em No Limit ($0.01/$0.02 USD) - 2022/10/19 16:25:01 ET
Table 'Izar III' 6-max Seat #3 is the button
Seat 1: m5n7b8 ($2.19 in chips) 
Seat 2: Motopompa ($2.03 in chips) 
Seat 3: DonFermin ($1.99 in chips) 
Seat 4: Lorpugo ($2.75 in chips) 
Seat 5: Lemonstr777 ($2.72 in chips) 
Lorpugo: posts small blind $0.01
Lemonstr777: posts big blind $0.02
Smeggo83: sits out 
*** HOLE CARDS ***
Dealt to Lorpugo [Ad Ac]
m5n7b8: folds 
Motopompa: raises $0.04 to $0.06
DonFermin: calls $0.06
Lorpugo: raises $0.12 to $0.18
Lemonstr777: folds 
Motopompa: folds 
DonFermin: calls $0.12
*** FLOP *** [Td 5h 2h]
Lorpugo: bets $0.32
DonFermin: folds 
Uncalled bet ($0.32) returned to Lorpugo
Lorpugo collected $0.42 from pot
Lorpugo: doesn't show hand 
*** SUMMARY ***
Total pot $0.44 | Rake $0.02 
Board [Td 5h 2h]
Seat 1: m5n7b8 folded before Flop (didn't bet)
Seat 2: Motopompa folded before Flop
Seat 3: DonFermin (button) folded on the Flop
Seat 4: Lorpugo (small blind) collected ($0.42)
Seat 5: Lemonstr777 (big blind) folded before Flop



PokerStars Hand #239330439657:  Hold'em No Limit ($0.01/$0.02 USD) - 2022/10/19 16:26:00 ET
Table 'Izar III' 6-max Seat #4 is the button
Seat 1: m5n7b8 ($2.19 in chips) 
Seat 2: Motopompa ($2 in chips) 
Seat 3: DonFermin ($1.81 in chips) 
Seat 4: Lorpugo ($2.99 in chips) 
Seat 5: Lemonstr777 ($2.70 in chips) 
Seat 6: Smeggo83 ($2 in chips) 
Lemonstr777: posts small blind $0.01
Smeggo83: posts big blind $0.02
*** HOLE CARDS ***
Dealt to Lorpugo [9s Ah]
m5n7b8: folds 
Motopompa: folds 
DonFermin: raises $0.04 to $0.06
Lorpugo: calls $0.06
Lemonstr777: calls $0.05
Smeggo83: calls $0.04
*** FLOP *** [Qd 3h 8d]
Lemonstr777: checks 
Smeggo83: checks 
DonFermin: bets $0.04
Lorpugo: folds 
Lemonstr777: folds 
Smeggo83: folds 
Uncalled bet ($0.04) returned to DonFermin
DonFermin collected $0.23 from pot
*** SUMMARY ***
Total pot $0.24 | Rake $0.01 
Board [Qd 3h 8d]
Seat 1: m5n7b8 folded before Flop (didn't bet)
Seat 2: Motopompa folded before Flop (didn't bet)
Seat 3: DonFermin collected ($0.23)
Seat 4: Lorpugo (button) folded on the Flop
Seat 5: Lemonstr777 (small blind) folded on the Flop
Seat 6: Smeggo83 (big blind) folded on the Flop



PokerStars Hand #239330462448:  Hold'em No Limit ($0.01/$0.02 USD) - 2022/10/19 16:26:59 ET
Table 'Izar III' 6-max Seat #5 is the button
Seat 1: m5n7b8 ($2.19 in chips) 
Seat 2: Motopompa ($2 in chips) 
Seat 3: DonFermin ($1.98 in chips) 
Seat 4: Lorpugo ($2.93 in chips) 
Seat 5: Lemonstr777 ($2.64 in chips) 
Seat 6: Smeggo83 ($1.94 in chips) 
Smeggo83: posts small blind $0.01
m5n7b8: posts big blind $0.02
*** HOLE CARDS ***
Dealt to Lorpugo [Ks 7d]
Motopompa: folds 
DonFermin: calls $0.02
Lorpugo: folds 
Lemonstr777: folds 
Smeggo83: folds 
m5n7b8: checks 
*** FLOP *** [As 5c 3d]
m5n7b8: checks 
DonFermin: bets $0.06
m5n7b8: folds 
Uncalled bet ($0.06) returned to DonFermin
DonFermin collected $0.05 from pot
*** SUMMARY ***
Total pot $0.05 | Rake $0 
Board [As 5c 3d]
Seat 1: m5n7b8 (big blind) folded on the Flop
Seat 2: Motopompa folded before Flop (didn't bet)
Seat 3: DonFermin collected ($0.05)
Seat 4: Lorpugo folded before Flop (didn't bet)
Seat 5: Lemonstr777 (button) folded before Flop (didn't bet)
Seat 6: Smeggo83 (small blind) folded before Flop



PokerStars Hand #239330475840:  Hold'em No Limit ($0.01/$0.02 USD) - 2022/10/19 16:27:34 ET
Table 'Izar III' 6-max Seat #6 is the button
Seat 1: m5n7b8 ($2.17 in chips) 
Seat 2: Motopompa ($2 in chips) 
Seat 3: DonFermin ($2.01 in chips) 
Seat 4: Lorpugo ($2.93 in chips) 
Seat 5: Lemonstr777 ($2.64 in chips) 
Seat 6: Smeggo83 ($1.99 in chips) 
m5n7b8: posts small blind $0.01
Motopompa: posts big blind $0.02
*** HOLE CARDS ***
Dealt to Lorpugo [Jh 2c]
DonFermin: folds 
Lorpugo: folds 
Lemonstr777: raises $0.04 to $0.06
Smeggo83: folds 
m5n7b8: calls $0.05
Motopompa: folds 
*** FLOP *** [7d 2h Ad]
m5n7b8: checks 
Lemonstr777: bets $0.07
m5n7b8: calls $0.07
*** TURN *** [7d 2h Ad] [Kc]
m5n7b8: checks 
Lemonstr777: bets $0.16
m5n7b8: folds 
Uncalled bet ($0.16) returned to Lemonstr777
Lemonstr777 collected $0.27 from pot
*** SUMMARY ***
Total pot $0.28 | Rake $0.01 
Board [7d 2h Ad Kc]
Seat 1: m5n7b8 (small blind) folded on the Turn
Seat 2: Motopompa (big blind) folded before Flop
Seat 3: DonFermin folded before Flop (didn't bet)
Seat 4: Lorpugo folded before Flop (didn't bet)
Seat 5: Lemonstr777 collected ($0.27)
Seat 6: Smeggo83 (button) folded before Flop (didn't bet)



PokerStars Hand #239330494470:  Hold'em No Limit ($0.01/$0.02 USD) - 2022/10/19 16:28:23 ET
Table 'Izar III' 6-max Seat #1 is the button
Seat 1: m5n7b8 ($2.04 in chips) 
Seat 2: Motopompa ($2 in chips) 
Seat 3: DonFermin ($2.01 in chips) 
Seat 4: Lorpugo ($2.93 in chips) 
Seat 5: Lemonstr777 ($2.78 in chips) 
Seat 6: Smeggo83 ($1.99 in chips) 
Motopompa: posts small blind $0.01
DonFermin: posts big blind $0.02
*** HOLE CARDS ***
Dealt to Lorpugo [Qd 7d]
Lorpugo has timed out
Lorpugo: folds 
Lemonstr777: folds 
Smeggo83: folds 
m5n7b8: folds 
Motopompa: raises $0.04 to $0.06
DonFermin: raises $0.04 to $0.10
Motopompa: folds 
Uncalled bet ($0.04) returned to DonFermin
DonFermin collected $0.12 from pot
DonFermin: shows [Qh Qc] (a pair of Queens)
*** SUMMARY ***
Total pot $0.12 | Rake $0 
Seat 1: m5n7b8 (button) folded before Flop (didn't bet)
Seat 2: Motopompa (small blind) folded before Flop
Seat 3: DonFermin (big blind) collected ($0.12)
Seat 4: Lorpugo folded before Flop (didn't bet)
Seat 5: Lemonstr777 folded before Flop (didn't bet)
Seat 6: Smeggo83 folded before Flop (didn't bet)



PokerStars Hand #239330505047:  Hold'em No Limit ($0.01/$0.02 USD) - 2022/10/19 16:28:50 ET
Table 'Izar III' 6-max Seat #2 is the button
Seat 1: m5n7b8 ($2.04 in chips) 
Seat 2: Motopompa ($2 in chips) 
Seat 3: DonFermin ($2.07 in chips) 
Seat 4: Lorpugo ($2.93 in chips) 
Seat 5: Lemonstr777 ($2.78 in chips) 
Seat 6: Smeggo83 ($1.99 in chips) 
DonFermin: posts small blind $0.01
Lorpugo: posts big blind $0.02
*** HOLE CARDS ***
Dealt to Lorpugo [8s Kd]
Lemonstr777: folds 
Smeggo83: folds 
m5n7b8: raises $0.03 to $0.05
Motopompa: folds 
DonFermin: calls $0.04
Lorpugo: folds 
*** FLOP *** [9h 5c Td]
DonFermin: bets $0.04
m5n7b8: calls $0.04
*** TURN *** [9h 5c Td] [7s]
DonFermin: bets $0.04
m5n7b8: folds 
Uncalled bet ($0.04) returned to DonFermin
DonFermin collected $0.19 from pot
*** SUMMARY ***
Total pot $0.20 | Rake $0.01 
Board [9h 5c Td 7s]
Seat 1: m5n7b8 folded on the Turn
Seat 2: Motopompa (button) folded before Flop (didn't bet)
Seat 3: DonFermin (small blind) collected ($0.19)
Seat 4: Lorpugo (big blind) folded before Flop
Seat 5: Lemonstr777 folded before Flop (didn't bet)
Seat 6: Smeggo83 folded before Flop (didn't bet)



PokerStars Hand #239330518862:  Hold'em No Limit ($0.01/$0.02 USD) - 2022/10/19 16:29:26 ET
Table 'Izar III' 6-max Seat #3 is the button
Seat 1: m5n7b8 ($2 in chips) 
Seat 2: Motopompa ($2 in chips) 
Seat 3: DonFermin ($2.17 in chips) 
Seat 4: Lorpugo ($2.91 in chips) 
Seat 5: Lemonstr777 ($2.78 in chips) 
Seat 6: Smeggo83 ($1.99 in chips) 
Lorpugo: posts small blind $0.01
Lemonstr777: posts big blind $0.02
*** HOLE CARDS ***
Dealt to Lorpugo [Qh Jc]
Smeggo83: folds 
m5n7b8: folds 
Motopompa: folds 
DonFermin: calls $0.02
Lorpugo: raises $0.10 to $0.12
Lemonstr777: folds 
DonFermin: calls $0.10
*** FLOP *** [5d Ad 5c]
Lorpugo: bets $0.08
DonFermin: calls $0.08
*** TURN *** [5d Ad 5c] [4c]
Lorpugo: checks 
DonFermin: checks 
*** RIVER *** [5d Ad 5c 4c] [5h]
Lorpugo: checks 
DonFermin: bets $0.08
Lorpugo: folds 
Uncalled bet ($0.08) returned to DonFermin
DonFermin collected $0.41 from pot
*** SUMMARY ***
Total pot $0.42 | Rake $0.01 
Board [5d Ad 5c 4c 5h]
Seat 1: m5n7b8 folded before Flop (didn't bet)
Seat 2: Motopompa folded before Flop (didn't bet)
Seat 3: DonFermin (button) collected ($0.41)
Seat 4: Lorpugo (small blind) folded on the River
Seat 5: Lemonstr777 (big blind) folded before Flop
Seat 6: Smeggo83 folded before Flop (didn't bet)



PokerStars Hand #239330539510:  Hold'em No Limit ($0.01/$0.02 USD) - 2022/10/19 16:30:20 ET
Table 'Izar III' 6-max Seat #4 is the button
Seat 1: m5n7b8 ($2 in chips) 
Seat 2: Motopompa ($2 in chips) 
Seat 3: DonFermin ($2.38 in chips) 
Seat 4: Lorpugo ($2.71 in chips) 
Seat 5: Lemonstr777 ($2.76 in chips) 
Seat 6: Smeggo83 ($1.99 in chips) 
Lemonstr777: posts small blind $0.01
Smeggo83: posts big blind $0.02
*** HOLE CARDS ***
Dealt to Lorpugo [4c Jh]
m5n7b8: folds 
Motopompa: folds 
DonFermin: raises $0.06 to $0.08
Lorpugo: folds 
Lemonstr777: folds 
Smeggo83: calls $0.06
*** FLOP *** [4d Qc 2c]
Smeggo83: checks 
DonFermin: bets $0.06
Smeggo83: raises $0.06 to $0.12
DonFermin: calls $0.06
*** TURN *** [4d Qc 2c] [Kd]
Smeggo83: bets $0.32
DonFermin: calls $0.32
*** RIVER *** [4d Qc 2c Kd] [5h]
Smeggo83: bets $1.47 and is all-in
DonFermin: folds [Ks]
Uncalled bet ($1.47) returned to Smeggo83
Smeggo83 collected $1.01 from pot
Smeggo83: doesn't show hand 
*** SUMMARY ***
Total pot $1.05 | Rake $0.04 
Board [4d Qc 2c Kd 5h]
Seat 1: m5n7b8 folded before Flop (didn't bet)
Seat 2: Motopompa folded before Flop (didn't bet)
Seat 3: DonFermin folded on the River
Seat 4: Lorpugo (button) folded before Flop (didn't bet)
Seat 5: Lemonstr777 (small blind) folded before Flop
Seat 6: Smeggo83 (big blind) collected ($1.01)



PokerStars Hand #239330562743:  Hold'em No Limit ($0.01/$0.02 USD) - 2022/10/19 16:31:20 ET
Table 'Izar III' 6-max Seat #5 is the button
Seat 1: m5n7b8 ($2 in chips) 
Seat 2: Motopompa ($2 in chips) 
Seat 3: DonFermin ($1.86 in chips) 
Seat 4: Lorpugo ($2.71 in chips) 
Seat 5: Lemonstr777 ($2.75 in chips) 
Seat 6: Smeggo83 ($2.48 in chips) 
Smeggo83: posts small blind $0.01
m5n7b8: posts big blind $0.02
*** HOLE CARDS ***
Dealt to Lorpugo [7s 4d]
Motopompa: folds 
DonFermin: folds 
Lorpugo: folds 
Lemonstr777: raises $0.04 to $0.06
Smeggo83: calls $0.05
m5n7b8: folds 
*** FLOP *** [4h Ad 6h]
Smeggo83: bets $0.10
Lemonstr777: calls $0.10
*** TURN *** [4h Ad 6h] [8s]
Smeggo83: bets $0.66
Lemonstr777: folds 
Uncalled bet ($0.66) returned to Smeggo83
Smeggo83 collected $0.33 from pot
Smeggo83: doesn't show hand 
*** SUMMARY ***
Total pot $0.34 | Rake $0.01 
Board [4h Ad 6h 8s]
Seat 1: m5n7b8 (big blind) folded before Flop
Seat 2: Motopompa folded before Flop (didn't bet)
Seat 3: DonFermin folded before Flop (didn't bet)
Seat 4: Lorpugo folded before Flop (didn't bet)
Seat 5: Lemonstr777 (button) folded on the Turn
Seat 6: Smeggo83 (small blind) collected ($0.33)



PokerStars Hand #239330575958:  Hold'em No Limit ($0.01/$0.02 USD) - 2022/10/19 16:31:54 ET
Table 'Izar III' 6-max Seat #6 is the button
Seat 1: m5n7b8 ($2 in chips) 
Seat 2: Motopompa ($2 in chips) 
Seat 3: DonFermin ($1.86 in chips) 
Seat 4: Lorpugo ($2.71 in chips) 
Seat 5: Lemonstr777 ($2.59 in chips) 
Seat 6: Smeggo83 ($2.65 in chips) 
m5n7b8: posts small blind $0.01
Motopompa: posts big blind $0.02
*** HOLE CARDS ***
Dealt to Lorpugo [Qc 8h]
DonFermin: calls $0.02
Lorpugo: folds 
Lemonstr777: folds 
Smeggo83: folds 
m5n7b8: folds 
Motopompa: checks 
*** FLOP *** [4s 8s 8d]
Motopompa: bets $0.02
DonFermin: calls $0.02
*** TURN *** [4s 8s 8d] [Ah]
Motopompa: checks 
DonFermin: checks 
*** RIVER *** [4s 8s 8d Ah] [4c]
Motopompa: bets $0.04
DonFermin: folds 
Uncalled bet ($0.04) returned to Motopompa
Motopompa collected $0.09 from pot
Motopompa: doesn't show hand 
*** SUMMARY ***
Total pot $0.09 | Rake $0 
Board [4s 8s 8d Ah 4c]
Seat 1: m5n7b8 (small blind) folded before Flop
Seat 2: Motopompa (big blind) collected ($0.09)
Seat 3: DonFermin folded on the River
Seat 4: Lorpugo folded before Flop (didn't bet)
Seat 5: Lemonstr777 folded before Flop (didn't bet)
Seat 6: Smeggo83 (button) folded before Flop (didn't bet)



PokerStars Hand #239330591322:  Hold'em No Limit ($0.01/$0.02 USD) - 2022/10/19 16:32:34 ET
Table 'Izar III' 6-max Seat #1 is the button
Seat 1: m5n7b8 ($2 in chips) 
Seat 2: Motopompa ($2.05 in chips) 
Seat 3: DonFermin ($1.82 in chips) 
Seat 4: Lorpugo ($2.71 in chips) 
Seat 5: Lemonstr777 ($2.59 in chips) 
Seat 6: Smeggo83 ($2.65 in chips) 
Motopompa: posts small blind $0.01
DonFermin: posts big blind $0.02
*** HOLE CARDS ***
Dealt to Lorpugo [6h Tc]
Lorpugo: folds 
Lemonstr777: raises $0.04 to $0.06
Smeggo83: folds 
m5n7b8: folds 
Motopompa: folds 
DonFermin: calls $0.04
*** FLOP *** [3c 2d Ac]
DonFermin: checks 
Lemonstr777: checks 
*** TURN *** [3c 2d Ac] [9c]
DonFermin: checks 
Lemonstr777: checks 
*** RIVER *** [3c 2d Ac 9c] [Qd]
DonFermin: bets $0.06
Lemonstr777: calls $0.06
*** SHOW DOWN ***
DonFermin: shows [7d 5c] (high card Ace)
Lemonstr777: shows [Ks Qc] (a pair of Queens)
Lemonstr777 collected $0.24 from pot
*** SUMMARY ***
Total pot $0.25 | Rake $0.01 
Board [3c 2d Ac 9c Qd]
Seat 1: m5n7b8 (button) folded before Flop (didn't bet)
Seat 2: Motopompa (small blind) folded before Flop
Seat 3: DonFermin (big blind) showed [7d 5c] and lost with high card Ace
Seat 4: Lorpugo folded before Flop (didn't bet)
Seat 5: Lemonstr777 showed [Ks Qc] and won ($0.24) with a pair of Queens
Seat 6: Smeggo83 folded before Flop (didn't bet)



PokerStars Hand #239330608396:  Hold'em No Limit ($0.01/$0.02 USD) - 2022/10/19 16:33:19 ET
Table 'Izar III' 6-max Seat #2 is the button
Seat 1: m5n7b8 ($2 in chips) 
Seat 2: Motopompa ($2.04 in chips) 
Seat 3: DonFermin ($1.70 in chips) 
Seat 4: Lorpugo ($2.71 in chips) 
Seat 5: Lemonstr777 ($2.71 in chips) 
Seat 6: Smeggo83 ($2.65 in chips) 
DonFermin: posts small blind $0.01
Lorpugo: posts big blind $0.02
*** HOLE CARDS ***
Dealt to Lorpugo [6d 4s]
Lemonstr777: folds 
Smeggo83: folds 
m5n7b8: folds 
Motopompa: folds 
DonFermin: calls $0.01
Lorpugo: raises $0.10 to $0.12
DonFermin: calls $0.10
*** FLOP *** [7c 6c Kc]
DonFermin: checks 
Lorpugo: checks 
*** TURN *** [7c 6c Kc] [6h]
DonFermin: checks 
Lorpugo: bets $0.28
DonFermin: folds 
Uncalled bet ($0.28) returned to Lorpugo
Lorpugo collected $0.23 from pot
Lorpugo: doesn't show hand 
*** SUMMARY ***
Total pot $0.24 | Rake $0.01 
Board [7c 6c Kc 6h]
Seat 1: m5n7b8 folded before Flop (didn't bet)
Seat 2: Motopompa (button) folded before Flop (didn't bet)
Seat 3: DonFermin (small blind) folded on the Turn
Seat 4: Lorpugo (big blind) collected ($0.23)
Seat 5: Lemonstr777 folded before Flop (didn't bet)
Seat 6: Smeggo83 folded before Flop (didn't bet)



PokerStars Hand #239330623076:  Hold'em No Limit ($0.01/$0.02 USD) - 2022/10/19 16:33:57 ET
Table 'Izar III' 6-max Seat #3 is the button
Seat 1: m5n7b8 ($2 in chips) 
Seat 2: Motopompa ($2.04 in chips) 
Seat 3: DonFermin ($1.58 in chips) 
Seat 4: Lorpugo ($2.82 in chips) 
Seat 5: Lemonstr777 ($2.71 in chips) 
Seat 6: Smeggo83 ($2.65 in chips) 
Lorpugo: posts small blind $0.01
Lemonstr777: posts big blind $0.02
*** HOLE CARDS ***
Dealt to Lorpugo [9s 8s]
Smeggo83 has timed out
Smeggo83: folds 
m5n7b8: folds 
Motopompa: folds 
DonFermin: folds 
Lorpugo: raises $0.04 to $0.06
Lemonstr777: folds 
Uncalled bet ($0.04) returned to Lorpugo
Lorpugo collected $0.04 from pot
Lorpugo: doesn't show hand 
*** SUMMARY ***
Total pot $0.04 | Rake $0 
Seat 1: m5n7b8 folded before Flop (didn't bet)
Seat 2: Motopompa folded before Flop (didn't bet)
Seat 3: DonFermin (button) folded before Flop (didn't bet)
Seat 4: Lorpugo (small blind) collected ($0.04)
Seat 5: Lemonstr777 (big blind) folded before Flop
Seat 6: Smeggo83 folded before Flop (didn't bet)



PokerStars Hand #239330631582:  Hold'em No Limit ($0.01/$0.02 USD) - 2022/10/19 16:34:20 ET
Table 'Izar III' 6-max Seat #4 is the button
Seat 1: m5n7b8 ($2 in chips) 
Seat 2: Motopompa ($2.04 in chips) 
Seat 3: DonFermin ($1.58 in chips) 
Seat 4: Lorpugo ($2.84 in chips) 
Seat 5: Lemonstr777 ($2.69 in chips) 
Lemonstr777: posts small blind $0.01
m5n7b8: posts big blind $0.02
*** HOLE CARDS ***
Dealt to Lorpugo [4h 3h]
Motopompa: folds 
DonFermin: folds 
Lorpugo: raises $0.04 to $0.06
Lemonstr777: folds 
m5n7b8: folds 
Uncalled bet ($0.04) returned to Lorpugo
Lorpugo collected $0.05 from pot
Lorpugo: doesn't show hand 
*** SUMMARY ***
Total pot $0.05 | Rake $0 
Seat 1: m5n7b8 (big blind) folded before Flop
Seat 2: Motopompa folded before Flop (didn't bet)
Seat 3: DonFermin folded before Flop (didn't bet)
Seat 4: Lorpugo (button) collected ($0.05)
Seat 5: Lemonstr777 (small blind) folded before Flop



PokerStars Hand #239330635527:  Hold'em No Limit ($0.01/$0.02 USD) - 2022/10/19 16:34:30 ET
Table 'Izar III' 6-max Seat #5 is the button
Seat 1: m5n7b8 ($2 in chips) 
Seat 2: Motopompa ($2.04 in chips) 
Seat 3: DonFermin ($1.58 in chips) 
Seat 4: Lorpugo ($2.87 in chips) 
Seat 5: Lemonstr777 ($2.68 in chips) 
m5n7b8: posts small blind $0.01
Motopompa: posts big blind $0.02
*** HOLE CARDS ***
Dealt to Lorpugo [4c 7s]
DonFermin: calls $0.02
Lorpugo: folds 
Lemonstr777: folds 
m5n7b8: folds 
Motopompa: checks 
*** FLOP *** [8c 8s 4s]
Motopompa: checks 
DonFermin: checks 
*** TURN *** [8c 8s 4s] [Kd]
Motopompa: checks 
DonFermin: checks 
*** RIVER *** [8c 8s 4s Kd] [6d]
Motopompa: checks 
DonFermin: checks 
*** SHOW DOWN ***
Motopompa: shows [6h Qd] (two pair, Eights and Sixes)
DonFermin: mucks hand 
Motopompa collected $0.05 from pot
*** SUMMARY ***
Total pot $0.05 | Rake $0 
Board [8c 8s 4s Kd 6d]
Seat 1: m5n7b8 (small blind) folded before Flop
Seat 2: Motopompa (big blind) showed [6h Qd] and won ($0.05) with two pair, Eights and Sixes
Seat 3: DonFermin mucked [3h Ad]
Seat 4: Lorpugo folded before Flop (didn't bet)
Seat 5: Lemonstr777 (button) folded before Flop (didn't bet)



PokerStars Hand #239330647205:  Hold'em No Limit ($0.01/$0.02 USD) - 2022/10/19 16:35:01 ET
Table 'Izar III' 6-max Seat #1 is the button
Seat 1: m5n7b8 ($2 in chips) 
Seat 2: Motopompa ($2.07 in chips) 
Seat 3: DonFermin ($1.56 in chips) 
Seat 4: Lorpugo ($2.87 in chips) 
Seat 5: Lemonstr777 ($2.68 in chips) 
Motopompa: posts small blind $0.01
DonFermin: posts big blind $0.02
Smeggo83: sits out 
*** HOLE CARDS ***
Dealt to Lorpugo [3c Qd]
Lorpugo: folds 
Lemonstr777: folds 
m5n7b8: folds 
Motopompa: raises $0.04 to $0.06
DonFermin: calls $0.04
*** FLOP *** [9c 5c 5h]
Motopompa: checks 
DonFermin: checks 
*** TURN *** [9c 5c 5h] [Jh]
Motopompa: checks 
DonFermin: bets $0.04
Motopompa: folds 
Uncalled bet ($0.04) returned to DonFermin
DonFermin collected $0.12 from pot
*** SUMMARY ***
Total pot $0.12 | Rake $0 
Board [9c 5c 5h Jh]
Seat 1: m5n7b8 (button) folded before Flop (didn't bet)
Seat 2: Motopompa (small blind) folded on the Turn
Seat 3: DonFermin (big blind) collected ($0.12)
Seat 4: Lorpugo folded before Flop (didn't bet)
Seat 5: Lemonstr777 folded before Flop (didn't bet)



PokerStars Hand #239330662262:  Hold'em No Limit ($0.01/$0.02 USD) - 2022/10/19 16:35:40 ET
Table 'Izar III' 6-max Seat #2 is the button
Seat 1: m5n7b8 ($2 in chips) 
Seat 2: Motopompa ($2.01 in chips) 
Seat 3: DonFermin ($1.62 in chips) 
Seat 4: Lorpugo ($2.87 in chips) 
Seat 5: Lemonstr777 ($2.68 in chips) 
DonFermin: posts small blind $0.01
Lorpugo: posts big blind $0.02
Smeggo83: sits out 
*** HOLE CARDS ***
Dealt to Lorpugo [8c Jh]
Lemonstr777: folds 
m5n7b8: raises $0.03 to $0.05
Motopompa: folds 
DonFermin: calls $0.04
Lorpugo: calls $0.03
*** FLOP *** [3c 2s 9h]
DonFermin: bets $0.04
Lorpugo: folds 
m5n7b8: calls $0.04
*** TURN *** [3c 2s 9h] [6h]
DonFermin: checks 
m5n7b8: bets $0.11
DonFermin: folds 
Uncalled bet ($0.11) returned to m5n7b8
m5n7b8 collected $0.22 from pot
m5n7b8: doesn't show hand 
*** SUMMARY ***
Total pot $0.23 | Rake $0.01 
Board [3c 2s 9h 6h]
Seat 1: m5n7b8 collected ($0.22)
Seat 2: Motopompa (button) folded before Flop (didn't bet)
Seat 3: DonFermin (small blind) folded on the Turn
Seat 4: Lorpugo (big blind) folded on the Flop
Seat 5: Lemonstr777 folded before Flop (didn't bet)



PokerStars Hand #239330675576:  Hold'em No Limit ($0.01/$0.02 USD) - 2022/10/19 16:36:15 ET
Table 'Izar III' 6-max Seat #3 is the button
Seat 1: m5n7b8 ($2.13 in chips) 
Seat 2: Motopompa ($2.01 in chips) 
Seat 3: DonFermin ($1.53 in chips) 
Seat 4: Lorpugo ($2.82 in chips) 
Seat 5: Lemonstr777 ($2.68 in chips) 
Lorpugo: posts small blind $0.01
Lemonstr777: posts big blind $0.02
Smeggo83: sits out 
*** HOLE CARDS ***
Dealt to Lorpugo [6d 3s]
m5n7b8: folds 
Motopompa: folds 
DonFermin: calls $0.02
Lorpugo: folds 
Lemonstr777: checks 
*** FLOP *** [4c Jc 5h]
Lemonstr777: checks 
DonFermin: checks 
*** TURN *** [4c Jc 5h] [7s]
Lemonstr777: checks 
DonFermin: bets $0.04
Lemonstr777: folds 
Uncalled bet ($0.04) returned to DonFermin
DonFermin collected $0.05 from pot
*** SUMMARY ***
Total pot $0.05 | Rake $0 
Board [4c Jc 5h 7s]
Seat 1: m5n7b8 folded before Flop (didn't bet)
Seat 2: Motopompa folded before Flop (didn't bet)
Seat 3: DonFermin (button) collected ($0.05)
Seat 4: Lorpugo (small blind) folded before Flop
Seat 5: Lemonstr777 (big blind) folded on the Turn



PokerStars Hand #239330684544:  Hold'em No Limit ($0.01/$0.02 USD) - 2022/10/19 16:36:39 ET
Table 'Izar III' 6-max Seat #4 is the button
Seat 1: m5n7b8 ($2.13 in chips) 
Seat 2: Motopompa ($2.01 in chips) 
Seat 3: DonFermin ($1.56 in chips) 
Seat 4: Lorpugo ($2.81 in chips) 
Seat 5: Lemonstr777 ($2.66 in chips) 
Seat 6: Smeggo83 ($2.65 in chips) 
Lemonstr777: posts small blind $0.01
Smeggo83: posts big blind $0.02
*** HOLE CARDS ***
Dealt to Lorpugo [Qh As]
m5n7b8: folds 
Motopompa: folds 
DonFermin: folds 
Lorpugo: raises $0.04 to $0.06
Lemonstr777: folds 
Smeggo83: calls $0.04
*** FLOP *** [2s Jh Kh]
Smeggo83: checks 
Lorpugo: checks 
*** TURN *** [2s Jh Kh] [3s]
Smeggo83: checks 
Lorpugo: bets $0.08
Smeggo83: folds 
Uncalled bet ($0.08) returned to Lorpugo
Lorpugo collected $0.13 from pot
Lorpugo: doesn't show hand 
*** SUMMARY ***
Total pot $0.13 | Rake $0 
Board [2s Jh Kh 3s]
Seat 1: m5n7b8 folded before Flop (didn't bet)
Seat 2: Motopompa folded before Flop (didn't bet)
Seat 3: DonFermin folded before Flop (didn't bet)
Seat 4: Lorpugo (button) collected ($0.13)
Seat 5: Lemonstr777 (small blind) folded before Flop
Seat 6: Smeggo83 (big blind) folded on the Turn



PokerStars Hand #239330701690:  Hold'em No Limit ($0.01/$0.02 USD) - 2022/10/19 16:37:24 ET
Table 'Izar III' 6-max Seat #5 is the button
Seat 1: m5n7b8 ($2.13 in chips) 
Seat 2: Motopompa ($2.01 in chips) 
Seat 3: DonFermin ($1.56 in chips) 
Seat 4: Lorpugo ($2.88 in chips) 
Seat 5: Lemonstr777 ($2.65 in chips) 
Seat 6: Smeggo83 ($2.59 in chips) 
Smeggo83: posts small blind $0.01
m5n7b8: posts big blind $0.02
*** HOLE CARDS ***
Dealt to Lorpugo [8d Ah]
Motopompa: folds 
DonFermin: folds 
Lorpugo: raises $0.04 to $0.06
Lemonstr777: folds 
Smeggo83: folds 
m5n7b8: folds 
Uncalled bet ($0.04) returned to Lorpugo
Lorpugo collected $0.05 from pot
Lorpugo: doesn't show hand 
*** SUMMARY ***
Total pot $0.05 | Rake $0 
Seat 1: m5n7b8 (big blind) folded before Flop
Seat 2: Motopompa folded before Flop (didn't bet)
Seat 3: DonFermin folded before Flop (didn't bet)
Seat 4: Lorpugo collected ($0.05)
Seat 5: Lemonstr777 (button) folded before Flop (didn't bet)
Seat 6: Smeggo83 (small blind) folded before Flop



PokerStars Hand #239330710050:  Hold'em No Limit ($0.01/$0.02 USD) - 2022/10/19 16:37:46 ET
Table 'Izar III' 6-max Seat #6 is the button
Seat 1: m5n7b8 ($2.11 in chips) 
Seat 2: Motopompa ($2.01 in chips) 
Seat 3: DonFermin ($1.56 in chips) 
Seat 4: Lorpugo ($2.91 in chips) 
Seat 5: Lemonstr777 ($2.65 in chips) 
Seat 6: Smeggo83 ($2.58 in chips) 
m5n7b8: posts small blind $0.01
Motopompa: posts big blind $0.02
*** HOLE CARDS ***
Dealt to Lorpugo [7s Tc]
DonFermin: calls $0.02
Lorpugo: folds 
Lemonstr777: raises $0.04 to $0.06
Smeggo83: folds 
m5n7b8: folds 
Motopompa: folds 
DonFermin: calls $0.04
*** FLOP *** [6d Ks Qs]
DonFermin: bets $0.04
Lemonstr777: calls $0.04
*** TURN *** [6d Ks Qs] [Kd]
DonFermin: bets $0.12
Lemonstr777: calls $0.12
*** RIVER *** [6d Ks Qs Kd] [8d]
DonFermin: checks 
Lemonstr777: checks 
*** SHOW DOWN ***
DonFermin: shows [7h Ac] (a pair of Kings)
Lemonstr777: shows [Ah Qd] (two pair, Kings and Queens)
Lemonstr777 collected $0.45 from pot
*** SUMMARY ***
Total pot $0.47 | Rake $0.02 
Board [6d Ks Qs Kd 8d]
Seat 1: m5n7b8 (small blind) folded before Flop
Seat 2: Motopompa (big blind) folded before Flop
Seat 3: DonFermin showed [7h Ac] and lost with a pair of Kings
Seat 4: Lorpugo folded before Flop (didn't bet)
Seat 5: Lemonstr777 showed [Ah Qd] and won ($0.45) with two pair, Kings and Queens
Seat 6: Smeggo83 (button) folded before Flop (didn't bet)



PokerStars Hand #239330724329:  Hold'em No Limit ($0.01/$0.02 USD) - 2022/10/19 16:38:24 ET
Table 'Izar III' 6-max Seat #1 is the button
Seat 1: m5n7b8 ($2.10 in chips) 
Seat 2: Motopompa ($2 in chips) 
Seat 3: DonFermin ($1.34 in chips) 
Seat 4: Lorpugo ($2.91 in chips) 
Seat 5: Lemonstr777 ($2.88 in chips) 
Seat 6: Smeggo83 ($2.58 in chips) 
Motopompa: posts small blind $0.01
DonFermin: posts big blind $0.02
*** HOLE CARDS ***
Dealt to Lorpugo [8c 5h]
Lorpugo: folds 
Lemonstr777: folds 
Smeggo83: folds 
m5n7b8: folds 
Motopompa: raises $0.04 to $0.06
DonFermin: calls $0.04
*** FLOP *** [Kc Kh 3h]
Motopompa: bets $0.06
DonFermin: calls $0.06
*** TURN *** [Kc Kh 3h] [3s]
Motopompa: checks 
DonFermin: checks 
*** RIVER *** [Kc Kh 3h 3s] [6d]
Motopompa: checks 
DonFermin: checks 
*** SHOW DOWN ***
Motopompa: shows [Th 9h] (two pair, Kings and Threes)
DonFermin: shows [5d Qs] (two pair, Kings and Threes - Queen kicker)
DonFermin collected $0.23 from pot
*** SUMMARY ***
Total pot $0.24 | Rake $0.01 
Board [Kc Kh 3h 3s 6d]
Seat 1: m5n7b8 (button) folded before Flop (didn't bet)
Seat 2: Motopompa (small blind) showed [Th 9h] and lost with two pair, Kings and Threes
Seat 3: DonFermin (big blind) showed [5d Qs] and won ($0.23) with two pair, Kings and Threes
Seat 4: Lorpugo folded before Flop (didn't bet)
Seat 5: Lemonstr777 folded before Flop (didn't bet)
Seat 6: Smeggo83 folded before Flop (didn't bet)



PokerStars Hand #239330736038:  Hold'em No Limit ($0.01/$0.02 USD) - 2022/10/19 16:38:55 ET
Table 'Izar III' 6-max Seat #2 is the button
Seat 1: m5n7b8 ($2.10 in chips) 
Seat 2: Motopompa ($2 in chips) 
Seat 3: DonFermin ($1.45 in chips) 
Seat 4: Lorpugo ($2.91 in chips) 
Seat 5: Lemonstr777 ($2.88 in chips) 
Seat 6: Smeggo83 ($2.58 in chips) 
DonFermin: posts small blind $0.01
Lorpugo: posts big blind $0.02
*** HOLE CARDS ***
Dealt to Lorpugo [Kh 7s]
Lemonstr777: folds 
Smeggo83: raises $0.05 to $0.07
m5n7b8: calls $0.07
Motopompa: folds 
DonFermin: folds 
Lorpugo: folds 
*** FLOP *** [8s Ad Ks]
Smeggo83: bets $0.08
m5n7b8: folds 
Uncalled bet ($0.08) returned to Smeggo83
Smeggo83 collected $0.16 from pot
Smeggo83: doesn't show hand 
*** SUMMARY ***
Total pot $0.17 | Rake $0.01 
Board [8s Ad Ks]
Seat 1: m5n7b8 folded on the Flop
Seat 2: Motopompa (button) folded before Flop (didn't bet)
Seat 3: DonFermin (small blind) folded before Flop
Seat 4: Lorpugo (big blind) folded before Flop
Seat 5: Lemonstr777 folded before Flop (didn't bet)
Seat 6: Smeggo83 collected ($0.16)



PokerStars Hand #239330749909:  Hold'em No Limit ($0.01/$0.02 USD) - 2022/10/19 16:39:32 ET
Table 'Izar III' 6-max Seat #3 is the button
Seat 1: m5n7b8 ($2.03 in chips) 
Seat 2: Motopompa ($2 in chips) 
Seat 3: DonFermin ($1.44 in chips) 
Seat 4: Lorpugo ($2.89 in chips) 
Seat 5: Lemonstr777 ($2.88 in chips) 
Seat 6: Smeggo83 ($2.67 in chips) 
Lorpugo: posts small blind $0.01
Lemonstr777: posts big blind $0.02
*** HOLE CARDS ***
Dealt to Lorpugo [7s 2c]
Smeggo83: folds 
m5n7b8: folds 
Motopompa: raises $0.04 to $0.06
DonFermin: calls $0.06
Lorpugo: folds 
Lemonstr777: calls $0.04
*** FLOP *** [Kc Qs 2h]
Lemonstr777: checks 
Motopompa: checks 
DonFermin: bets $0.04
Lemonstr777: calls $0.04
Motopompa: folds 
*** TURN *** [Kc Qs 2h] [8c]
Lemonstr777: checks 
DonFermin: checks 
*** RIVER *** [Kc Qs 2h 8c] [8d]
Lemonstr777: checks 
DonFermin: checks 
*** SHOW DOWN ***
Lemonstr777: shows [As Jc] (a pair of Eights)
DonFermin: mucks hand 
Lemonstr777 collected $0.26 from pot
*** SUMMARY ***
Total pot $0.27 | Rake $0.01 
Board [Kc Qs 2h 8c 8d]
Seat 1: m5n7b8 folded before Flop (didn't bet)
Seat 2: Motopompa folded on the Flop
Seat 3: DonFermin (button) mucked [Js Td]
Seat 4: Lorpugo (small blind) folded before Flop
Seat 5: Lemonstr777 (big blind) showed [As Jc] and won ($0.26) with a pair of Eights
Seat 6: Smeggo83 folded before Flop (didn't bet)



PokerStars Hand #239330769300:  Hold'em No Limit ($0.01/$0.02 USD) - 2022/10/19 16:40:23 ET
Table 'Izar III' 6-max Seat #4 is the button
Seat 1: m5n7b8 ($2.03 in chips) 
Seat 2: Motopompa ($2 in chips) 
Seat 3: DonFermin ($1.34 in chips) 
Seat 4: Lorpugo ($2.88 in chips) 
Seat 5: Lemonstr777 ($3.04 in chips) 
Seat 6: Smeggo83 ($2.67 in chips) 
Lemonstr777: posts small blind $0.01
Smeggo83: posts big blind $0.02
*** HOLE CARDS ***
Dealt to Lorpugo [6s 8d]
m5n7b8: folds 
Motopompa: folds 
DonFermin: calls $0.02
Lorpugo: calls $0.02
Lemonstr777: folds 
Smeggo83: checks 
*** FLOP *** [Ah Qc 2d]
Smeggo83: checks 
DonFermin: checks 
Lorpugo: bets $0.02
Smeggo83: folds 
DonFermin: calls $0.02
*** TURN *** [Ah Qc 2d] [Qs]
DonFermin: bets $0.04
Lorpugo: folds 
Uncalled bet ($0.04) returned to DonFermin
DonFermin collected $0.11 from pot
*** SUMMARY ***
Total pot $0.11 | Rake $0 
Board [Ah Qc 2d Qs]
Seat 1: m5n7b8 folded before Flop (didn't bet)
Seat 2: Motopompa folded before Flop (didn't bet)
Seat 3: DonFermin collected ($0.11)
Seat 4: Lorpugo (button) folded on the Turn
Seat 5: Lemonstr777 (small blind) folded before Flop
Seat 6: Smeggo83 (big blind) folded on the Flop



PokerStars Hand #239330785820:  Hold'em No Limit ($0.01/$0.02 USD) - 2022/10/19 16:41:07 ET
Table 'Izar III' 6-max Seat #5 is the button
Seat 1: m5n7b8 ($2.03 in chips) 
Seat 2: Motopompa ($2 in chips) 
Seat 3: DonFermin ($1.41 in chips) 
Seat 4: Lorpugo ($2.84 in chips) 
Seat 5: Lemonstr777 ($3.03 in chips) 
Seat 6: Smeggo83 ($2.65 in chips) 
Smeggo83: posts small blind $0.01
m5n7b8: posts big blind $0.02
*** HOLE CARDS ***
Dealt to Lorpugo [Kh Th]
Motopompa: raises $0.04 to $0.06
DonFermin: folds 
Lorpugo: calls $0.06
Lemonstr777: folds 
Smeggo83: folds 
m5n7b8: folds 
*** FLOP *** [Td 7h 7s]
Motopompa: bets $0.10
Lorpugo: calls $0.10
*** TURN *** [Td 7h 7s] [Ad]
Motopompa: checks 
Lorpugo: checks 
*** RIVER *** [Td 7h 7s Ad] [Qd]
Motopompa: bets $0.10
Lorpugo: folds 
Uncalled bet ($0.10) returned to Motopompa
Motopompa collected $0.34 from pot
Motopompa: doesn't show hand 
*** SUMMARY ***
Total pot $0.35 | Rake $0.01 
Board [Td 7h 7s Ad Qd]
Seat 1: m5n7b8 (big blind) folded before Flop
Seat 2: Motopompa collected ($0.34)
Seat 3: DonFermin folded before Flop (didn't bet)
Seat 4: Lorpugo folded on the River
Seat 5: Lemonstr777 (button) folded before Flop (didn't bet)
Seat 6: Smeggo83 (small blind) folded before Flop



PokerStars Hand #239330810235:  Hold'em No Limit ($0.01/$0.02 USD) - 2022/10/19 16:42:13 ET
Table 'Izar III' 6-max Seat #6 is the button
Seat 1: m5n7b8 ($2.01 in chips) 
Seat 2: Motopompa ($2.18 in chips) 
Seat 3: DonFermin ($1.41 in chips) 
Seat 4: Lorpugo ($2.68 in chips) 
Seat 5: Lemonstr777 ($3.03 in chips) 
Seat 6: Smeggo83 ($2.64 in chips) 
m5n7b8: posts small blind $0.01
Motopompa: posts big blind $0.02
*** HOLE CARDS ***
Dealt to Lorpugo [Js 5h]
DonFermin: folds 
Lorpugo: folds 
Lemonstr777: folds 
Smeggo83: raises $0.05 to $0.07
m5n7b8: folds 
Motopompa: folds 
Uncalled bet ($0.05) returned to Smeggo83
Smeggo83 collected $0.05 from pot
Smeggo83: doesn't show hand 
*** SUMMARY ***
Total pot $0.05 | Rake $0 
Seat 1: m5n7b8 (small blind) folded before Flop
Seat 2: Motopompa (big blind) folded before Flop
Seat 3: DonFermin folded before Flop (didn't bet)
Seat 4: Lorpugo folded before Flop (didn't bet)
Seat 5: Lemonstr777 folded before Flop (didn't bet)
Seat 6: Smeggo83 (button) collected ($0.05)



PokerStars Hand #239330815849:  Hold'em No Limit ($0.01/$0.02 USD) - 2022/10/19 16:42:28 ET
Table 'Izar III' 6-max Seat #1 is the button
Seat 1: m5n7b8 ($2 in chips) 
Seat 2: Motopompa ($2.16 in chips) 
Seat 3: DonFermin ($1.41 in chips) 
Seat 4: Lorpugo ($2.68 in chips) 
Seat 5: Lemonstr777 ($3.03 in chips) 
Seat 6: Smeggo83 ($2.67 in chips) 
Motopompa: posts small blind $0.01
DonFermin: posts big blind $0.02
*** HOLE CARDS ***
Dealt to Lorpugo [6d Kh]
Lorpugo: folds 
Lemonstr777: folds 
Smeggo83: folds 
m5n7b8: folds 
Motopompa: folds 
Uncalled bet ($0.01) returned to DonFermin
DonFermin collected $0.02 from pot
*** SUMMARY ***
Total pot $0.02 | Rake $0 
Seat 1: m5n7b8 (button) folded before Flop (didn't bet)
Seat 2: Motopompa (small blind) folded before Flop
Seat 3: DonFermin (big blind) collected ($0.02)
Seat 4: Lorpugo folded before Flop (didn't bet)
Seat 5: Lemonstr777 folded before Flop (didn't bet)
Seat 6: Smeggo83 folded before Flop (didn't bet)



PokerStars Hand #239330820919:  Hold'em No Limit ($0.01/$0.02 USD) - 2022/10/19 16:42:42 ET
Table 'Izar III' 6-max Seat #2 is the button
Seat 1: m5n7b8 ($2 in chips) 
Seat 2: Motopompa ($2.15 in chips) 
Seat 3: DonFermin ($1.42 in chips) 
Seat 4: Lorpugo ($2.68 in chips) 
Seat 5: Lemonstr777 ($3.03 in chips) 
Seat 6: Smeggo83 ($2.67 in chips) 
DonFermin: posts small blind $0.01
Lorpugo: posts big blind $0.02
*** HOLE CARDS ***
Dealt to Lorpugo [2c 6c]
Lemonstr777: folds 
Smeggo83: folds 
m5n7b8: folds 
Motopompa: folds 
DonFermin: calls $0.01
Lorpugo: checks 
*** FLOP *** [6h 6s 5c]
DonFermin: checks 
Lorpugo: bets $0.02
DonFermin: calls $0.02
*** TURN *** [6h 6s 5c] [4h]
DonFermin: checks 
Lorpugo: bets $0.12
DonFermin: folds 
Uncalled bet ($0.12) returned to Lorpugo
Lorpugo collected $0.08 from pot
Lorpugo: doesn't show hand 
*** SUMMARY ***
Total pot $0.08 | Rake $0 
Board [6h 6s 5c 4h]
Seat 1: m5n7b8 folded before Flop (didn't bet)
Seat 2: Motopompa (button) folded before Flop (didn't bet)
Seat 3: DonFermin (small blind) folded on the Turn
Seat 4: Lorpugo (big blind) collected ($0.08)
Seat 5: Lemonstr777 folded before Flop (didn't bet)
Seat 6: Smeggo83 folded before Flop (didn't bet)



PokerStars Hand #239330835221:  Hold'em No Limit ($0.01/$0.02 USD) - 2022/10/19 16:43:20 ET
Table 'Izar III' 6-max Seat #3 is the button
Seat 1: m5n7b8 ($2 in chips) 
Seat 2: Motopompa ($2.15 in chips) 
Seat 3: DonFermin ($1.38 in chips) 
Seat 4: Lorpugo ($2.72 in chips) 
Seat 5: Lemonstr777 ($3.03 in chips) 
Seat 6: Smeggo83 ($2.67 in chips) 
Lorpugo: posts small blind $0.01
Lemonstr777: posts big blind $0.02
*** HOLE CARDS ***
Dealt to Lorpugo [Kd 7s]
Smeggo83: folds 
m5n7b8: folds 
Motopompa: folds 
DonFermin: calls $0.02
Lorpugo: calls $0.01
Lemonstr777: checks 
*** FLOP *** [Th 6s 8d]
Lorpugo: checks 
Lemonstr777: checks 
DonFermin: checks 
*** TURN *** [Th 6s 8d] [Ts]
Lorpugo: checks 
Lemonstr777: bets $0.03
DonFermin: calls $0.03
Lorpugo: calls $0.03
*** RIVER *** [Th 6s 8d Ts] [Ah]
Lorpugo: checks 
Lemonstr777: bets $0.05
DonFermin: folds 
Lorpugo: folds 
Uncalled bet ($0.05) returned to Lemonstr777
Lemonstr777 collected $0.14 from pot
*** SUMMARY ***
Total pot $0.15 | Rake $0.01 
Board [Th 6s 8d Ts Ah]
Seat 1: m5n7b8 folded before Flop (didn't bet)
Seat 2: Motopompa folded before Flop (didn't bet)
Seat 3: DonFermin (button) folded on the River
Seat 4: Lorpugo (small blind) folded on the River
Seat 5: Lemonstr777 (big blind) collected ($0.14)
Seat 6: Smeggo83 folded before Flop (didn't bet)



PokerStars Hand #239330858355:  Hold'em No Limit ($0.01/$0.02 USD) - 2022/10/19 16:44:22 ET
Table 'Izar III' 6-max Seat #4 is the button
Seat 1: m5n7b8 ($2 in chips) 
Seat 2: Motopompa ($2.15 in chips) 
Seat 3: DonFermin ($1.33 in chips) 
Seat 4: Lorpugo ($2.67 in chips) 
Seat 5: Lemonstr777 ($3.12 in chips) 
Seat 6: Smeggo83 ($2.67 in chips) 
Lemonstr777: posts small blind $0.01
Smeggo83: posts big blind $0.02
*** HOLE CARDS ***
Dealt to Lorpugo [Qs 7d]
m5n7b8: folds 
Motopompa: folds 
DonFermin: calls $0.02
Lorpugo: folds 
Lemonstr777: folds 
Smeggo83: checks 
*** FLOP *** [Ad Jh 2s]
Smeggo83: checks 
DonFermin: checks 
*** TURN *** [Ad Jh 2s] [8h]
Smeggo83: bets $0.02
DonFermin: calls $0.02
*** RIVER *** [Ad Jh 2s 8h] [4d]
Smeggo83: bets $0.02
DonFermin: folds 
Uncalled bet ($0.02) returned to Smeggo83
Smeggo83 collected $0.09 from pot
Smeggo83: doesn't show hand 
*** SUMMARY ***
Total pot $0.09 | Rake $0 
Board [Ad Jh 2s 8h 4d]
Seat 1: m5n7b8 folded before Flop (didn't bet)
Seat 2: Motopompa folded before Flop (didn't bet)
Seat 3: DonFermin folded on the River
Seat 4: Lorpugo (button) folded before Flop (didn't bet)
Seat 5: Lemonstr777 (small blind) folded before Flop
Seat 6: Smeggo83 (big blind) collected ($0.09)



PokerStars Hand #239330872928:  Hold'em No Limit ($0.01/$0.02 USD) - 2022/10/19 16:45:02 ET
Table 'Izar III' 6-max Seat #5 is the button
Seat 2: Motopompa ($2.15 in chips) 
Seat 3: DonFermin ($1.29 in chips) 
Seat 4: Lorpugo ($2.67 in chips) 
Seat 5: Lemonstr777 ($3.11 in chips) 
Seat 6: Smeggo83 ($2.72 in chips) 
Smeggo83: posts small blind $0.01
m5n7b8: is sitting out 
Motopompa: posts big blind $0.02
*** HOLE CARDS ***
Dealt to Lorpugo [9c 3c]
m5n7b8 leaves the table
DonFermin: folds 
Lorpugo: folds 
Lemonstr777: folds 
Lenício joins the table at seat #1 
Smeggo83: folds 
Uncalled bet ($0.01) returned to Motopompa
Motopompa collected $0.02 from pot
Motopompa: doesn't show hand 
*** SUMMARY ***
Total pot $0.02 | Rake $0 
Seat 2: Motopompa (big blind) collected ($0.02)
Seat 3: DonFermin folded before Flop (didn't bet)
Seat 4: Lorpugo folded before Flop (didn't bet)
Seat 5: Lemonstr777 (button) folded before Flop (didn't bet)
Seat 6: Smeggo83 (small blind) folded before Flop



PokerStars Hand #239330877116:  Hold'em No Limit ($0.01/$0.02 USD) - 2022/10/19 16:45:13 ET
Table 'Izar III' 6-max Seat #6 is the button
Seat 2: Motopompa ($2.16 in chips) 
Seat 3: DonFermin ($1.29 in chips) 
Seat 4: Lorpugo ($2.67 in chips) 
Seat 5: Lemonstr777 ($3.11 in chips) 
Seat 6: Smeggo83 ($2.71 in chips) 
Motopompa: posts small blind $0.01
DonFermin: posts big blind $0.02
*** HOLE CARDS ***
Dealt to Lorpugo [8h Th]
Lorpugo: raises $0.04 to $0.06
Lemonstr777: folds 
Smeggo83: folds 
Motopompa: folds 
DonFermin: calls $0.04
*** FLOP *** [6s 3s 3d]
DonFermin: bets $0.04
Lorpugo: calls $0.04
*** TURN *** [6s 3s 3d] [Ac]
DonFermin: bets $0.04
Lorpugo: raises $0.08 to $0.12
DonFermin: calls $0.08
*** RIVER *** [6s 3s 3d Ac] [Jh]
DonFermin: checks 
Lorpugo: bets $0.30
DonFermin: folds 
Uncalled bet ($0.30) returned to Lorpugo
Lorpugo collected $0.43 from pot
Lorpugo: doesn't show hand 
*** SUMMARY ***
Total pot $0.45 | Rake $0.02 
Board [6s 3s 3d Ac Jh]
Seat 2: Motopompa (small blind) folded before Flop
Seat 3: DonFermin (big blind) folded on the River
Seat 4: Lorpugo collected ($0.43)
Seat 5: Lemonstr777 folded before Flop (didn't bet)
Seat 6: Smeggo83 (button) folded before Flop (didn't bet)



PokerStars Hand #239330895259:  Hold'em No Limit ($0.01/$0.02 USD) - 2022/10/19 16:46:02 ET
Table 'Izar III' 6-max Seat #2 is the button
Seat 1: Lenício ($1.60 in chips) 
Seat 2: Motopompa ($2.15 in chips) 
Seat 3: DonFermin ($1.07 in chips) 
Seat 4: Lorpugo ($2.88 in chips) 
Seat 5: Lemonstr777 ($3.11 in chips) 
Seat 6: Smeggo83 ($2.71 in chips) 
DonFermin: posts small blind $0.01
Lorpugo: posts big blind $0.02
Lenício: posts big blind $0.02
*** HOLE CARDS ***
Dealt to Lorpugo [3h Th]
Lemonstr777: folds 
Smeggo83: folds 
Lenício: checks 
Motopompa: raises $0.08 to $0.10
DonFermin: folds 
Lorpugo: folds 
Lenício: folds 
Uncalled bet ($0.08) returned to Motopompa
Motopompa collected $0.07 from pot
Motopompa: doesn't show hand 
*** SUMMARY ***
Total pot $0.07 | Rake $0 
Seat 1: Lenício folded before Flop (didn't bet)
Seat 2: Motopompa (button) collected ($0.07)
Seat 3: DonFermin (small blind) folded before Flop
Seat 4: Lorpugo (big blind) folded before Flop
Seat 5: Lemonstr777 folded before Flop (didn't bet)
Seat 6: Smeggo83 folded before Flop (didn't bet)



PokerStars Hand #239330905836:  Hold'em No Limit ($0.01/$0.02 USD) - 2022/10/19 16:46:30 ET
Table 'Izar III' 6-max Seat #3 is the button
Seat 1: Lenício ($1.58 in chips) 
Seat 2: Motopompa ($2.20 in chips) 
Seat 3: DonFermin ($1.06 in chips) 
Seat 4: Lorpugo ($2.86 in chips) 
Seat 5: Lemonstr777 ($3.11 in chips) 
Seat 6: Smeggo83 ($2.71 in chips) 
Lorpugo: posts small blind $0.01
Lemonstr777: posts big blind $0.02
*** HOLE CARDS ***
Dealt to Lorpugo [2s 8c]
Smeggo83: folds 
Lenício: calls $0.02
Motopompa: folds 
DonFermin: calls $0.02
Lorpugo: folds 
Lemonstr777: checks 
*** FLOP *** [Td Ad Ts]
Lemonstr777: checks 
Lenício: checks 
DonFermin: checks 
*** TURN *** [Td Ad Ts] [Kh]
Lemonstr777: checks 
Lenício: checks 
DonFermin: checks 
*** RIVER *** [Td Ad Ts Kh] [Qh]
Lemonstr777: checks 
Lenício: checks 
DonFermin: bets $0.04
Lemonstr777: folds 
Lenício: folds 
Uncalled bet ($0.04) returned to DonFermin
DonFermin collected $0.07 from pot
*** SUMMARY ***
Total pot $0.07 | Rake $0 
Board [Td Ad Ts Kh Qh]
Seat 1: Lenício folded on the River
Seat 2: Motopompa folded before Flop (didn't bet)
Seat 3: DonFermin (button) collected ($0.07)
Seat 4: Lorpugo (small blind) folded before Flop
Seat 5: Lemonstr777 (big blind) folded on the River
Seat 6: Smeggo83 folded before Flop (didn't bet)



PokerStars Hand #239330918772:  Hold'em No Limit ($0.01/$0.02 USD) - 2022/10/19 16:47:04 ET
Table 'Izar III' 6-max Seat #4 is the button
Seat 1: Lenício ($1.56 in chips) 
Seat 2: Motopompa ($2.20 in chips) 
Seat 3: DonFermin ($1.11 in chips) 
Seat 4: Lorpugo ($2.85 in chips) 
Seat 5: Lemonstr777 ($3.09 in chips) 
Seat 6: Smeggo83 ($2.71 in chips) 
Lemonstr777: posts small blind $0.01
Smeggo83: posts big blind $0.02
*** HOLE CARDS ***
Dealt to Lorpugo [2h Jh]
Lenício: folds 
Motopompa: folds 
DonFermin: folds 
Lorpugo has timed out
Lorpugo: folds 
Lemonstr777: folds 
Uncalled bet ($0.01) returned to Smeggo83
Smeggo83 collected $0.02 from pot
Smeggo83: doesn't show hand 
*** SUMMARY ***
Total pot $0.02 | Rake $0 
Seat 1: Lenício folded before Flop (didn't bet)
Seat 2: Motopompa folded before Flop (didn't bet)
Seat 3: DonFermin folded before Flop (didn't bet)
Seat 4: Lorpugo (button) folded before Flop (didn't bet)
Seat 5: Lemonstr777 (small blind) folded before Flop
Seat 6: Smeggo83 (big blind) collected ($0.02)



PokerStars Hand #239330927207:  Hold'em No Limit ($0.01/$0.02 USD) - 2022/10/19 16:47:27 ET
Table 'Izar III' 6-max Seat #5 is the button
Seat 1: Lenício ($1.56 in chips) 
Seat 2: Motopompa ($2.20 in chips) 
Seat 3: DonFermin ($1.11 in chips) 
Seat 4: Lorpugo ($2.85 in chips) 
Seat 5: Lemonstr777 ($3.08 in chips) 
Seat 6: Smeggo83 ($2.72 in chips) 
Smeggo83: posts small blind $0.01
Lenício: posts big blind $0.02
*** HOLE CARDS ***
Dealt to Lorpugo [Jh 9c]
Motopompa: folds 
DonFermin: calls $0.02
Lorpugo: folds 
Lemonstr777: folds 
Smeggo83: folds 
Lenício: checks 
*** FLOP *** [As Tc 7h]
Lenício: checks 
DonFermin: bets $0.04
Lenício: folds 
Uncalled bet ($0.04) returned to DonFermin
DonFermin collected $0.05 from pot
*** SUMMARY ***
Total pot $0.05 | Rake $0 
Board [As Tc 7h]
Seat 1: Lenício (big blind) folded on the Flop
Seat 2: Motopompa folded before Flop (didn't bet)
Seat 3: DonFermin collected ($0.05)
Seat 4: Lorpugo folded before Flop (didn't bet)
Seat 5: Lemonstr777 (button) folded before Flop (didn't bet)
Seat 6: Smeggo83 (small blind) folded before Flop



PokerStars Hand #239330934306:  Hold'em No Limit ($0.01/$0.02 USD) - 2022/10/19 16:47:45 ET
Table 'Izar III' 6-max Seat #6 is the button
Seat 1: Lenício ($1.54 in chips) 
Seat 2: Motopompa ($2.20 in chips) 
Seat 3: DonFermin ($1.14 in chips) 
Seat 4: Lorpugo ($2.85 in chips) 
Seat 5: Lemonstr777 ($3.08 in chips) 
Seat 6: Smeggo83 ($2.71 in chips) 
Lenício: posts small blind $0.01
Motopompa: posts big blind $0.02
*** HOLE CARDS ***
Dealt to Lorpugo [5c 3c]
DonFermin: folds 
Lorpugo: folds 
Lemonstr777: folds 
Smeggo83: folds 
Lenício: calls $0.01
Motopompa: raises $0.06 to $0.08
Lenício: folds 
Uncalled bet ($0.06) returned to Motopompa
Motopompa collected $0.04 from pot
Motopompa: doesn't show hand 
*** SUMMARY ***
Total pot $0.04 | Rake $0 
Seat 1: Lenício (small blind) folded before Flop
Seat 2: Motopompa (big blind) collected ($0.04)
Seat 3: DonFermin folded before Flop (didn't bet)
Seat 4: Lorpugo folded before Flop (didn't bet)
Seat 5: Lemonstr777 folded before Flop (didn't bet)
Seat 6: Smeggo83 (button) folded before Flop (didn't bet)



PokerStars Hand #239330940681:  Hold'em No Limit ($0.01/$0.02 USD) - 2022/10/19 16:48:02 ET
Table 'Izar III' 6-max Seat #1 is the button
Seat 1: Lenício ($1.52 in chips) 
Seat 2: Motopompa ($2.22 in chips) 
Seat 3: DonFermin ($1.14 in chips) 
Seat 4: Lorpugo ($2.85 in chips) 
Seat 5: Lemonstr777 ($3.08 in chips) 
Seat 6: Smeggo83 ($2.71 in chips) 
Motopompa: posts small blind $0.01
DonFermin: posts big blind $0.02
*** HOLE CARDS ***
Dealt to Lorpugo [Ts Jh]
Lorpugo: folds 
Lemonstr777: folds 
Smeggo83: raises $0.05 to $0.07
Lenício: folds 
Motopompa: folds 
DonFermin: folds 
Uncalled bet ($0.05) returned to Smeggo83
Smeggo83 collected $0.05 from pot
Smeggo83: doesn't show hand 
*** SUMMARY ***
Total pot $0.05 | Rake $0 
Seat 1: Lenício (button) folded before Flop (didn't bet)
Seat 2: Motopompa (small blind) folded before Flop
Seat 3: DonFermin (big blind) folded before Flop
Seat 4: Lorpugo folded before Flop (didn't bet)
Seat 5: Lemonstr777 folded before Flop (didn't bet)
Seat 6: Smeggo83 collected ($0.05)



