PokerStars Hand #239331691715:  Hold'em No Limit ($0.01/$0.02 USD) - 2022/10/19 17:23:28 ET
Table 'Alrischa' 6-max Seat #4 is the button
Seat 1: SteveeeH ($3.45 in chips) 
Seat 2: lalon22 ($2.20 in chips) 
Seat 3: gelopoly ($2.96 in chips) 
Seat 4: zlBlueline ($1.68 in chips) 
Seat 5: lprebsi69 ($1.69 in chips) 
Seat 6: Lorpugo ($1.60 in chips) 
lprebsi69: posts small blind $0.01
Lorpugo: posts big blind $0.02
*** HOLE CARDS ***
Dealt to Lorpugo [8d 6d]
SteveeeH: raises $0.02 to $0.04
lalon22: folds 
gelopoly: folds 
zlBlueline: calls $0.04
lprebsi69: folds 
Lorpugo: calls $0.02
*** FLOP *** [5c 4h Jc]
Lorpugo: checks 
SteveeeH: checks 
zlBlueline: checks 
*** TURN *** [5c 4h Jc] [8s]
Lorpugo: bets $0.16
SteveeeH: folds 
zlBlueline: calls $0.16
*** RIVER *** [5c 4h Jc 8s] [5h]
Lorpugo: checks 
zlBlueline: checks 
*** SHOW DOWN ***
Lorpugo: shows [8d 6d] (two pair, Eights and Fives)
zlBlueline: mucks hand 
Lorpugo collected $0.43 from pot
*** SUMMARY ***
Total pot $0.45 | Rake $0.02 
Board [5c 4h Jc 8s 5h]
Seat 1: SteveeeH folded on the Turn
Seat 2: lalon22 folded before Flop (didn't bet)
Seat 3: gelopoly folded before Flop (didn't bet)
Seat 4: zlBlueline (button) mucked [Ts Ac]
Seat 5: lprebsi69 (small blind) folded before Flop
Seat 6: Lorpugo (big blind) showed [8d 6d] and won ($0.43) with two pair, Eights and Fives



PokerStars Hand #239331713101:  Hold'em No Limit ($0.01/$0.02 USD) - 2022/10/19 17:24:29 ET
Table 'Alrischa' 6-max Seat #5 is the button
Seat 1: SteveeeH ($3.41 in chips) 
Seat 2: lalon22 ($2.20 in chips) 
Seat 3: gelopoly ($2.96 in chips) 
Seat 4: zlBlueline ($1.48 in chips) 
Seat 5: lprebsi69 ($1.68 in chips) 
Seat 6: Lorpugo ($1.83 in chips) 
Lorpugo: posts small blind $0.01
SteveeeH: posts big blind $0.02
*** HOLE CARDS ***
Dealt to Lorpugo [6c 4d]
lalon22: folds 
gelopoly: folds 
zlBlueline: calls $0.02
lprebsi69: folds 
Lorpugo: calls $0.01
SteveeeH: checks 
*** FLOP *** [Qd 3c 9d]
Lorpugo: checks 
SteveeeH: checks 
zlBlueline: checks 
*** TURN *** [Qd 3c 9d] [Qh]
Lorpugo: checks 
SteveeeH: checks 
zlBlueline: checks 
*** RIVER *** [Qd 3c 9d Qh] [Kh]
Lorpugo: bets $0.04
SteveeeH: folds 
zlBlueline: calls $0.04
*** SHOW DOWN ***
Lorpugo: shows [6c 4d] (a pair of Queens)
zlBlueline: shows [8s 5d] (a pair of Queens - King+Nine+Eight kicker)
zlBlueline collected $0.14 from pot
*** SUMMARY ***
Total pot $0.14 | Rake $0 
Board [Qd 3c 9d Qh Kh]
Seat 1: SteveeeH (big blind) folded on the River
Seat 2: lalon22 folded before Flop (didn't bet)
Seat 3: gelopoly folded before Flop (didn't bet)
Seat 4: zlBlueline showed [8s 5d] and won ($0.14) with a pair of Queens
Seat 5: lprebsi69 (button) folded before Flop (didn't bet)
Seat 6: Lorpugo (small blind) showed [6c 4d] and lost with a pair of Queens



PokerStars Hand #239331738174:  Hold'em No Limit ($0.01/$0.02 USD) - 2022/10/19 17:25:39 ET
Table 'Alrischa' 6-max Seat #6 is the button
Seat 1: SteveeeH ($3.39 in chips) 
Seat 3: gelopoly ($2.96 in chips) 
Seat 4: zlBlueline ($1.56 in chips) 
Seat 5: lprebsi69 ($1.68 in chips) 
Seat 6: Lorpugo ($1.77 in chips) 
SteveeeH: posts small blind $0.01
lalon22: is sitting out 
gelopoly: posts big blind $0.02
*** HOLE CARDS ***
Dealt to Lorpugo [5h 3d]
zlBlueline: calls $0.02
lprebsi69: calls $0.02
Lorpugo: folds 
SteveeeH: folds 
gelopoly: checks 
*** FLOP *** [8s 7c 8h]
lalon22 leaves the table
beansinit joins the table at seat #2 
gelopoly: checks 
zlBlueline: checks 
lprebsi69: bets $0.06
gelopoly: folds 
zlBlueline: calls $0.06
*** TURN *** [8s 7c 8h] [Ts]
zlBlueline: checks 
lprebsi69: checks 
*** RIVER *** [8s 7c 8h Ts] [Jh]
zlBlueline: checks 
lprebsi69: checks 
*** SHOW DOWN ***
zlBlueline: shows [Ks 5c] (a pair of Eights)
lprebsi69: shows [4c 4s] (two pair, Eights and Fours)
lprebsi69 collected $0.18 from pot
*** SUMMARY ***
Total pot $0.19 | Rake $0.01 
Board [8s 7c 8h Ts Jh]
Seat 1: SteveeeH (small blind) folded before Flop
Seat 3: gelopoly (big blind) folded on the Flop
Seat 4: zlBlueline showed [Ks 5c] and lost with a pair of Eights
Seat 5: lprebsi69 showed [4c 4s] and won ($0.18) with two pair, Eights and Fours
Seat 6: Lorpugo (button) folded before Flop (didn't bet)



PokerStars Hand #239331758804:  Hold'em No Limit ($0.01/$0.02 USD) - 2022/10/19 17:26:37 ET
Table 'Alrischa' 6-max Seat #1 is the button
Seat 1: SteveeeH ($3.38 in chips) 
Seat 3: gelopoly ($2.94 in chips) 
Seat 4: zlBlueline ($1.48 in chips) 
Seat 5: lprebsi69 ($1.78 in chips) 
Seat 6: Lorpugo ($1.77 in chips) 
gelopoly: posts small blind $0.01
zlBlueline: posts big blind $0.02
*** HOLE CARDS ***
Dealt to Lorpugo [4c 4s]
lprebsi69: calls $0.02
Lorpugo: calls $0.02
SteveeeH: raises $0.04 to $0.06
gelopoly: folds 
zlBlueline: calls $0.04
lprebsi69: calls $0.04
Lorpugo: calls $0.04
*** FLOP *** [Jc 9c Th]
zlBlueline: bets $0.18
lprebsi69: calls $0.18
Lorpugo: folds 
SteveeeH: calls $0.18
*** TURN *** [Jc 9c Th] [As]
zlBlueline: bets $0.60
lprebsi69: calls $0.60
SteveeeH: folds 
*** RIVER *** [Jc 9c Th As] [3h]
zlBlueline: bets $0.02
lprebsi69: calls $0.02
*** SHOW DOWN ***
zlBlueline: shows [9d Ac] (two pair, Aces and Nines)
lprebsi69: shows [Ad 9h] (two pair, Aces and Nines)
zlBlueline collected $0.97 from pot
lprebsi69 collected $0.98 from pot
*** SUMMARY ***
Total pot $2.03 | Rake $0.08 
Board [Jc 9c Th As 3h]
Seat 1: SteveeeH (button) folded on the Turn
Seat 3: gelopoly (small blind) folded before Flop
Seat 4: zlBlueline (big blind) showed [9d Ac] and won ($0.97) with two pair, Aces and Nines
Seat 5: lprebsi69 showed [Ad 9h] and won ($0.98) with two pair, Aces and Nines
Seat 6: Lorpugo folded on the Flop



PokerStars Hand #239331776646:  Hold'em No Limit ($0.01/$0.02 USD) - 2022/10/19 17:27:27 ET
Table 'Alrischa' 6-max Seat #3 is the button
Seat 1: SteveeeH ($3.14 in chips) 
Seat 2: beansinit ($1 in chips) 
Seat 3: gelopoly ($2.93 in chips) 
Seat 4: zlBlueline ($1.59 in chips) 
Seat 5: lprebsi69 ($1.90 in chips) 
Seat 6: Lorpugo ($1.71 in chips) 
zlBlueline: posts small blind $0.01
lprebsi69: posts big blind $0.02
beansinit: posts big blind $0.02
*** HOLE CARDS ***
Dealt to Lorpugo [4s Kc]
Lorpugo: folds 
SteveeeH: folds 
beansinit: raises $0.04 to $0.06
gelopoly: folds 
zlBlueline: calls $0.05
lprebsi69: folds 
*** FLOP *** [5d 4c Jc]
zlBlueline: checks 
beansinit: bets $0.07
zlBlueline: calls $0.07
*** TURN *** [5d 4c Jc] [8s]
zlBlueline: checks 
beansinit: checks 
*** RIVER *** [5d 4c Jc 8s] [6d]
zlBlueline: checks 
beansinit: checks 
*** SHOW DOWN ***
zlBlueline: shows [Ts Qh] (high card Queen)
beansinit: shows [Td Ks] (high card King)
beansinit collected $0.27 from pot
*** SUMMARY ***
Total pot $0.28 | Rake $0.01 
Board [5d 4c Jc 8s 6d]
Seat 1: SteveeeH folded before Flop (didn't bet)
Seat 2: beansinit showed [Td Ks] and won ($0.27) with high card King
Seat 3: gelopoly (button) folded before Flop (didn't bet)
Seat 4: zlBlueline (small blind) showed [Ts Qh] and lost with high card Queen
Seat 5: lprebsi69 (big blind) folded before Flop
Seat 6: Lorpugo folded before Flop (didn't bet)



PokerStars Hand #239331791878:  Hold'em No Limit ($0.01/$0.02 USD) - 2022/10/19 17:28:10 ET
Table 'Alrischa' 6-max Seat #4 is the button
Seat 1: SteveeeH ($3.14 in chips) 
Seat 2: beansinit ($1.14 in chips) 
Seat 3: gelopoly ($2.93 in chips) 
Seat 4: zlBlueline ($1.46 in chips) 
Seat 5: lprebsi69 ($1.88 in chips) 
Seat 6: Lorpugo ($1.71 in chips) 
lprebsi69: posts small blind $0.01
Lorpugo: posts big blind $0.02
*** HOLE CARDS ***
Dealt to Lorpugo [4c 4h]
SteveeeH: raises $0.02 to $0.04
beansinit: folds 
gelopoly: folds 
zlBlueline: raises $0.02 to $0.06
lprebsi69: folds 
Lorpugo: calls $0.04
SteveeeH: calls $0.02
*** FLOP *** [Ks Qd 6d]
Lorpugo: checks 
SteveeeH: checks 
zlBlueline: bets $0.02
Lorpugo: calls $0.02
SteveeeH: calls $0.02
*** TURN *** [Ks Qd 6d] [3h]
Lorpugo: checks 
SteveeeH: checks 
zlBlueline: bets $0.02
Lorpugo: calls $0.02
SteveeeH: calls $0.02
*** RIVER *** [Ks Qd 6d 3h] [2c]
Lorpugo: checks 
SteveeeH: checks 
zlBlueline: bets $0.02
Lorpugo: folds 
SteveeeH: calls $0.02
*** SHOW DOWN ***
zlBlueline: shows [Ah 6h] (a pair of Sixes)
SteveeeH: shows [9s 9h] (a pair of Nines)
SteveeeH collected $0.34 from pot
*** SUMMARY ***
Total pot $0.35 | Rake $0.01 
Board [Ks Qd 6d 3h 2c]
Seat 1: SteveeeH showed [9s 9h] and won ($0.34) with a pair of Nines
Seat 2: beansinit folded before Flop (didn't bet)
Seat 3: gelopoly folded before Flop (didn't bet)
Seat 4: zlBlueline (button) showed [Ah 6h] and lost with a pair of Sixes
Seat 5: lprebsi69 (small blind) folded before Flop
Seat 6: Lorpugo (big blind) folded on the River



PokerStars Hand #239331811870:  Hold'em No Limit ($0.01/$0.02 USD) - 2022/10/19 17:29:07 ET
Table 'Alrischa' 6-max Seat #5 is the button
Seat 1: SteveeeH ($3.36 in chips) 
Seat 2: beansinit ($1.14 in chips) 
Seat 3: gelopoly ($2.93 in chips) 
Seat 4: zlBlueline ($1.34 in chips) 
Seat 5: lprebsi69 ($1.87 in chips) 
Seat 6: Lorpugo ($1.61 in chips) 
Lorpugo: posts small blind $0.01
SteveeeH: posts big blind $0.02
*** HOLE CARDS ***
Dealt to Lorpugo [2s Kh]
beansinit: folds 
gelopoly: calls $0.02
zlBlueline: calls $0.02
lprebsi69: calls $0.02
Lorpugo: folds 
SteveeeH: checks 
*** FLOP *** [8s 3s 8h]
SteveeeH: checks 
gelopoly: bets $0.04
zlBlueline: calls $0.04
lprebsi69: calls $0.04
SteveeeH: folds 
*** TURN *** [8s 3s 8h] [3h]
gelopoly: checks 
zlBlueline: checks 
lprebsi69: bets $0.06
gelopoly: folds 
zlBlueline: folds 
Uncalled bet ($0.06) returned to lprebsi69
lprebsi69 collected $0.20 from pot
*** SUMMARY ***
Total pot $0.21 | Rake $0.01 
Board [8s 3s 8h 3h]
Seat 1: SteveeeH (big blind) folded on the Flop
Seat 2: beansinit folded before Flop (didn't bet)
Seat 3: gelopoly folded on the Turn
Seat 4: zlBlueline folded on the Turn
Seat 5: lprebsi69 (button) collected ($0.20)
Seat 6: Lorpugo (small blind) folded before Flop



PokerStars Hand #239331835034:  Hold'em No Limit ($0.01/$0.02 USD) - 2022/10/19 17:30:11 ET
Table 'Alrischa' 6-max Seat #6 is the button
Seat 1: SteveeeH ($3.34 in chips) 
Seat 2: beansinit ($1.14 in chips) 
Seat 3: gelopoly ($2.87 in chips) 
Seat 4: zlBlueline ($1.28 in chips) 
Seat 5: lprebsi69 ($2.01 in chips) 
Seat 6: Lorpugo ($1.60 in chips) 
SteveeeH: posts small blind $0.01
beansinit: posts big blind $0.02
*** HOLE CARDS ***
Dealt to Lorpugo [Td 2h]
gelopoly: folds 
zlBlueline: calls $0.02
lprebsi69: raises $0.02 to $0.04
Lorpugo: folds 
SteveeeH: raises $0.02 to $0.06
beansinit: folds 
zlBlueline: calls $0.04
lprebsi69: raises $0.02 to $0.08
SteveeeH: calls $0.02
zlBlueline: calls $0.02
*** FLOP *** [Jh 5h 8s]
SteveeeH: checks 
zlBlueline: checks 
lprebsi69: checks 
*** TURN *** [Jh 5h 8s] [Th]
SteveeeH: bets $0.13
zlBlueline: folds 
lprebsi69: folds 
Uncalled bet ($0.13) returned to SteveeeH
SteveeeH collected $0.25 from pot
SteveeeH: doesn't show hand 
*** SUMMARY ***
Total pot $0.26 | Rake $0.01 
Board [Jh 5h 8s Th]
Seat 1: SteveeeH (small blind) collected ($0.25)
Seat 2: beansinit (big blind) folded before Flop
Seat 3: gelopoly folded before Flop (didn't bet)
Seat 4: zlBlueline folded on the Turn
Seat 5: lprebsi69 folded on the Turn
Seat 6: Lorpugo (button) folded before Flop (didn't bet)



PokerStars Hand #239331849982:  Hold'em No Limit ($0.01/$0.02 USD) - 2022/10/19 17:30:53 ET
Table 'Alrischa' 6-max Seat #1 is the button
Seat 1: SteveeeH ($3.51 in chips) 
Seat 2: beansinit ($1.12 in chips) 
Seat 3: gelopoly ($2.87 in chips) 
Seat 4: zlBlueline ($1.20 in chips) 
Seat 5: lprebsi69 ($1.93 in chips) 
Seat 6: Lorpugo ($1.60 in chips) 
beansinit: posts small blind $0.01
gelopoly: posts big blind $0.02
*** HOLE CARDS ***
Dealt to Lorpugo [7h 8s]
zlBlueline: calls $0.02
lprebsi69: folds 
Lorpugo: folds 
SteveeeH: raises $0.02 to $0.04
beansinit: raises $0.16 to $0.20
gelopoly: folds 
zlBlueline: calls $0.18
SteveeeH: folds 
*** FLOP *** [2s Ac Kc]
beansinit: bets $0.22
zlBlueline: calls $0.22
*** TURN *** [2s Ac Kc] [6d]
beansinit: bets $0.70 and is all-in
zlBlueline: folds 
Uncalled bet ($0.70) returned to beansinit
beansinit collected $0.87 from pot
beansinit: doesn't show hand 
*** SUMMARY ***
Total pot $0.90 | Rake $0.03 
Board [2s Ac Kc 6d]
Seat 1: SteveeeH (button) folded before Flop
Seat 2: beansinit (small blind) collected ($0.87)
Seat 3: gelopoly (big blind) folded before Flop
Seat 4: zlBlueline folded on the Turn
Seat 5: lprebsi69 folded before Flop (didn't bet)
Seat 6: Lorpugo folded before Flop (didn't bet)



PokerStars Hand #239331872940:  Hold'em No Limit ($0.01/$0.02 USD) - 2022/10/19 17:31:58 ET
Table 'Alrischa' 6-max Seat #2 is the button
Seat 1: SteveeeH ($3.47 in chips) 
Seat 2: beansinit ($1.57 in chips) 
Seat 3: gelopoly ($2.85 in chips) 
Seat 4: zlBlueline ($0.78 in chips) 
Seat 5: lprebsi69 ($1.93 in chips) 
Seat 6: Lorpugo ($1.60 in chips) 
gelopoly: posts small blind $0.01
zlBlueline: posts big blind $0.02
*** HOLE CARDS ***
Dealt to Lorpugo [6h 4h]
lprebsi69: folds 
Lorpugo: raises $0.04 to $0.06
SteveeeH: folds 
beansinit: folds 
gelopoly: folds 
zlBlueline: calls $0.04
*** FLOP *** [9d 7h 8d]
zlBlueline: bets $0.02
Lorpugo: raises $0.09 to $0.11
zlBlueline: calls $0.09
*** TURN *** [9d 7h 8d] [7d]
zlBlueline: bets $0.02
Lorpugo: calls $0.02
*** RIVER *** [9d 7h 8d 7d] [Th]
zlBlueline: bets $0.59 and is all-in
Lorpugo: folds 
Uncalled bet ($0.59) returned to zlBlueline
zlBlueline collected $0.38 from pot
*** SUMMARY ***
Total pot $0.39 | Rake $0.01 
Board [9d 7h 8d 7d Th]
Seat 1: SteveeeH folded before Flop (didn't bet)
Seat 2: beansinit (button) folded before Flop (didn't bet)
Seat 3: gelopoly (small blind) folded before Flop
Seat 4: zlBlueline (big blind) collected ($0.38)
Seat 5: lprebsi69 folded before Flop (didn't bet)
Seat 6: Lorpugo folded on the River



PokerStars Hand #239331897287:  Hold'em No Limit ($0.01/$0.02 USD) - 2022/10/19 17:33:07 ET
Table 'Alrischa' 6-max Seat #3 is the button
Seat 1: SteveeeH ($3.47 in chips) 
Seat 2: beansinit ($1.57 in chips) 
Seat 3: gelopoly ($2.84 in chips) 
Seat 4: zlBlueline ($0.97 in chips) 
Seat 5: lprebsi69 ($1.93 in chips) 
Seat 6: Lorpugo ($1.60 in chips) 
zlBlueline: posts small blind $0.01
lprebsi69: posts big blind $0.02
*** HOLE CARDS ***
Dealt to Lorpugo [Ad 2d]
Lorpugo: raises $0.04 to $0.06
SteveeeH: folds 
beansinit: folds 
gelopoly: folds 
zlBlueline: calls $0.05
lprebsi69: folds 
*** FLOP *** [5s 2c Tc]
zlBlueline: checks 
Lorpugo: bets $0.07
zlBlueline: folds 
Uncalled bet ($0.07) returned to Lorpugo
Lorpugo collected $0.14 from pot
Lorpugo: doesn't show hand 
*** SUMMARY ***
Total pot $0.14 | Rake $0 
Board [5s 2c Tc]
Seat 1: SteveeeH folded before Flop (didn't bet)
Seat 2: beansinit folded before Flop (didn't bet)
Seat 3: gelopoly (button) folded before Flop (didn't bet)
Seat 4: zlBlueline (small blind) folded on the Flop
Seat 5: lprebsi69 (big blind) folded before Flop
Seat 6: Lorpugo collected ($0.14)



PokerStars Hand #239331911197:  Hold'em No Limit ($0.01/$0.02 USD) - 2022/10/19 17:33:47 ET
Table 'Alrischa' 6-max Seat #4 is the button
Seat 1: SteveeeH ($3.47 in chips) 
Seat 2: beansinit ($1.57 in chips) 
Seat 3: gelopoly ($2.84 in chips) 
Seat 4: zlBlueline ($0.91 in chips) 
Seat 5: lprebsi69 ($1.91 in chips) 
Seat 6: Lorpugo ($1.68 in chips) 
lprebsi69: posts small blind $0.01
Lorpugo: posts big blind $0.02
*** HOLE CARDS ***
Dealt to Lorpugo [4c 6s]
SteveeeH: folds 
beansinit: folds 
gelopoly: folds 
zlBlueline: calls $0.02
lprebsi69: calls $0.01
Lorpugo: checks 
*** FLOP *** [Qs Td 9s]
lprebsi69: checks 
Lorpugo: checks 
zlBlueline: checks 
*** TURN *** [Qs Td 9s] [Ah]
lprebsi69: bets $0.02
Lorpugo: folds 
zlBlueline: calls $0.02
*** RIVER *** [Qs Td 9s Ah] [6d]
lprebsi69: bets $0.06
zlBlueline: calls $0.06
*** SHOW DOWN ***
lprebsi69: shows [As 9c] (two pair, Aces and Nines)
zlBlueline: mucks hand 
lprebsi69 collected $0.21 from pot
*** SUMMARY ***
Total pot $0.22 | Rake $0.01 
Board [Qs Td 9s Ah 6d]
Seat 1: SteveeeH folded before Flop (didn't bet)
Seat 2: beansinit folded before Flop (didn't bet)
Seat 3: gelopoly folded before Flop (didn't bet)
Seat 4: zlBlueline (button) mucked [2h Js]
Seat 5: lprebsi69 (small blind) showed [As 9c] and won ($0.21) with two pair, Aces and Nines
Seat 6: Lorpugo (big blind) folded on the Turn



PokerStars Hand #239331930101:  Hold'em No Limit ($0.01/$0.02 USD) - 2022/10/19 17:34:42 ET
Table 'Alrischa' 6-max Seat #5 is the button
Seat 1: SteveeeH ($3.47 in chips) 
Seat 2: beansinit ($1.57 in chips) 
Seat 3: gelopoly ($2.84 in chips) 
Seat 4: zlBlueline ($0.81 in chips) 
Seat 5: lprebsi69 ($2.02 in chips) 
Seat 6: Lorpugo ($1.66 in chips) 
Lorpugo: posts small blind $0.01
SteveeeH: posts big blind $0.02
*** HOLE CARDS ***
Dealt to Lorpugo [2s 4c]
beansinit: folds 
gelopoly: folds 
zlBlueline: calls $0.02
lprebsi69: folds 
Lorpugo: folds 
SteveeeH: checks 
*** FLOP *** [Qh 8h Ah]
SteveeeH: bets $0.08
zlBlueline: calls $0.08
*** TURN *** [Qh 8h Ah] [5s]
SteveeeH: bets $0.08
zlBlueline: calls $0.08
*** RIVER *** [Qh 8h Ah 5s] [6d]
SteveeeH: checks 
zlBlueline: checks 
*** SHOW DOWN ***
SteveeeH: shows [5d Jh] (a pair of Fives)
zlBlueline: shows [Ks 6s] (a pair of Sixes)
zlBlueline collected $0.36 from pot
*** SUMMARY ***
Total pot $0.37 | Rake $0.01 
Board [Qh 8h Ah 5s 6d]
Seat 1: SteveeeH (big blind) showed [5d Jh] and lost with a pair of Fives
Seat 2: beansinit folded before Flop (didn't bet)
Seat 3: gelopoly folded before Flop (didn't bet)
Seat 4: zlBlueline showed [Ks 6s] and won ($0.36) with a pair of Sixes
Seat 5: lprebsi69 (button) folded before Flop (didn't bet)
Seat 6: Lorpugo (small blind) folded before Flop



PokerStars Hand #239331940741:  Hold'em No Limit ($0.01/$0.02 USD) - 2022/10/19 17:35:12 ET
Table 'Alrischa' 6-max Seat #6 is the button
Seat 1: SteveeeH ($3.29 in chips) 
Seat 2: beansinit ($1.57 in chips) 
Seat 3: gelopoly ($2.84 in chips) 
Seat 4: zlBlueline ($0.99 in chips) 
Seat 5: lprebsi69 ($2.02 in chips) 
Seat 6: Lorpugo ($1.65 in chips) 
SteveeeH: posts small blind $0.01
beansinit: posts big blind $0.02
*** HOLE CARDS ***
Dealt to Lorpugo [Td 4h]
gelopoly: folds 
zlBlueline: calls $0.02
lprebsi69: folds 
Lorpugo: folds 
SteveeeH: calls $0.01
beansinit: checks 
*** FLOP *** [2c 8s Ad]
SteveeeH: checks 
beansinit: checks 
zlBlueline: bets $0.02
SteveeeH: folds 
beansinit: calls $0.02
*** TURN *** [2c 8s Ad] [Kc]
beansinit: checks 
zlBlueline: bets $0.02
beansinit: folds 
Uncalled bet ($0.02) returned to zlBlueline
zlBlueline collected $0.10 from pot
*** SUMMARY ***
Total pot $0.10 | Rake $0 
Board [2c 8s Ad Kc]
Seat 1: SteveeeH (small blind) folded on the Flop
Seat 2: beansinit (big blind) folded on the Turn
Seat 3: gelopoly folded before Flop (didn't bet)
Seat 4: zlBlueline collected ($0.10)
Seat 5: lprebsi69 folded before Flop (didn't bet)
Seat 6: Lorpugo (button) folded before Flop (didn't bet)



PokerStars Hand #239331962431:  Hold'em No Limit ($0.01/$0.02 USD) - 2022/10/19 17:36:15 ET
Table 'Alrischa' 6-max Seat #2 is the button
Seat 2: beansinit ($1.53 in chips) 
Seat 3: gelopoly ($2.84 in chips) 
Seat 4: zlBlueline ($1.05 in chips) 
Seat 5: lprebsi69 ($2.02 in chips) 
Seat 6: Lorpugo ($1.65 in chips) 
gelopoly: posts small blind $0.01
zlBlueline: posts big blind $0.02
*** HOLE CARDS ***
Dealt to Lorpugo [Qd Ad]
lprebsi69: folds 
Lorpugo: raises $0.04 to $0.06
beansinit: calls $0.06
gelopoly: folds 
zlBlueline: calls $0.04
*** FLOP *** [7s Qh Jh]
zlBlueline: checks 
Lorpugo: bets $0.28
beansinit: folds 
zlBlueline: folds 
Uncalled bet ($0.28) returned to Lorpugo
Lorpugo collected $0.18 from pot
Lorpugo: doesn't show hand 
*** SUMMARY ***
Total pot $0.19 | Rake $0.01 
Board [7s Qh Jh]
Seat 2: beansinit (button) folded on the Flop
Seat 3: gelopoly (small blind) folded before Flop
Seat 4: zlBlueline (big blind) folded on the Flop
Seat 5: lprebsi69 folded before Flop (didn't bet)
Seat 6: Lorpugo collected ($0.18)



PokerStars Hand #239331979246:  Hold'em No Limit ($0.01/$0.02 USD) - 2022/10/19 17:37:04 ET
Table 'Alrischa' 6-max Seat #3 is the button
Seat 2: beansinit ($1.47 in chips) 
Seat 3: gelopoly ($2.83 in chips) 
Seat 4: zlBlueline ($0.99 in chips) 
Seat 5: lprebsi69 ($2.02 in chips) 
Seat 6: Lorpugo ($1.77 in chips) 
zlBlueline: posts small blind $0.01
lprebsi69: posts big blind $0.02
*** HOLE CARDS ***
Dealt to Lorpugo [5d Js]
Lorpugo: folds 
beansinit: raises $0.04 to $0.06
gelopoly: folds 
zlBlueline: calls $0.05
lprebsi69: calls $0.04
*** FLOP *** [5s 7c 6s]
zlBlueline: checks 
lprebsi69: checks 
beansinit: checks 
*** TURN *** [5s 7c 6s] [Ad]
zlBlueline: checks 
lprebsi69: checks 
beansinit: checks 
*** RIVER *** [5s 7c 6s Ad] [4s]
zlBlueline: bets $0.12
lprebsi69: folds 
beansinit: folds 
Uncalled bet ($0.12) returned to zlBlueline
zlBlueline collected $0.17 from pot
*** SUMMARY ***
Total pot $0.18 | Rake $0.01 
Board [5s 7c 6s Ad 4s]
Seat 2: beansinit folded on the River
Seat 3: gelopoly (button) folded before Flop (didn't bet)
Seat 4: zlBlueline (small blind) collected ($0.17)
Seat 5: lprebsi69 (big blind) folded on the River
Seat 6: Lorpugo folded before Flop (didn't bet)



PokerStars Hand #239331998163:  Hold'em No Limit ($0.01/$0.02 USD) - 2022/10/19 17:37:58 ET
Table 'Alrischa' 6-max Seat #4 is the button
Seat 1: SteveeeH ($3.27 in chips) 
Seat 2: beansinit ($1.41 in chips) 
Seat 3: gelopoly ($2.83 in chips) 
Seat 4: zlBlueline ($1.10 in chips) 
Seat 5: lprebsi69 ($1.96 in chips) 
Seat 6: Lorpugo ($1.77 in chips) 
lprebsi69: posts small blind $0.01
Lorpugo: posts big blind $0.02
*** HOLE CARDS ***
Dealt to Lorpugo [Qs Jh]
SteveeeH: folds 
beansinit: raises $0.04 to $0.06
gelopoly: folds 
zlBlueline: calls $0.06
lprebsi69: folds 
Lorpugo: calls $0.04
*** FLOP *** [3s 8h 7s]
Lorpugo: checks 
beansinit: bets $0.09
zlBlueline: calls $0.09
Lorpugo: folds 
*** TURN *** [3s 8h 7s] [5c]
beansinit: bets $0.18
zlBlueline: calls $0.18
*** RIVER *** [3s 8h 7s 5c] [Tc]
beansinit: bets $0.20
zlBlueline: calls $0.20
*** SHOW DOWN ***
beansinit: shows [Kh Kc] (a pair of Kings)
zlBlueline: shows [Jd 9d] (a straight, Seven to Jack)
zlBlueline collected $1.08 from pot
*** SUMMARY ***
Total pot $1.13 | Rake $0.05 
Board [3s 8h 7s 5c Tc]
Seat 1: SteveeeH folded before Flop (didn't bet)
Seat 2: beansinit showed [Kh Kc] and lost with a pair of Kings
Seat 3: gelopoly folded before Flop (didn't bet)
Seat 4: zlBlueline (button) showed [Jd 9d] and won ($1.08) with a straight, Seven to Jack
Seat 5: lprebsi69 (small blind) folded before Flop
Seat 6: Lorpugo (big blind) folded on the Flop



PokerStars Hand #239332023976:  Hold'em No Limit ($0.01/$0.02 USD) - 2022/10/19 17:39:13 ET
Table 'Alrischa' 6-max Seat #5 is the button
Seat 1: SteveeeH ($3.27 in chips) 
Seat 2: beansinit ($0.88 in chips) 
Seat 3: gelopoly ($2.83 in chips) 
Seat 4: zlBlueline ($1.65 in chips) 
Seat 5: lprebsi69 ($1.95 in chips) 
Seat 6: Lorpugo ($1.71 in chips) 
Lorpugo: posts small blind $0.01
SteveeeH: posts big blind $0.02
*** HOLE CARDS ***
Dealt to Lorpugo [4h 3c]
beansinit: folds 
gelopoly has timed out
gelopoly: folds 
zlBlueline: calls $0.02
lprebsi69: calls $0.02
Lorpugo: folds 
SteveeeH: checks 
*** FLOP *** [4c 9s Th]
SteveeeH: checks 
zlBlueline: checks 
lprebsi69: checks 
*** TURN *** [4c 9s Th] [Qh]
SteveeeH: bets $0.04
zlBlueline: calls $0.04
lprebsi69: calls $0.04
*** RIVER *** [4c 9s Th Qh] [6c]
SteveeeH: checks 
zlBlueline: checks 
lprebsi69: bets $0.02
SteveeeH: calls $0.02
zlBlueline: calls $0.02
*** SHOW DOWN ***
lprebsi69: shows [Qs 5s] (a pair of Queens)
SteveeeH: mucks hand 
zlBlueline: mucks hand 
lprebsi69 collected $0.24 from pot
*** SUMMARY ***
Total pot $0.25 | Rake $0.01 
Board [4c 9s Th Qh 6c]
Seat 1: SteveeeH (big blind) mucked [Ac Jh]
Seat 2: beansinit folded before Flop (didn't bet)
Seat 3: gelopoly folded before Flop (didn't bet)
Seat 4: zlBlueline mucked [5c 8d]
Seat 5: lprebsi69 (button) showed [Qs 5s] and won ($0.24) with a pair of Queens
Seat 6: Lorpugo (small blind) folded before Flop



PokerStars Hand #239332044027:  Hold'em No Limit ($0.01/$0.02 USD) - 2022/10/19 17:40:11 ET
Table 'Alrischa' 6-max Seat #6 is the button
Seat 1: SteveeeH ($3.19 in chips) 
Seat 2: beansinit ($0.88 in chips) 
Seat 3: gelopoly ($2.83 in chips) 
Seat 4: zlBlueline ($1.57 in chips) 
Seat 5: lprebsi69 ($2.11 in chips) 
Seat 6: Lorpugo ($1.70 in chips) 
SteveeeH: posts small blind $0.01
beansinit: posts big blind $0.02
*** HOLE CARDS ***
Dealt to Lorpugo [5d 2d]
gelopoly has timed out
gelopoly: folds 
zlBlueline: calls $0.02
lprebsi69: folds 
Lorpugo: raises $0.07 to $0.09
SteveeeH: folds 
beansinit: folds 
zlBlueline: calls $0.07
*** FLOP *** [Qc 7s 3h]
SteveeeH leaves the table
zlBlueline: checks 
Lorpugo: bets $0.10
josedf7509 joins the table at seat #1 
zlBlueline: calls $0.10
*** TURN *** [Qc 7s 3h] [Kc]
zlBlueline: checks 
Lorpugo: bets $0.52
zlBlueline: folds 
Uncalled bet ($0.52) returned to Lorpugo
Lorpugo collected $0.40 from pot
Lorpugo: doesn't show hand 
*** SUMMARY ***
Total pot $0.41 | Rake $0.01 
Board [Qc 7s 3h Kc]
Seat 1: SteveeeH (small blind) folded before Flop
Seat 2: beansinit (big blind) folded before Flop
Seat 3: gelopoly folded before Flop (didn't bet)
Seat 4: zlBlueline folded on the Turn
Seat 5: lprebsi69 folded before Flop (didn't bet)
Seat 6: Lorpugo (button) collected ($0.40)



PokerStars Hand #239332061809:  Hold'em No Limit ($0.01/$0.02 USD) - 2022/10/19 17:41:03 ET
Table 'Alrischa' 6-max Seat #2 is the button
Seat 2: beansinit ($0.86 in chips) 
Seat 4: zlBlueline ($1.38 in chips) 
Seat 5: lprebsi69 ($2.11 in chips) 
Seat 6: Lorpugo ($1.91 in chips) 
zlBlueline: posts small blind $0.01
lprebsi69: posts big blind $0.02
josedf7509: sits out 
*** HOLE CARDS ***
Dealt to Lorpugo [5c Ad]
Lorpugo: raises $0.04 to $0.06
beansinit: calls $0.06
zlBlueline: calls $0.05
lprebsi69: folds 
*** FLOP *** [5d 5h 3c]
zlBlueline: checks 
Lorpugo: bets $0.13
beansinit: folds 
zlBlueline: calls $0.13
*** TURN *** [5d 5h 3c] [As]
zlBlueline: checks 
Lorpugo: bets $0.16
zlBlueline: calls $0.16
*** RIVER *** [5d 5h 3c As] [Ah]
zlBlueline: checks 
Lorpugo: bets $0.54
zlBlueline: folds 
Uncalled bet ($0.54) returned to Lorpugo
Lorpugo collected $0.75 from pot
Lorpugo: doesn't show hand 
*** SUMMARY ***
Total pot $0.78 | Rake $0.03 
Board [5d 5h 3c As Ah]
Seat 2: beansinit (button) folded on the Flop
Seat 4: zlBlueline (small blind) folded on the River
Seat 5: lprebsi69 (big blind) folded before Flop
Seat 6: Lorpugo collected ($0.75)



PokerStars Hand #239332080285:  Hold'em No Limit ($0.01/$0.02 USD) - 2022/10/19 17:41:56 ET
Table 'Alrischa' 6-max Seat #4 is the button
Seat 2: beansinit ($0.80 in chips) 
Seat 4: zlBlueline ($1.03 in chips) 
Seat 5: lprebsi69 ($2.09 in chips) 
Seat 6: Lorpugo ($2.31 in chips) 
lprebsi69: posts small blind $0.01
Lorpugo: posts big blind $0.02
josedf7509: sits out 
*** HOLE CARDS ***
Dealt to Lorpugo [2c 2h]
beansinit: folds 
zlBlueline: calls $0.02
lprebsi69: calls $0.01
Lorpugo: checks 
*** FLOP *** [Ad 6c Th]
lprebsi69: bets $0.02
Lorpugo: folds 
zlBlueline: calls $0.02
*** TURN *** [Ad 6c Th] [9c]
lprebsi69: checks 
zlBlueline: bets $0.02
lprebsi69: calls $0.02
*** RIVER *** [Ad 6c Th 9c] [Qd]
lprebsi69: checks 
zlBlueline: bets $0.02
lprebsi69: calls $0.02
*** SHOW DOWN ***
zlBlueline: shows [8c 8s] (a pair of Eights)
lprebsi69: shows [3c Td] (a pair of Tens)
lprebsi69 collected $0.17 from pot
*** SUMMARY ***
Total pot $0.18 | Rake $0.01 
Board [Ad 6c Th 9c Qd]
Seat 2: beansinit folded before Flop (didn't bet)
Seat 4: zlBlueline (button) showed [8c 8s] and lost with a pair of Eights
Seat 5: lprebsi69 (small blind) showed [3c Td] and won ($0.17) with a pair of Tens
Seat 6: Lorpugo (big blind) folded on the Flop



PokerStars Hand #239332104327:  Hold'em No Limit ($0.01/$0.02 USD) - 2022/10/19 17:43:06 ET
Table 'Alrischa' 6-max Seat #5 is the button
Seat 1: josedf7509 ($2 in chips) 
Seat 2: beansinit ($0.80 in chips) 
Seat 4: zlBlueline ($0.95 in chips) 
Seat 5: lprebsi69 ($2.18 in chips) 
Seat 6: Lorpugo ($2.29 in chips) 
Lorpugo: posts small blind $0.01
josedf7509: posts big blind $0.02
*** HOLE CARDS ***
Dealt to Lorpugo [3h 3s]
beansinit: folds 
zlBlueline: calls $0.02
lprebsi69: folds 
Lorpugo: calls $0.01
josedf7509: checks 
*** FLOP *** [3c Ah Qd]
Lorpugo: checks 
josedf7509: checks 
zlBlueline: bets $0.02
Lorpugo: calls $0.02
josedf7509: folds 
*** TURN *** [3c Ah Qd] [5d]
Lorpugo: checks 
zlBlueline: bets $0.02
Lorpugo: raises $0.08 to $0.10
zlBlueline: calls $0.08
*** RIVER *** [3c Ah Qd 5d] [9c]
Lorpugo: bets $0.40
zlBlueline: folds 
Uncalled bet ($0.40) returned to Lorpugo
Lorpugo collected $0.29 from pot
Lorpugo: doesn't show hand 
*** SUMMARY ***
Total pot $0.30 | Rake $0.01 
Board [3c Ah Qd 5d 9c]
Seat 1: josedf7509 (big blind) folded on the Flop
Seat 2: beansinit folded before Flop (didn't bet)
Seat 4: zlBlueline folded on the River
Seat 5: lprebsi69 (button) folded before Flop (didn't bet)
Seat 6: Lorpugo (small blind) collected ($0.29)



PokerStars Hand #239332125971:  Hold'em No Limit ($0.01/$0.02 USD) - 2022/10/19 17:44:10 ET
Table 'Alrischa' 6-max Seat #6 is the button
Seat 1: josedf7509 ($2 in chips) 
Seat 2: beansinit ($0.80 in chips) 
Seat 4: zlBlueline ($0.81 in chips) 
Seat 5: lprebsi69 ($2.18 in chips) 
Seat 6: Lorpugo ($2.44 in chips) 
josedf7509: posts small blind $0.01
beansinit: posts big blind $0.02
*** HOLE CARDS ***
Dealt to Lorpugo [Kd Kh]
zlBlueline: calls $0.02
lprebsi69: folds 
Lorpugo: raises $0.08 to $0.10
josedf7509: folds 
beansinit: folds 
zlBlueline: calls $0.08
*** FLOP *** [Qc 4h 8h]
zlBlueline: bets $0.04
Lorpugo: raises $2.30 to $2.34 and is all-in
zlBlueline: calls $0.67 and is all-in
Uncalled bet ($1.63) returned to Lorpugo
*** TURN *** [Qc 4h 8h] [Ah]
*** RIVER *** [Qc 4h 8h Ah] [4d]
*** SHOW DOWN ***
zlBlueline: shows [8s Qh] (two pair, Queens and Eights)
Lorpugo: shows [Kd Kh] (two pair, Kings and Fours)
Lorpugo collected $1.59 from pot
zlBlueline cashed out the hand for $1.12 | Cash Out Fee $0.01
*** SUMMARY ***
Total pot $1.65 | Rake $0.06 
Board [Qc 4h 8h Ah 4d]
Seat 1: josedf7509 (small blind) folded before Flop
Seat 2: beansinit (big blind) folded before Flop
Seat 4: zlBlueline showed [8s Qh] and lost with two pair, Queens and Eights (cashed out).
Seat 5: lprebsi69 folded before Flop (didn't bet)
Seat 6: Lorpugo (button) showed [Kd Kh] and won ($1.59) with two pair, Kings and Fours



PokerStars Hand #239332143116:  Hold'em No Limit ($0.01/$0.02 USD) - 2022/10/19 17:45:00 ET
Table 'Alrischa' 6-max Seat #1 is the button
Seat 1: josedf7509 ($2 in chips) 
Seat 2: beansinit ($0.78 in chips) 
Seat 4: zlBlueline ($1.12 in chips) 
Seat 5: lprebsi69 ($2.18 in chips) 
Seat 6: Lorpugo ($3.22 in chips) 
beansinit: posts small blind $0.01
zlBlueline: posts big blind $0.02
*** HOLE CARDS ***
Dealt to Lorpugo [3c As]
lprebsi69: folds 
Lorpugo: raises $0.04 to $0.06
josedf7509: calls $0.06
beansinit: folds 
zlBlueline: calls $0.04
*** FLOP *** [2s 4d Tc]
zlBlueline: checks 
Lorpugo: bets $0.12
josedf7509: folds 
zlBlueline: calls $0.12
*** TURN *** [2s 4d Tc] [Jh]
zlBlueline: checks 
Lorpugo: bets $0.27
zlBlueline: folds 
Uncalled bet ($0.27) returned to Lorpugo
Lorpugo collected $0.41 from pot
Lorpugo: doesn't show hand 
*** SUMMARY ***
Total pot $0.43 | Rake $0.02 
Board [2s 4d Tc Jh]
Seat 1: josedf7509 (button) folded on the Flop
Seat 2: beansinit (small blind) folded before Flop
Seat 4: zlBlueline (big blind) folded on the Turn
Seat 5: lprebsi69 folded before Flop (didn't bet)
Seat 6: Lorpugo collected ($0.41)



PokerStars Hand #239332155546:  Hold'em No Limit ($0.01/$0.02 USD) - 2022/10/19 17:45:38 ET
Table 'Alrischa' 6-max Seat #2 is the button
Seat 1: josedf7509 ($2 in chips) 
Seat 2: beansinit ($0.77 in chips) 
Seat 4: zlBlueline ($0.94 in chips) 
Seat 5: lprebsi69 ($2.18 in chips) 
Seat 6: Lorpugo ($3.45 in chips) 
zlBlueline: posts small blind $0.01
lprebsi69: posts big blind $0.02
*** HOLE CARDS ***
Dealt to Lorpugo [Qs Ks]
Lorpugo: raises $0.04 to $0.06
josedf7509: folds 
beansinit: folds 
zlBlueline: calls $0.05
lprebsi69: folds 
*** FLOP *** [3d 4h Ac]
zlBlueline: checks 
Lorpugo: bets $0.04
zlBlueline: folds 
Uncalled bet ($0.04) returned to Lorpugo
Lorpugo collected $0.14 from pot
Lorpugo: doesn't show hand 
*** SUMMARY ***
Total pot $0.14 | Rake $0 
Board [3d 4h Ac]
Seat 1: josedf7509 folded before Flop (didn't bet)
Seat 2: beansinit (button) folded before Flop (didn't bet)
Seat 4: zlBlueline (small blind) folded on the Flop
Seat 5: lprebsi69 (big blind) folded before Flop
Seat 6: Lorpugo collected ($0.14)



PokerStars Hand #239332170784:  Hold'em No Limit ($0.01/$0.02 USD) - 2022/10/19 17:46:23 ET
Table 'Alrischa' 6-max Seat #4 is the button
Seat 1: josedf7509 ($2 in chips) 
Seat 2: beansinit ($1.05 in chips) 
Seat 4: zlBlueline ($0.88 in chips) 
Seat 5: lprebsi69 ($2.16 in chips) 
Seat 6: Lorpugo ($3.53 in chips) 
lprebsi69: posts small blind $0.01
Lorpugo: posts big blind $0.02
gelopoly: sits out 
*** HOLE CARDS ***
Dealt to Lorpugo [5d 7s]
josedf7509: raises $0.04 to $0.06
beansinit: folds 
zlBlueline: folds 
lprebsi69: calls $0.05
Lorpugo: calls $0.04
*** FLOP *** [9c 9h 8s]
lprebsi69: checks 
Lorpugo: bets $0.06
josedf7509: calls $0.06
lprebsi69: calls $0.06
*** TURN *** [9c 9h 8s] [7d]
lprebsi69: checks 
Lorpugo: checks 
josedf7509: checks 
*** RIVER *** [9c 9h 8s 7d] [8c]
lprebsi69: bets $0.02
Lorpugo: raises $0.46 to $0.48
josedf7509: folds 
lprebsi69: folds 
Uncalled bet ($0.46) returned to Lorpugo
Lorpugo collected $0.39 from pot
Lorpugo: doesn't show hand 
*** SUMMARY ***
Total pot $0.40 | Rake $0.01 
Board [9c 9h 8s 7d 8c]
Seat 1: josedf7509 folded on the River
Seat 2: beansinit folded before Flop (didn't bet)
Seat 4: zlBlueline (button) folded before Flop (didn't bet)
Seat 5: lprebsi69 (small blind) folded on the River
Seat 6: Lorpugo (big blind) collected ($0.39)



PokerStars Hand #239332194273:  Hold'em No Limit ($0.01/$0.02 USD) - 2022/10/19 17:47:34 ET
Table 'Alrischa' 6-max Seat #5 is the button
Seat 1: josedf7509 ($2 in chips) 
Seat 2: beansinit ($1.05 in chips) 
Seat 4: zlBlueline ($0.88 in chips) 
Seat 5: lprebsi69 ($2.02 in chips) 
Seat 6: Lorpugo ($3.78 in chips) 
Lorpugo: posts small blind $0.01
josedf7509: posts big blind $0.02
gelopoly: sits out 
*** HOLE CARDS ***
Dealt to Lorpugo [8h 9s]
beansinit: calls $0.02
zlBlueline: calls $0.02
lprebsi69: folds 
Lorpugo: calls $0.01
josedf7509: checks 
*** FLOP *** [Js Ks 8d]
Lorpugo: checks 
josedf7509: checks 
beansinit: checks 
zlBlueline: bets $0.02
Lorpugo: folds 
josedf7509: folds 
beansinit: folds 
Uncalled bet ($0.02) returned to zlBlueline
zlBlueline collected $0.08 from pot
*** SUMMARY ***
Total pot $0.08 | Rake $0 
Board [Js Ks 8d]
Seat 1: josedf7509 (big blind) folded on the Flop
Seat 2: beansinit folded on the Flop
Seat 4: zlBlueline collected ($0.08)
Seat 5: lprebsi69 (button) folded before Flop (didn't bet)
Seat 6: Lorpugo (small blind) folded on the Flop



PokerStars Hand #239332213381:  Hold'em No Limit ($0.01/$0.02 USD) - 2022/10/19 17:48:32 ET
Table 'Alrischa' 6-max Seat #6 is the button
Seat 1: josedf7509 ($2 in chips) 
Seat 2: beansinit ($1.03 in chips) 
Seat 4: zlBlueline ($0.94 in chips) 
Seat 5: lprebsi69 ($2.02 in chips) 
Seat 6: Lorpugo ($3.76 in chips) 
josedf7509: posts small blind $0.01
beansinit: posts big blind $0.02
gelopoly: sits out 
*** HOLE CARDS ***
Dealt to Lorpugo [7s 8h]
zlBlueline: folds 
lprebsi69: folds 
Lorpugo: raises $0.04 to $0.06
josedf7509: raises $0.10 to $0.16
beansinit: folds 
Lorpugo: folds 
Uncalled bet ($0.10) returned to josedf7509
josedf7509 collected $0.14 from pot
josedf7509: doesn't show hand 
*** SUMMARY ***
Total pot $0.14 | Rake $0 
Seat 1: josedf7509 (small blind) collected ($0.14)
Seat 2: beansinit (big blind) folded before Flop
Seat 4: zlBlueline folded before Flop (didn't bet)
Seat 5: lprebsi69 folded before Flop (didn't bet)
Seat 6: Lorpugo (button) folded before Flop



PokerStars Hand #239332222280:  Hold'em No Limit ($0.01/$0.02 USD) - 2022/10/19 17:48:59 ET
Table 'Alrischa' 6-max Seat #1 is the button
Seat 1: josedf7509 ($2.08 in chips) 
Seat 2: beansinit ($1.01 in chips) 
Seat 3: gelopoly ($2.83 in chips) 
Seat 4: zlBlueline ($0.94 in chips) 
Seat 5: lprebsi69 ($2.02 in chips) 
Seat 6: Lorpugo ($3.70 in chips) 
beansinit: posts small blind $0.01
gelopoly: posts big blind $0.02
*** HOLE CARDS ***
Dealt to Lorpugo [3h 9h]
zlBlueline: raises $0.02 to $0.04
lprebsi69: folds 
Lorpugo: folds 
josedf7509: folds 
beansinit: folds 
gelopoly: folds 
Uncalled bet ($0.02) returned to zlBlueline
zlBlueline collected $0.05 from pot
*** SUMMARY ***
Total pot $0.05 | Rake $0 
Seat 1: josedf7509 (button) folded before Flop (didn't bet)
Seat 2: beansinit (small blind) folded before Flop
Seat 3: gelopoly (big blind) folded before Flop
Seat 4: zlBlueline collected ($0.05)
Seat 5: lprebsi69 folded before Flop (didn't bet)
Seat 6: Lorpugo folded before Flop (didn't bet)



PokerStars Hand #239332226831:  Hold'em No Limit ($0.01/$0.02 USD) - 2022/10/19 17:49:13 ET
Table 'Alrischa' 6-max Seat #2 is the button
Seat 1: josedf7509 ($2.08 in chips) 
Seat 2: beansinit ($1 in chips) 
Seat 3: gelopoly ($2.81 in chips) 
Seat 4: zlBlueline ($0.97 in chips) 
Seat 5: lprebsi69 ($2.02 in chips) 
Seat 6: Lorpugo ($3.70 in chips) 
gelopoly: posts small blind $0.01
zlBlueline: posts big blind $0.02
*** HOLE CARDS ***
Dealt to Lorpugo [6s Kd]
lprebsi69: folds 
Lorpugo: folds 
josedf7509: raises $0.06 to $0.08
beansinit: calls $0.08
gelopoly: folds 
zlBlueline: folds 
*** FLOP *** [Ac Kc 4c]
josedf7509: bets $0.09
beansinit: raises $0.83 to $0.92 and is all-in
josedf7509: folds 
Uncalled bet ($0.83) returned to beansinit
beansinit collected $0.36 from pot
beansinit: doesn't show hand 
*** SUMMARY ***
Total pot $0.37 | Rake $0.01 
Board [Ac Kc 4c]
Seat 1: josedf7509 folded on the Flop
Seat 2: beansinit (button) collected ($0.36)
Seat 3: gelopoly (small blind) folded before Flop
Seat 4: zlBlueline (big blind) folded before Flop
Seat 5: lprebsi69 folded before Flop (didn't bet)
Seat 6: Lorpugo folded before Flop (didn't bet)



PokerStars Hand #239332239226:  Hold'em No Limit ($0.01/$0.02 USD) - 2022/10/19 17:49:51 ET
Table 'Alrischa' 6-max Seat #3 is the button
Seat 1: josedf7509 ($2 in chips) 
Seat 2: beansinit ($1.19 in chips) 
Seat 3: gelopoly ($2.80 in chips) 
Seat 4: zlBlueline ($0.95 in chips) 
Seat 5: lprebsi69 ($2.02 in chips) 
Seat 6: Lorpugo ($3.70 in chips) 
zlBlueline: posts small blind $0.01
lprebsi69: posts big blind $0.02
*** HOLE CARDS ***
Dealt to Lorpugo [7d 8d]
Lorpugo: raises $0.04 to $0.06
josedf7509: folds 
beansinit: folds 
gelopoly: folds 
zlBlueline: raises $0.04 to $0.10
lprebsi69: calls $0.08
Lorpugo: calls $0.04
*** FLOP *** [3s Ac 2s]
zlBlueline: bets $0.18
lprebsi69: calls $0.18
Lorpugo: folds 
*** TURN *** [3s Ac 2s] [7s]
zlBlueline: bets $0.38
lprebsi69: folds 
Uncalled bet ($0.38) returned to zlBlueline
zlBlueline collected $0.64 from pot
*** SUMMARY ***
Total pot $0.66 | Rake $0.02 
Board [3s Ac 2s 7s]
Seat 1: josedf7509 folded before Flop (didn't bet)
Seat 2: beansinit folded before Flop (didn't bet)
Seat 3: gelopoly (button) folded before Flop (didn't bet)
Seat 4: zlBlueline (small blind) collected ($0.64)
Seat 5: lprebsi69 (big blind) folded on the Turn
Seat 6: Lorpugo folded on the Flop



PokerStars Hand #239332254872:  Hold'em No Limit ($0.01/$0.02 USD) - 2022/10/19 17:50:38 ET
Table 'Alrischa' 6-max Seat #4 is the button
Seat 1: josedf7509 ($2 in chips) 
Seat 2: beansinit ($1.19 in chips) 
Seat 3: gelopoly ($2.80 in chips) 
Seat 4: zlBlueline ($1.31 in chips) 
Seat 5: lprebsi69 ($1.74 in chips) 
Seat 6: Lorpugo ($3.60 in chips) 
lprebsi69: posts small blind $0.01
Lorpugo: posts big blind $0.02
*** HOLE CARDS ***
Dealt to Lorpugo [8d 3c]
josedf7509: folds 
beansinit: folds 
gelopoly: folds 
zlBlueline: folds 
lprebsi69: calls $0.01
Lorpugo: checks 
*** FLOP *** [8s Jh 5d]
lprebsi69: bets $0.02
Lorpugo: raises $0.10 to $0.12
lprebsi69: calls $0.10
*** TURN *** [8s Jh 5d] [5h]
lprebsi69: checks 
Lorpugo: checks 
*** RIVER *** [8s Jh 5d 5h] [Ad]
lprebsi69: bets $0.02
Lorpugo: calls $0.02
*** SHOW DOWN ***
lprebsi69: shows [7h 6c] (a pair of Fives)
Lorpugo: shows [8d 3c] (two pair, Eights and Fives)
Lorpugo collected $0.31 from pot
*** SUMMARY ***
Total pot $0.32 | Rake $0.01 
Board [8s Jh 5d 5h Ad]
Seat 1: josedf7509 folded before Flop (didn't bet)
Seat 2: beansinit folded before Flop (didn't bet)
Seat 3: gelopoly folded before Flop (didn't bet)
Seat 4: zlBlueline (button) folded before Flop (didn't bet)
Seat 5: lprebsi69 (small blind) showed [7h 6c] and lost with a pair of Fives
Seat 6: Lorpugo (big blind) showed [8d 3c] and won ($0.31) with two pair, Eights and Fives



PokerStars Hand #239332272226:  Hold'em No Limit ($0.01/$0.02 USD) - 2022/10/19 17:51:31 ET
Table 'Alrischa' 6-max Seat #5 is the button
Seat 1: josedf7509 ($2 in chips) 
Seat 2: beansinit ($1.19 in chips) 
Seat 3: gelopoly ($2.80 in chips) 
Seat 4: zlBlueline ($1.31 in chips) 
Seat 5: lprebsi69 ($1.58 in chips) 
Seat 6: Lorpugo ($3.75 in chips) 
Lorpugo: posts small blind $0.01
josedf7509: posts big blind $0.02
*** HOLE CARDS ***
Dealt to Lorpugo [8c 9h]
beansinit: folds 
gelopoly: folds 
zlBlueline: folds 
lprebsi69: calls $0.02
Lorpugo: calls $0.01
josedf7509: checks 
*** FLOP *** [Th Qh 7c]
Lorpugo: checks 
josedf7509: checks 
lprebsi69: checks 
*** TURN *** [Th Qh 7c] [4s]
Lorpugo: bets $0.06
josedf7509: folds 
lprebsi69: folds 
Uncalled bet ($0.06) returned to Lorpugo
Lorpugo collected $0.06 from pot
Lorpugo: doesn't show hand 
*** SUMMARY ***
Total pot $0.06 | Rake $0 
Board [Th Qh 7c 4s]
Seat 1: josedf7509 (big blind) folded on the Turn
Seat 2: beansinit folded before Flop (didn't bet)
Seat 3: gelopoly folded before Flop (didn't bet)
Seat 4: zlBlueline folded before Flop (didn't bet)
Seat 5: lprebsi69 (button) folded on the Turn
Seat 6: Lorpugo (small blind) collected ($0.06)



PokerStars Hand #239332283981:  Hold'em No Limit ($0.01/$0.02 USD) - 2022/10/19 17:52:06 ET
Table 'Alrischa' 6-max Seat #6 is the button
Seat 1: josedf7509 ($2 in chips) 
Seat 2: beansinit ($1.19 in chips) 
Seat 3: gelopoly ($2.80 in chips) 
Seat 4: zlBlueline ($1.31 in chips) 
Seat 5: lprebsi69 ($1.56 in chips) 
Seat 6: Lorpugo ($3.79 in chips) 
josedf7509: posts small blind $0.01
beansinit: posts big blind $0.02
*** HOLE CARDS ***
Dealt to Lorpugo [4s 4c]
gelopoly: folds 
zlBlueline: folds 
lprebsi69: calls $0.02
Lorpugo: calls $0.02
josedf7509: folds 
beansinit: checks 
*** FLOP *** [Ah Kd Qd]
beansinit: checks 
lprebsi69: checks 
Lorpugo: checks 
*** TURN *** [Ah Kd Qd] [8c]
beansinit: bets $0.07
lprebsi69: folds 
Lorpugo: folds 
Uncalled bet ($0.07) returned to beansinit
beansinit collected $0.07 from pot
beansinit: doesn't show hand 
*** SUMMARY ***
Total pot $0.07 | Rake $0 
Board [Ah Kd Qd 8c]
Seat 1: josedf7509 (small blind) folded before Flop
Seat 2: beansinit (big blind) collected ($0.07)
Seat 3: gelopoly folded before Flop (didn't bet)
Seat 4: zlBlueline folded before Flop (didn't bet)
Seat 5: lprebsi69 folded on the Turn
Seat 6: Lorpugo (button) folded on the Turn



PokerStars Hand #239332300413:  Hold'em No Limit ($0.01/$0.02 USD) - 2022/10/19 17:52:56 ET
Table 'Alrischa' 6-max Seat #1 is the button
Seat 1: josedf7509 ($2 in chips) 
Seat 2: beansinit ($1.24 in chips) 
Seat 3: gelopoly ($2.80 in chips) 
Seat 4: zlBlueline ($1.31 in chips) 
Seat 5: lprebsi69 ($1.54 in chips) 
Seat 6: Lorpugo ($3.77 in chips) 
beansinit: posts small blind $0.01
gelopoly: posts big blind $0.02
*** HOLE CARDS ***
Dealt to Lorpugo [6d 9d]
zlBlueline: folds 
lprebsi69: folds 
Lorpugo: raises $0.04 to $0.06
josedf7509: folds 
beansinit: folds 
gelopoly: folds 
Uncalled bet ($0.04) returned to Lorpugo
Lorpugo collected $0.05 from pot
Lorpugo: doesn't show hand 
*** SUMMARY ***
Total pot $0.05 | Rake $0 
Seat 1: josedf7509 (button) folded before Flop (didn't bet)
Seat 2: beansinit (small blind) folded before Flop
Seat 3: gelopoly (big blind) folded before Flop
Seat 4: zlBlueline folded before Flop (didn't bet)
Seat 5: lprebsi69 folded before Flop (didn't bet)
Seat 6: Lorpugo collected ($0.05)



PokerStars Hand #239332307373:  Hold'em No Limit ($0.01/$0.02 USD) - 2022/10/19 17:53:17 ET
Table 'Alrischa' 6-max Seat #2 is the button
Seat 1: josedf7509 ($2 in chips) 
Seat 2: beansinit ($1.23 in chips) 
Seat 3: gelopoly ($2.78 in chips) 
Seat 4: zlBlueline ($1.31 in chips) 
Seat 5: lprebsi69 ($1.54 in chips) 
Seat 6: Lorpugo ($3.80 in chips) 
gelopoly: posts small blind $0.01
zlBlueline: posts big blind $0.02
*** HOLE CARDS ***
Dealt to Lorpugo [5h Jh]
lprebsi69: folds 
Lorpugo: folds 
josedf7509: folds 
beansinit: folds 
gelopoly: folds 
Uncalled bet ($0.01) returned to zlBlueline
zlBlueline collected $0.02 from pot
*** SUMMARY ***
Total pot $0.02 | Rake $0 
Seat 1: josedf7509 folded before Flop (didn't bet)
Seat 2: beansinit (button) folded before Flop (didn't bet)
Seat 3: gelopoly (small blind) folded before Flop
Seat 4: zlBlueline (big blind) collected ($0.02)
Seat 5: lprebsi69 folded before Flop (didn't bet)
Seat 6: Lorpugo folded before Flop (didn't bet)



PokerStars Hand #239332312661:  Hold'em No Limit ($0.01/$0.02 USD) - 2022/10/19 17:53:34 ET
Table 'Alrischa' 6-max Seat #3 is the button
Seat 1: josedf7509 ($2 in chips) 
Seat 2: beansinit ($1.23 in chips) 
Seat 3: gelopoly ($2.77 in chips) 
Seat 4: zlBlueline ($1.32 in chips) 
Seat 5: lprebsi69 ($1.54 in chips) 
Seat 6: Lorpugo ($3.80 in chips) 
zlBlueline: posts small blind $0.01
lprebsi69: posts big blind $0.02
*** HOLE CARDS ***
Dealt to Lorpugo [Kc 5s]
Lorpugo: folds 
josedf7509: folds 
beansinit: calls $0.02
gelopoly: folds 
zlBlueline: folds 
lprebsi69: checks 
*** FLOP *** [4s Tc Jh]
lprebsi69: checks 
beansinit: bets $0.05
lprebsi69: folds 
Uncalled bet ($0.05) returned to beansinit
beansinit collected $0.05 from pot
beansinit: doesn't show hand 
*** SUMMARY ***
Total pot $0.05 | Rake $0 
Board [4s Tc Jh]
Seat 1: josedf7509 folded before Flop (didn't bet)
Seat 2: beansinit collected ($0.05)
Seat 3: gelopoly (button) folded before Flop (didn't bet)
Seat 4: zlBlueline (small blind) folded before Flop
Seat 5: lprebsi69 (big blind) folded on the Flop
Seat 6: Lorpugo folded before Flop (didn't bet)



PokerStars Hand #239332321156:  Hold'em No Limit ($0.01/$0.02 USD) - 2022/10/19 17:53:59 ET
Table 'Alrischa' 6-max Seat #4 is the button
Seat 1: josedf7509 ($2 in chips) 
Seat 2: beansinit ($1.26 in chips) 
Seat 3: gelopoly ($2.77 in chips) 
Seat 4: zlBlueline ($1.31 in chips) 
Seat 5: lprebsi69 ($1.52 in chips) 
Seat 6: Lorpugo ($3.80 in chips) 
lprebsi69: posts small blind $0.01
Lorpugo: posts big blind $0.02
*** HOLE CARDS ***
Dealt to Lorpugo [8d 9c]
josedf7509: folds 
beansinit: folds 
gelopoly: folds 
zlBlueline: folds 
lprebsi69: calls $0.01
Lorpugo: raises $0.10 to $0.12
lprebsi69: calls $0.10
*** FLOP *** [8c Tc Qs]
lprebsi69: checks 
Lorpugo: checks 
*** TURN *** [8c Tc Qs] [Jh]
lprebsi69: bets $0.02
Lorpugo: raises $0.17 to $0.19
lprebsi69: folds 
Uncalled bet ($0.17) returned to Lorpugo
Lorpugo collected $0.27 from pot
Lorpugo: doesn't show hand 
*** SUMMARY ***
Total pot $0.28 | Rake $0.01 
Board [8c Tc Qs Jh]
Seat 1: josedf7509 folded before Flop (didn't bet)
Seat 2: beansinit folded before Flop (didn't bet)
Seat 3: gelopoly folded before Flop (didn't bet)
Seat 4: zlBlueline (button) folded before Flop (didn't bet)
Seat 5: lprebsi69 (small blind) folded on the Turn
Seat 6: Lorpugo (big blind) collected ($0.27)



PokerStars Hand #239332338173:  Hold'em No Limit ($0.01/$0.02 USD) - 2022/10/19 17:54:52 ET
Table 'Alrischa' 6-max Seat #5 is the button
Seat 1: josedf7509 ($2 in chips) 
Seat 2: beansinit ($1.26 in chips) 
Seat 3: gelopoly ($2.77 in chips) 
Seat 5: lprebsi69 ($1.38 in chips) 
Seat 6: Lorpugo ($3.93 in chips) 
Lorpugo: posts small blind $0.01
josedf7509: posts big blind $0.02
*** HOLE CARDS ***
Dealt to Lorpugo [5c 8c]
beansinit: folds 
gelopoly: folds 
lprebsi69: folds 
Lorpugo: raises $0.04 to $0.06
josedf7509: folds 
Uncalled bet ($0.04) returned to Lorpugo
Lorpugo collected $0.04 from pot
Lorpugo: doesn't show hand 
*** SUMMARY ***
Total pot $0.04 | Rake $0 
Seat 1: josedf7509 (big blind) folded before Flop
Seat 2: beansinit folded before Flop (didn't bet)
Seat 3: gelopoly folded before Flop (didn't bet)
Seat 5: lprebsi69 (button) folded before Flop (didn't bet)
Seat 6: Lorpugo (small blind) collected ($0.04)



PokerStars Hand #239332342213:  Hold'em No Limit ($0.01/$0.02 USD) - 2022/10/19 17:55:04 ET
Table 'Alrischa' 6-max Seat #6 is the button
Seat 1: josedf7509 ($2 in chips) 
Seat 2: beansinit ($1.26 in chips) 
Seat 3: gelopoly ($2.77 in chips) 
Seat 5: lprebsi69 ($1.38 in chips) 
Seat 6: Lorpugo ($3.95 in chips) 
josedf7509: posts small blind $0.01
beansinit: posts big blind $0.02
*** HOLE CARDS ***
Dealt to Lorpugo [3c Ac]
gelopoly: folds 
lprebsi69: calls $0.02
Lorpugo: raises $0.10 to $0.12
josedf7509: folds 
beansinit: folds 
lprebsi69: folds 
Uncalled bet ($0.10) returned to Lorpugo
Lorpugo collected $0.07 from pot
Lorpugo: doesn't show hand 
*** SUMMARY ***
Total pot $0.07 | Rake $0 
Seat 1: josedf7509 (small blind) folded before Flop
Seat 2: beansinit (big blind) folded before Flop
Seat 3: gelopoly folded before Flop (didn't bet)
Seat 5: lprebsi69 folded before Flop
Seat 6: Lorpugo (button) collected ($0.07)



PokerStars Hand #239332351153:  Hold'em No Limit ($0.01/$0.02 USD) - 2022/10/19 17:55:36 ET
Table 'Alrischa' 6-max Seat #1 is the button
Seat 1: josedf7509 ($2 in chips) 
Seat 2: beansinit ($1.24 in chips) 
Seat 3: gelopoly ($2.77 in chips) 
Seat 5: lprebsi69 ($1.36 in chips) 
Seat 6: Lorpugo ($4 in chips) 
beansinit: posts small blind $0.01
gelopoly: posts big blind $0.02
*** HOLE CARDS ***
Dealt to Lorpugo [4s 8s]
lprebsi69: folds 
Lorpugo: raises $0.04 to $0.06
josedf7509: folds 
beansinit: folds 
gelopoly: folds 
Uncalled bet ($0.04) returned to Lorpugo
Lorpugo collected $0.05 from pot
Lorpugo: doesn't show hand 
*** SUMMARY ***
Total pot $0.05 | Rake $0 
Seat 1: josedf7509 (button) folded before Flop (didn't bet)
Seat 2: beansinit (small blind) folded before Flop
Seat 3: gelopoly (big blind) folded before Flop
Seat 5: lprebsi69 folded before Flop (didn't bet)
Seat 6: Lorpugo collected ($0.05)



PokerStars Hand #239332354258:  Hold'em No Limit ($0.01/$0.02 USD) - 2022/10/19 17:55:48 ET
Table 'Alrischa' 6-max Seat #2 is the button
Seat 1: josedf7509 ($2 in chips) 
Seat 2: beansinit ($1.23 in chips) 
Seat 3: gelopoly ($2.75 in chips) 
Seat 5: lprebsi69 ($1.36 in chips) 
Seat 6: Lorpugo ($4.03 in chips) 
gelopoly: posts small blind $0.01
lprebsi69: posts big blind $0.02
*** HOLE CARDS ***
Dealt to Lorpugo [4h Ah]
Lorpugo: raises $0.04 to $0.06
josedf7509: folds 
beansinit: calls $0.06
gelopoly: folds 
lprebsi69: folds 
*** FLOP *** [4d 2d Qs]
Lorpugo: bets $0.07
beansinit: calls $0.07
*** TURN *** [4d 2d Qs] [Th]
Lorpugo: checks 
beansinit: checks 
*** RIVER *** [4d 2d Qs Th] [Kd]
Lorpugo: checks 
beansinit: checks 
*** SHOW DOWN ***
Lorpugo: shows [4h Ah] (a pair of Fours)
beansinit: mucks hand 
Lorpugo collected $0.28 from pot
josedf7509 leaves the table
*** SUMMARY ***
Total pot $0.29 | Rake $0.01 
Board [4d 2d Qs Th Kd]
Seat 1: josedf7509 folded before Flop (didn't bet)
Seat 2: beansinit (button) mucked [As 2s]
Seat 3: gelopoly (small blind) folded before Flop
Seat 5: lprebsi69 (big blind) folded before Flop
Seat 6: Lorpugo showed [4h Ah] and won ($0.28) with a pair of Fours



PokerStars Hand #239332368900:  Hold'em No Limit ($0.01/$0.02 USD) - 2022/10/19 17:56:45 ET
Table 'Alrischa' 6-max Seat #3 is the button
Seat 2: beansinit ($1.10 in chips) 
Seat 3: gelopoly ($2.74 in chips) 
Seat 5: lprebsi69 ($1.34 in chips) 
Seat 6: Lorpugo ($4.18 in chips) 
lprebsi69: posts small blind $0.01
Lorpugo: posts big blind $0.02
*** HOLE CARDS ***
Dealt to Lorpugo [Qh Qs]
MojaMamka joins the table at seat #1 
beansinit: raises $0.04 to $0.06
gelopoly: calls $0.06
lprebsi69: folds 
Lorpugo: raises $0.12 to $0.18
beansinit: calls $0.12
gelopoly: folds 
*** FLOP *** [9s Kd 4c]
Lorpugo: checks 
beansinit: bets $0.21
Lorpugo: calls $0.21
*** TURN *** [9s Kd 4c] [7h]
Lorpugo: checks 
beansinit: checks 
*** RIVER *** [9s Kd 4c 7h] [8c]
Lorpugo: checks 
beansinit: checks 
*** SHOW DOWN ***
Lorpugo: shows [Qh Qs] (a pair of Queens)
beansinit: mucks hand 
Lorpugo collected $0.82 from pot
*** SUMMARY ***
Total pot $0.85 | Rake $0.03 
Board [9s Kd 4c 7h 8c]
Seat 2: beansinit mucked [Qd Ac]
Seat 3: gelopoly (button) folded before Flop
Seat 5: lprebsi69 (small blind) folded before Flop
Seat 6: Lorpugo (big blind) showed [Qh Qs] and won ($0.82) with a pair of Queens



PokerStars Hand #239332388295:  Hold'em No Limit ($0.01/$0.02 USD) - 2022/10/19 17:57:58 ET
Table 'Alrischa' 6-max Seat #5 is the button
Seat 1: MojaMamka ($1.09 in chips) 
Seat 2: beansinit ($0.71 in chips) 
Seat 3: gelopoly ($2.68 in chips) 
Seat 5: lprebsi69 ($1.33 in chips) 
Seat 6: Lorpugo ($4.61 in chips) 
Lorpugo: posts small blind $0.01
MojaMamka: posts big blind $0.02
*** HOLE CARDS ***
Dealt to Lorpugo [Td 9s]
beansinit: folds 
gelopoly: folds 
lprebsi69: folds 
Lorpugo: raises $0.04 to $0.06
MojaMamka: folds 
Uncalled bet ($0.04) returned to Lorpugo
Lorpugo collected $0.04 from pot
Lorpugo: doesn't show hand 
*** SUMMARY ***
Total pot $0.04 | Rake $0 
Seat 1: MojaMamka (big blind) folded before Flop
Seat 2: beansinit folded before Flop (didn't bet)
Seat 3: gelopoly folded before Flop (didn't bet)
Seat 5: lprebsi69 (button) folded before Flop (didn't bet)
Seat 6: Lorpugo (small blind) collected ($0.04)



PokerStars Hand #239332392832:  Hold'em No Limit ($0.01/$0.02 USD) - 2022/10/19 17:58:16 ET
Table 'Alrischa' 6-max Seat #6 is the button
Seat 1: MojaMamka ($1.07 in chips) 
Seat 2: beansinit ($0.71 in chips) 
Seat 3: gelopoly ($2.68 in chips) 
Seat 5: lprebsi69 ($1.33 in chips) 
Seat 6: Lorpugo ($4.63 in chips) 
MojaMamka: posts small blind $0.01
beansinit: posts big blind $0.02
*** HOLE CARDS ***
Dealt to Lorpugo [Th As]
gelopoly: folds 
lprebsi69: folds 
Lorpugo: raises $0.04 to $0.06
MojaMamka: folds 
beansinit: calls $0.04
*** FLOP *** [9c 3d 4s]
beansinit: bets $0.13
Lorpugo: calls $0.13
*** TURN *** [9c 3d 4s] [Qc]
beansinit: bets $0.52 and is all-in
Lorpugo: folds 
Uncalled bet ($0.52) returned to beansinit
beansinit collected $0.38 from pot
beansinit: doesn't show hand 
*** SUMMARY ***
Total pot $0.39 | Rake $0.01 
Board [9c 3d 4s Qc]
Seat 1: MojaMamka (small blind) folded before Flop
Seat 2: beansinit (big blind) collected ($0.38)
Seat 3: gelopoly folded before Flop (didn't bet)
Seat 5: lprebsi69 folded before Flop (didn't bet)
Seat 6: Lorpugo (button) folded on the Turn



PokerStars Hand #239332406406:  Hold'em No Limit ($0.01/$0.02 USD) - 2022/10/19 17:59:07 ET
Table 'Alrischa' 6-max Seat #1 is the button
Seat 1: MojaMamka ($1.06 in chips) 
Seat 2: beansinit ($0.90 in chips) 
Seat 3: gelopoly ($2.68 in chips) 
Seat 5: lprebsi69 ($1.33 in chips) 
Seat 6: Lorpugo ($4.44 in chips) 
beansinit: posts small blind $0.01
gelopoly: posts big blind $0.02
*** HOLE CARDS ***
Dealt to Lorpugo [4s 9h]
lprebsi69: calls $0.02
Lorpugo: folds 
MojaMamka: folds 
beansinit: calls $0.01
gelopoly: checks 
*** FLOP *** [Kc 5c Ks]
beansinit: checks 
gelopoly: checks 
lprebsi69: bets $0.02
beansinit: folds 
gelopoly: folds 
Uncalled bet ($0.02) returned to lprebsi69
lprebsi69 collected $0.06 from pot
*** SUMMARY ***
Total pot $0.06 | Rake $0 
Board [Kc 5c Ks]
Seat 1: MojaMamka (button) folded before Flop (didn't bet)
Seat 2: beansinit (small blind) folded on the Flop
Seat 3: gelopoly (big blind) folded on the Flop
Seat 5: lprebsi69 collected ($0.06)
Seat 6: Lorpugo folded before Flop (didn't bet)



PokerStars Hand #239332416494:  Hold'em No Limit ($0.01/$0.02 USD) - 2022/10/19 17:59:46 ET
Table 'Alrischa' 6-max Seat #2 is the button
Seat 1: MojaMamka ($1.06 in chips) 
Seat 2: beansinit ($0.88 in chips) 
Seat 3: gelopoly ($2.66 in chips) 
Seat 5: lprebsi69 ($1.37 in chips) 
Seat 6: Lorpugo ($4.44 in chips) 
gelopoly: posts small blind $0.01
lprebsi69: posts big blind $0.02
*** HOLE CARDS ***
Dealt to Lorpugo [Qc Qh]
Lorpugo: raises $0.04 to $0.06
MojaMamka: calls $0.06
beansinit: calls $0.06
gelopoly: folds 
lprebsi69: folds 
*** FLOP *** [2c 9s 3h]
Lorpugo: bets $0.13
MojaMamka: folds 
beansinit: calls $0.13
*** TURN *** [2c 9s 3h] [Jh]
Lorpugo: bets $0.30
beansinit: raises $0.30 to $0.60
Lorpugo: raises $1.65 to $2.25
beansinit: calls $0.09 and is all-in
Uncalled bet ($1.56) returned to Lorpugo
*** RIVER *** [2c 9s 3h Jh] [Ad]
*** SHOW DOWN ***
Lorpugo: shows [Qc Qh] (a pair of Queens)
beansinit: shows [3d 3c] (three of a kind, Threes)
beansinit collected $1.79 from pot
*** SUMMARY ***
Total pot $1.85 | Rake $0.06 
Board [2c 9s 3h Jh Ad]
Seat 1: MojaMamka folded on the Flop
Seat 2: beansinit (button) showed [3d 3c] and won ($1.79) with three of a kind, Threes
Seat 3: gelopoly (small blind) folded before Flop
Seat 5: lprebsi69 (big blind) folded before Flop
Seat 6: Lorpugo showed [Qc Qh] and lost with a pair of Queens



PokerStars Hand #239332438749:  Hold'em No Limit ($0.01/$0.02 USD) - 2022/10/19 18:01:06 ET
Table 'Alrischa' 6-max Seat #3 is the button
Seat 1: MojaMamka ($1 in chips) 
Seat 2: beansinit ($1.79 in chips) 
Seat 3: gelopoly ($2.65 in chips) 
Seat 5: lprebsi69 ($1.35 in chips) 
Seat 6: Lorpugo ($3.56 in chips) 
lprebsi69: posts small blind $0.01
Lorpugo: posts big blind $0.02
*** HOLE CARDS ***
Dealt to Lorpugo [Js 5d]
MojaMamka: calls $0.02
beansinit has timed out
beansinit: folds 
gelopoly: folds 
lprebsi69: calls $0.01
Lorpugo: checks 
*** FLOP *** [9c Ah Qh]
lprebsi69: bets $0.02
Lorpugo: folds 
MojaMamka: calls $0.02
*** TURN *** [9c Ah Qh] [4s]
lprebsi69: bets $0.02
MojaMamka: calls $0.02
*** RIVER *** [9c Ah Qh 4s] [7h]
lprebsi69: bets $0.08
MojaMamka: calls $0.08
*** SHOW DOWN ***
lprebsi69: shows [7s Ad] (two pair, Aces and Sevens)
MojaMamka: mucks hand 
lprebsi69 collected $0.29 from pot
*** SUMMARY ***
Total pot $0.30 | Rake $0.01 
Board [9c Ah Qh 4s 7h]
Seat 1: MojaMamka mucked [3c As]
Seat 2: beansinit folded before Flop (didn't bet)
Seat 3: gelopoly (button) folded before Flop (didn't bet)
Seat 5: lprebsi69 (small blind) showed [7s Ad] and won ($0.29) with two pair, Aces and Sevens
Seat 6: Lorpugo (big blind) folded on the Flop



PokerStars Hand #239332455876:  Hold'em No Limit ($0.01/$0.02 USD) - 2022/10/19 18:02:01 ET
Table 'Alrischa' 6-max Seat #5 is the button
Seat 1: MojaMamka ($0.86 in chips) 
Seat 2: beansinit ($1.79 in chips) 
Seat 3: gelopoly ($2.65 in chips) 
Seat 5: lprebsi69 ($1.50 in chips) 
Seat 6: Lorpugo ($3.54 in chips) 
Lorpugo: posts small blind $0.01
MojaMamka: posts big blind $0.02
*** HOLE CARDS ***
Dealt to Lorpugo [4s As]
beansinit: folds 
beansinit leaves the table
gelopoly: folds 
lprebsi69: folds 
Lorpugo: raises $0.04 to $0.06
r_lucena77 joins the table at seat #2 
MojaMamka: calls $0.04
*** FLOP *** [Jd 2c Ks]
Lorpugo: checks 
MojaMamka: checks 
*** TURN *** [Jd 2c Ks] [5d]
Lorpugo: bets $0.12
MojaMamka: folds 
Uncalled bet ($0.12) returned to Lorpugo
Lorpugo collected $0.12 from pot
Lorpugo: doesn't show hand 
*** SUMMARY ***
Total pot $0.12 | Rake $0 
Board [Jd 2c Ks 5d]
Seat 1: MojaMamka (big blind) folded on the Turn
Seat 2: beansinit folded before Flop (didn't bet)
Seat 3: gelopoly folded before Flop (didn't bet)
Seat 5: lprebsi69 (button) folded before Flop (didn't bet)
Seat 6: Lorpugo (small blind) collected ($0.12)



PokerStars Hand #239332466799:  Hold'em No Limit ($0.01/$0.02 USD) - 2022/10/19 18:02:37 ET
Table 'Alrischa' 6-max Seat #6 is the button
Seat 1: MojaMamka ($0.80 in chips) 
Seat 2: r_lucena77 ($2 in chips) 
Seat 3: gelopoly ($2.65 in chips) 
Seat 5: lprebsi69 ($1.50 in chips) 
Seat 6: Lorpugo ($3.60 in chips) 
MojaMamka: posts small blind $0.01
r_lucena77: posts big blind $0.02
*** HOLE CARDS ***
Dealt to Lorpugo [Kh Kd]
gelopoly: folds 
lprebsi69: raises $0.02 to $0.04
Lorpugo: raises $0.08 to $0.12
MojaMamka: folds 
r_lucena77: folds 
lprebsi69: calls $0.08
*** FLOP *** [Jc 2s Kc]
lprebsi69: checks 
Lorpugo: bets $0.17
lprebsi69: calls $0.17
*** TURN *** [Jc 2s Kc] [4d]
lprebsi69: checks 
Lorpugo: bets $0.39
lprebsi69: folds 
Uncalled bet ($0.39) returned to Lorpugo
Lorpugo collected $0.59 from pot
Lorpugo: doesn't show hand 
*** SUMMARY ***
Total pot $0.61 | Rake $0.02 
Board [Jc 2s Kc 4d]
Seat 1: MojaMamka (small blind) folded before Flop
Seat 2: r_lucena77 (big blind) folded before Flop
Seat 3: gelopoly folded before Flop (didn't bet)
Seat 5: lprebsi69 folded on the Turn
Seat 6: Lorpugo (button) collected ($0.59)



PokerStars Hand #239332482458:  Hold'em No Limit ($0.01/$0.02 USD) - 2022/10/19 18:03:27 ET
Table 'Alrischa' 6-max Seat #1 is the button
Seat 1: MojaMamka ($0.79 in chips) 
Seat 2: r_lucena77 ($2 in chips) 
Seat 3: gelopoly ($2.65 in chips) 
Seat 5: lprebsi69 ($1.21 in chips) 
Seat 6: Lorpugo ($3.90 in chips) 
r_lucena77: posts small blind $0.01
gelopoly: posts big blind $0.02
*** HOLE CARDS ***
Dealt to Lorpugo [2d Ts]
lprebsi69: folds 
Lorpugo: folds 
MojaMamka: folds 
r_lucena77: raises $0.04 to $0.06
gelopoly: folds 
Uncalled bet ($0.04) returned to r_lucena77
r_lucena77 collected $0.04 from pot
*** SUMMARY ***
Total pot $0.04 | Rake $0 
Seat 1: MojaMamka (button) folded before Flop (didn't bet)
Seat 2: r_lucena77 (small blind) collected ($0.04)
Seat 3: gelopoly (big blind) folded before Flop
Seat 5: lprebsi69 folded before Flop (didn't bet)
Seat 6: Lorpugo folded before Flop (didn't bet)



PokerStars Hand #239332490251:  Hold'em No Limit ($0.01/$0.02 USD) - 2022/10/19 18:03:51 ET
Table 'Alrischa' 6-max Seat #2 is the button
Seat 1: MojaMamka ($0.79 in chips) 
Seat 2: r_lucena77 ($2.02 in chips) 
Seat 3: gelopoly ($2.63 in chips) 
Seat 5: lprebsi69 ($1.21 in chips) 
Seat 6: Lorpugo ($3.90 in chips) 
gelopoly: posts small blind $0.01
lprebsi69: posts big blind $0.02
*** HOLE CARDS ***
Dealt to Lorpugo [2d 6h]
Lorpugo: folds 
MojaMamka: calls $0.02
r_lucena77: folds 
gelopoly: folds 
lprebsi69: checks 
*** FLOP *** [Ts 7h As]
lprebsi69: bets $0.02
MojaMamka: calls $0.02
*** TURN *** [Ts 7h As] [Jd]
lprebsi69: bets $0.04
MojaMamka: calls $0.04
*** RIVER *** [Ts 7h As Jd] [Td]
lprebsi69: bets $0.10
MojaMamka: calls $0.10
*** SHOW DOWN ***
lprebsi69: shows [8s Ad] (two pair, Aces and Tens)
MojaMamka: shows [Th Kc] (three of a kind, Tens)
MojaMamka collected $0.36 from pot
*** SUMMARY ***
Total pot $0.37 | Rake $0.01 
Board [Ts 7h As Jd Td]
Seat 1: MojaMamka showed [Th Kc] and won ($0.36) with three of a kind, Tens
Seat 2: r_lucena77 (button) folded before Flop (didn't bet)
Seat 3: gelopoly (small blind) folded before Flop
Seat 5: lprebsi69 (big blind) showed [8s Ad] and lost with two pair, Aces and Tens
Seat 6: Lorpugo folded before Flop (didn't bet)



PokerStars Hand #239332514475:  Hold'em No Limit ($0.01/$0.02 USD) - 2022/10/19 18:05:06 ET
Table 'Alrischa' 6-max Seat #3 is the button
Seat 1: MojaMamka ($0.97 in chips) 
Seat 2: r_lucena77 ($2.02 in chips) 
Seat 3: gelopoly ($2.62 in chips) 
Seat 5: lprebsi69 ($1.03 in chips) 
Seat 6: Lorpugo ($3.90 in chips) 
lprebsi69: posts small blind $0.01
Lorpugo: posts big blind $0.02
*** HOLE CARDS ***
Dealt to Lorpugo [Ks 9h]
MojaMamka: calls $0.02
r_lucena77: folds 
gelopoly: raises $0.02 to $0.04
lprebsi69: calls $0.03
Lorpugo: calls $0.02
MojaMamka: calls $0.02
*** FLOP *** [6s 4d Kh]
lprebsi69: checks 
Lorpugo: bets $0.05
MojaMamka: folds 
gelopoly: raises $0.05 to $0.10
lprebsi69: folds 
Lorpugo: calls $0.05
*** TURN *** [6s 4d Kh] [Js]
Lorpugo: bets $0.12
gelopoly: raises $0.12 to $0.24
Lorpugo: calls $0.12
*** RIVER *** [6s 4d Kh Js] [7s]
Lorpugo: checks 
gelopoly: checks 
*** SHOW DOWN ***
Lorpugo: shows [Ks 9h] (a pair of Kings)
gelopoly: shows [As Kc] (a pair of Kings - Ace kicker)
gelopoly collected $0.81 from pot
*** SUMMARY ***
Total pot $0.84 | Rake $0.03 
Board [6s 4d Kh Js 7s]
Seat 1: MojaMamka folded on the Flop
Seat 2: r_lucena77 folded before Flop (didn't bet)
Seat 3: gelopoly (button) showed [As Kc] and won ($0.81) with a pair of Kings
Seat 5: lprebsi69 (small blind) folded on the Flop
Seat 6: Lorpugo (big blind) showed [Ks 9h] and lost with a pair of Kings



PokerStars Hand #239332535024:  Hold'em No Limit ($0.01/$0.02 USD) - 2022/10/19 18:06:10 ET
Table 'Alrischa' 6-max Seat #5 is the button
Seat 1: MojaMamka ($0.93 in chips) 
Seat 2: r_lucena77 ($2.02 in chips) 
Seat 3: gelopoly ($3.05 in chips) 
Seat 5: lprebsi69 ($0.99 in chips) 
Seat 6: Lorpugo ($3.52 in chips) 
Lorpugo: posts small blind $0.01
MojaMamka: posts big blind $0.02
*** HOLE CARDS ***
Dealt to Lorpugo [4c 4h]
r_lucena77: folds 
gelopoly: calls $0.02
lprebsi69: raises $0.02 to $0.04
Lorpugo: calls $0.03
MojaMamka: calls $0.02
gelopoly: calls $0.02
*** FLOP *** [Qd Jd 6s]
Lorpugo: checks 
MojaMamka: checks 
gelopoly: bets $0.07
lprebsi69: calls $0.07
Lorpugo: folds 
MojaMamka: folds 
*** TURN *** [Qd Jd 6s] [8c]
gelopoly: checks 
lprebsi69: checks 
*** RIVER *** [Qd Jd 6s 8c] [Td]
gelopoly: checks 
lprebsi69: bets $0.08
gelopoly: folds 
Uncalled bet ($0.08) returned to lprebsi69
lprebsi69 collected $0.29 from pot
*** SUMMARY ***
Total pot $0.30 | Rake $0.01 
Board [Qd Jd 6s 8c Td]
Seat 1: MojaMamka (big blind) folded on the Flop
Seat 2: r_lucena77 folded before Flop (didn't bet)
Seat 3: gelopoly folded on the River
Seat 5: lprebsi69 (button) collected ($0.29)
Seat 6: Lorpugo (small blind) folded on the Flop



PokerStars Hand #239332555315:  Hold'em No Limit ($0.01/$0.02 USD) - 2022/10/19 18:07:14 ET
Table 'Alrischa' 6-max Seat #6 is the button
Seat 1: MojaMamka ($0.89 in chips) 
Seat 2: r_lucena77 ($2.02 in chips) 
Seat 3: gelopoly ($2.94 in chips) 
Seat 5: lprebsi69 ($1.17 in chips) 
Seat 6: Lorpugo ($3.48 in chips) 
MojaMamka: posts small blind $0.01
r_lucena77: posts big blind $0.02
*** HOLE CARDS ***
Dealt to Lorpugo [3s 3d]
gelopoly: folds 
lprebsi69: folds 
Lorpugo: raises $0.04 to $0.06
MojaMamka: folds 
r_lucena77: raises $0.18 to $0.24
Lorpugo: folds 
Uncalled bet ($0.18) returned to r_lucena77
r_lucena77 collected $0.13 from pot
r_lucena77: doesn't show hand 
*** SUMMARY ***
Total pot $0.13 | Rake $0 
Seat 1: MojaMamka (small blind) folded before Flop
Seat 2: r_lucena77 (big blind) collected ($0.13)
Seat 3: gelopoly folded before Flop (didn't bet)
Seat 5: lprebsi69 folded before Flop (didn't bet)
Seat 6: Lorpugo (button) folded before Flop



PokerStars Hand #239332565603:  Hold'em No Limit ($0.01/$0.02 USD) - 2022/10/19 18:07:47 ET
Table 'Alrischa' 6-max Seat #1 is the button
Seat 1: MojaMamka ($0.88 in chips) 
Seat 2: r_lucena77 ($2.09 in chips) 
Seat 3: gelopoly ($2.94 in chips) 
Seat 5: lprebsi69 ($1.17 in chips) 
Seat 6: Lorpugo ($3.42 in chips) 
r_lucena77: posts small blind $0.01
gelopoly: posts big blind $0.02
*** HOLE CARDS ***
Dealt to Lorpugo [4s 3c]
lprebsi69: folds 
Lorpugo: folds 
MojaMamka: calls $0.02
r_lucena77: folds 
gelopoly: raises $0.02 to $0.04
MojaMamka: calls $0.02
*** FLOP *** [7c 2d Ac]
gelopoly: checks 
MojaMamka: checks 
*** TURN *** [7c 2d Ac] [2s]
gelopoly: bets $0.04
MojaMamka: calls $0.04
*** RIVER *** [7c 2d Ac 2s] [Qh]
gelopoly: checks 
MojaMamka: bets $0.08
gelopoly: folds 
Uncalled bet ($0.08) returned to MojaMamka
MojaMamka collected $0.16 from pot
MojaMamka: doesn't show hand 
*** SUMMARY ***
Total pot $0.17 | Rake $0.01 
Board [7c 2d Ac 2s Qh]
Seat 1: MojaMamka (button) collected ($0.16)
Seat 2: r_lucena77 (small blind) folded before Flop
Seat 3: gelopoly (big blind) folded on the River
Seat 5: lprebsi69 folded before Flop (didn't bet)
Seat 6: Lorpugo folded before Flop (didn't bet)



PokerStars Hand #239332587431:  Hold'em No Limit ($0.01/$0.02 USD) - 2022/10/19 18:08:56 ET
Table 'Alrischa' 6-max Seat #2 is the button
Seat 1: MojaMamka ($0.96 in chips) 
Seat 2: r_lucena77 ($2.08 in chips) 
Seat 3: gelopoly ($2.86 in chips) 
Seat 5: lprebsi69 ($1.17 in chips) 
Seat 6: Lorpugo ($3.42 in chips) 
gelopoly: posts small blind $0.01
lprebsi69: posts big blind $0.02
*** HOLE CARDS ***
Dealt to Lorpugo [6d 5c]
Lorpugo: folds 
MojaMamka: folds 
r_lucena77: folds 
gelopoly: folds 
Uncalled bet ($0.01) returned to lprebsi69
lprebsi69 collected $0.02 from pot
zlBlueline leaves the table
*** SUMMARY ***
Total pot $0.02 | Rake $0 
Seat 1: MojaMamka folded before Flop (didn't bet)
Seat 2: r_lucena77 (button) folded before Flop (didn't bet)
Seat 3: gelopoly (small blind) folded before Flop
Seat 5: lprebsi69 (big blind) collected ($0.02)
Seat 6: Lorpugo folded before Flop (didn't bet)



PokerStars Hand #239332591085:  Hold'em No Limit ($0.01/$0.02 USD) - 2022/10/19 18:09:08 ET
Table 'Alrischa' 6-max Seat #3 is the button
Seat 1: MojaMamka ($0.96 in chips) 
Seat 2: r_lucena77 ($2.08 in chips) 
Seat 3: gelopoly ($2.85 in chips) 
Seat 5: lprebsi69 ($1.18 in chips) 
Seat 6: Lorpugo ($3.42 in chips) 
lprebsi69: posts small blind $0.01
Lorpugo: posts big blind $0.02
*** HOLE CARDS ***
Dealt to Lorpugo [7h 3d]
MojaMamka: folds 
r_lucena77: folds 
Numendil joins the table at seat #4 
gelopoly has timed out
gelopoly: folds 
lprebsi69: calls $0.01
Lorpugo: checks 
*** FLOP *** [2s Ts Qh]
lprebsi69: bets $0.02
Lorpugo: folds 
Uncalled bet ($0.02) returned to lprebsi69
lprebsi69 collected $0.04 from pot
*** SUMMARY ***
Total pot $0.04 | Rake $0 
Board [2s Ts Qh]
Seat 1: MojaMamka folded before Flop (didn't bet)
Seat 2: r_lucena77 folded before Flop (didn't bet)
Seat 3: gelopoly (button) folded before Flop (didn't bet)
Seat 5: lprebsi69 (small blind) collected ($0.04)
Seat 6: Lorpugo (big blind) folded on the Flop



PokerStars Hand #239332599638:  Hold'em No Limit ($0.01/$0.02 USD) - 2022/10/19 18:09:35 ET
Table 'Alrischa' 6-max Seat #5 is the button
Seat 1: MojaMamka ($0.96 in chips) 
Seat 2: r_lucena77 ($2.08 in chips) 
Seat 3: gelopoly ($2.85 in chips) 
Seat 5: lprebsi69 ($1.20 in chips) 
Seat 6: Lorpugo ($3.40 in chips) 
Lorpugo: posts small blind $0.01
MojaMamka: posts big blind $0.02
Numendil: sits out 
*** HOLE CARDS ***
Dealt to Lorpugo [9h Qh]
r_lucena77: folds 
gelopoly: folds 
lprebsi69: calls $0.02
Lorpugo: raises $0.10 to $0.12
MojaMamka: folds 
lprebsi69: calls $0.10
*** FLOP *** [Kc Ks 8h]
Lorpugo: bets $0.12
lprebsi69: folds 
Uncalled bet ($0.12) returned to Lorpugo
Lorpugo collected $0.25 from pot
Lorpugo: doesn't show hand 
*** SUMMARY ***
Total pot $0.26 | Rake $0.01 
Board [Kc Ks 8h]
Seat 1: MojaMamka (big blind) folded before Flop
Seat 2: r_lucena77 folded before Flop (didn't bet)
Seat 3: gelopoly folded before Flop (didn't bet)
Seat 5: lprebsi69 (button) folded on the Flop
Seat 6: Lorpugo (small blind) collected ($0.25)



PokerStars Hand #239332611542:  Hold'em No Limit ($0.01/$0.02 USD) - 2022/10/19 18:10:12 ET
Table 'Alrischa' 6-max Seat #6 is the button
Seat 1: MojaMamka ($0.94 in chips) 
Seat 2: r_lucena77 ($2.08 in chips) 
Seat 3: gelopoly ($2.85 in chips) 
Seat 5: lprebsi69 ($1.08 in chips) 
Seat 6: Lorpugo ($3.53 in chips) 
MojaMamka: posts small blind $0.01
r_lucena77: posts big blind $0.02
Numendil: sits out 
*** HOLE CARDS ***
Dealt to Lorpugo [7s 8s]
gelopoly: folds 
lprebsi69: folds 
Lorpugo: raises $0.04 to $0.06
MojaMamka: calls $0.05
r_lucena77: folds 
*** FLOP *** [8h 2c 8c]
MojaMamka: bets $0.07
Lorpugo: calls $0.07
*** TURN *** [8h 2c 8c] [6c]
MojaMamka: bets $0.13
Lorpugo: calls $0.13
*** RIVER *** [8h 2c 8c 6c] [Jd]
MojaMamka: checks 
Lorpugo: bets $0.10
MojaMamka: calls $0.10
*** SHOW DOWN ***
Lorpugo: shows [7s 8s] (three of a kind, Eights)
MojaMamka: mucks hand 
Lorpugo collected $0.71 from pot
*** SUMMARY ***
Total pot $0.74 | Rake $0.03 
Board [8h 2c 8c 6c Jd]
Seat 1: MojaMamka (small blind) mucked [As Jh]
Seat 2: r_lucena77 (big blind) folded before Flop
Seat 3: gelopoly folded before Flop (didn't bet)
Seat 5: lprebsi69 folded before Flop (didn't bet)
Seat 6: Lorpugo (button) showed [7s 8s] and won ($0.71) with three of a kind, Eights



PokerStars Hand #239332629465:  Hold'em No Limit ($0.01/$0.02 USD) - 2022/10/19 18:11:09 ET
Table 'Alrischa' 6-max Seat #1 is the button
Seat 1: MojaMamka ($0.58 in chips) 
Seat 2: r_lucena77 ($2.06 in chips) 
Seat 3: gelopoly ($2.85 in chips) 
Seat 5: lprebsi69 ($1.08 in chips) 
Seat 6: Lorpugo ($3.88 in chips) 
r_lucena77: posts small blind $0.01
gelopoly: posts big blind $0.02
Numendil: sits out 
*** HOLE CARDS ***
Dealt to Lorpugo [Qc 8c]
lprebsi69: calls $0.02
Lorpugo: folds 
MojaMamka: calls $0.02
r_lucena77: calls $0.01
gelopoly: checks 
*** FLOP *** [4c 5s Ad]
r_lucena77: checks 
gelopoly: checks 
lprebsi69: bets $0.02
MojaMamka: folds 
r_lucena77: calls $0.02
gelopoly: folds 
*** TURN *** [4c 5s Ad] [2d]
r_lucena77: checks 
lprebsi69: bets $0.02
r_lucena77: folds 
Uncalled bet ($0.02) returned to lprebsi69
lprebsi69 collected $0.12 from pot
*** SUMMARY ***
Total pot $0.12 | Rake $0 
Board [4c 5s Ad 2d]
Seat 1: MojaMamka (button) folded on the Flop
Seat 2: r_lucena77 (small blind) folded on the Turn
Seat 3: gelopoly (big blind) folded on the Flop
Seat 5: lprebsi69 collected ($0.12)
Seat 6: Lorpugo folded before Flop (didn't bet)



PokerStars Hand #239332645176:  Hold'em No Limit ($0.01/$0.02 USD) - 2022/10/19 18:11:59 ET
Table 'Alrischa' 6-max Seat #2 is the button
Seat 1: MojaMamka ($0.56 in chips) 
Seat 2: r_lucena77 ($2.02 in chips) 
Seat 3: gelopoly ($2.83 in chips) 
Seat 4: Numendil ($2 in chips) 
Seat 5: lprebsi69 ($1.16 in chips) 
Seat 6: Lorpugo ($3.88 in chips) 
gelopoly: posts small blind $0.01
Numendil: posts big blind $0.02
*** HOLE CARDS ***
Dealt to Lorpugo [5h 4h]
lprebsi69: calls $0.02
Lorpugo: raises $0.02 to $0.04
MojaMamka: raises $0.04 to $0.08
r_lucena77: folds 
gelopoly: folds 
Numendil: folds 
lprebsi69: calls $0.06
Lorpugo: calls $0.04
*** FLOP *** [6s 9d 6c]
lprebsi69: bets $0.02
Lorpugo: calls $0.02
MojaMamka: calls $0.02
*** TURN *** [6s 9d 6c] [Jd]
lprebsi69: checks 
Lorpugo: checks 
MojaMamka: bets $0.16
lprebsi69: folds 
Lorpugo: folds 
Uncalled bet ($0.16) returned to MojaMamka
MojaMamka collected $0.32 from pot
*** SUMMARY ***
Total pot $0.33 | Rake $0.01 
Board [6s 9d 6c Jd]
Seat 1: MojaMamka collected ($0.32)
Seat 2: r_lucena77 (button) folded before Flop (didn't bet)
Seat 3: gelopoly (small blind) folded before Flop
Seat 4: Numendil (big blind) folded before Flop
Seat 5: lprebsi69 folded on the Turn
Seat 6: Lorpugo folded on the Turn



PokerStars Hand #239332664504:  Hold'em No Limit ($0.01/$0.02 USD) - 2022/10/19 18:13:01 ET
Table 'Alrischa' 6-max Seat #3 is the button
Seat 1: MojaMamka ($0.78 in chips) 
Seat 2: r_lucena77 ($2.02 in chips) 
Seat 3: gelopoly ($2.82 in chips) 
Seat 4: Numendil ($2 in chips) 
Seat 5: lprebsi69 ($1.06 in chips) 
Seat 6: Lorpugo ($3.78 in chips) 
Numendil: posts small blind $0.01
lprebsi69: posts big blind $0.02
*** HOLE CARDS ***
Dealt to Lorpugo [Jd 5h]
Lorpugo: folds 
MojaMamka: folds 
r_lucena77: raises $0.03 to $0.05
gelopoly: folds 
Numendil: folds 
lprebsi69: calls $0.03
*** FLOP *** [Js 8s Tc]
lprebsi69: bets $0.02
r_lucena77: calls $0.02
*** TURN *** [Js 8s Tc] [3d]
lprebsi69: bets $0.02
r_lucena77: calls $0.02
*** RIVER *** [Js 8s Tc 3d] [8h]
lprebsi69: checks 
r_lucena77: bets $0.14
lprebsi69: folds 
Uncalled bet ($0.14) returned to r_lucena77
r_lucena77 collected $0.18 from pot
r_lucena77: doesn't show hand 
*** SUMMARY ***
Total pot $0.19 | Rake $0.01 
Board [Js 8s Tc 3d 8h]
Seat 1: MojaMamka folded before Flop (didn't bet)
Seat 2: r_lucena77 collected ($0.18)
Seat 3: gelopoly (button) folded before Flop (didn't bet)
Seat 4: Numendil (small blind) folded before Flop
Seat 5: lprebsi69 (big blind) folded on the River
Seat 6: Lorpugo folded before Flop (didn't bet)



PokerStars Hand #239332675266:  Hold'em No Limit ($0.01/$0.02 USD) - 2022/10/19 18:13:35 ET
Table 'Alrischa' 6-max Seat #4 is the button
Seat 1: MojaMamka ($0.78 in chips) 
Seat 2: r_lucena77 ($2.11 in chips) 
Seat 3: gelopoly ($2.82 in chips) 
Seat 4: Numendil ($2 in chips) 
Seat 5: lprebsi69 ($0.97 in chips) 
Seat 6: Lorpugo ($3.78 in chips) 
lprebsi69: posts small blind $0.01
Lorpugo: posts big blind $0.02
*** HOLE CARDS ***
Dealt to Lorpugo [6h Qd]
MojaMamka: folds 
r_lucena77: folds 
gelopoly: folds 
Numendil: folds 
lprebsi69: calls $0.01
Lorpugo: checks 
*** FLOP *** [7h Qc 2h]
lprebsi69: bets $0.02
Lorpugo: raises $0.08 to $0.10
lprebsi69: calls $0.08
*** TURN *** [7h Qc 2h] [Jd]
lprebsi69: checks 
Lorpugo: bets $0.23
lprebsi69: folds 
Uncalled bet ($0.23) returned to Lorpugo
Lorpugo collected $0.23 from pot
Lorpugo: doesn't show hand 
*** SUMMARY ***
Total pot $0.24 | Rake $0.01 
Board [7h Qc 2h Jd]
Seat 1: MojaMamka folded before Flop (didn't bet)
Seat 2: r_lucena77 folded before Flop (didn't bet)
Seat 3: gelopoly folded before Flop (didn't bet)
Seat 4: Numendil (button) folded before Flop (didn't bet)
Seat 5: lprebsi69 (small blind) folded on the Turn
Seat 6: Lorpugo (big blind) collected ($0.23)



PokerStars Hand #239332688690:  Hold'em No Limit ($0.01/$0.02 USD) - 2022/10/19 18:14:18 ET
Table 'Alrischa' 6-max Seat #5 is the button
Seat 1: MojaMamka ($0.78 in chips) 
Seat 2: r_lucena77 ($2.11 in chips) 
Seat 3: gelopoly ($2.82 in chips) 
Seat 4: Numendil ($2 in chips) 
Seat 5: lprebsi69 ($0.85 in chips) 
Seat 6: Lorpugo ($3.89 in chips) 
Lorpugo: posts small blind $0.01
MojaMamka: posts big blind $0.02
*** HOLE CARDS ***
Dealt to Lorpugo [7s Js]
r_lucena77: folds 
gelopoly: folds 
Numendil: folds 
lprebsi69: calls $0.02
Lorpugo: raises $0.10 to $0.12
MojaMamka: folds 
lprebsi69: calls $0.10
*** FLOP *** [Qs 2d 9c]
Lorpugo: bets $0.08
lprebsi69: calls $0.08
*** TURN *** [Qs 2d 9c] [8d]
Lorpugo: bets $0.14
lprebsi69: calls $0.14
*** RIVER *** [Qs 2d 9c 8d] [5h]
Lorpugo: checks 
lprebsi69: checks 
*** SHOW DOWN ***
Lorpugo: shows [7s Js] (high card Queen)
lprebsi69: shows [Ah Ts] (high card Ace)
lprebsi69 collected $0.68 from pot
*** SUMMARY ***
Total pot $0.70 | Rake $0.02 
Board [Qs 2d 9c 8d 5h]
Seat 1: MojaMamka (big blind) folded before Flop
Seat 2: r_lucena77 folded before Flop (didn't bet)
Seat 3: gelopoly folded before Flop (didn't bet)
Seat 4: Numendil folded before Flop (didn't bet)
Seat 5: lprebsi69 (button) showed [Ah Ts] and won ($0.68) with high card Ace
Seat 6: Lorpugo (small blind) showed [7s Js] and lost with high card Queen



PokerStars Hand #239332702654:  Hold'em No Limit ($0.01/$0.02 USD) - 2022/10/19 18:15:03 ET
Table 'Alrischa' 6-max Seat #6 is the button
Seat 1: MojaMamka ($0.76 in chips) 
Seat 2: r_lucena77 ($2.11 in chips) 
Seat 3: gelopoly ($2.82 in chips) 
Seat 4: Numendil ($2 in chips) 
Seat 5: lprebsi69 ($1.19 in chips) 
Seat 6: Lorpugo ($3.55 in chips) 
MojaMamka: posts small blind $0.01
r_lucena77: posts big blind $0.02
*** HOLE CARDS ***
Dealt to Lorpugo [Ts 5h]
gelopoly: folds 
Numendil: folds 
lprebsi69: folds 
Lorpugo: folds 
MojaMamka: calls $0.01
r_lucena77: checks 
*** FLOP *** [4c Th Qd]
MojaMamka: bets $0.02
r_lucena77: calls $0.02
*** TURN *** [4c Th Qd] [9s]
MojaMamka: checks 
r_lucena77: checks 
*** RIVER *** [4c Th Qd 9s] [5d]
MojaMamka: checks 
r_lucena77: checks 
*** SHOW DOWN ***
MojaMamka: shows [Tc Ks] (a pair of Tens)
r_lucena77: mucks hand 
MojaMamka collected $0.08 from pot
*** SUMMARY ***
Total pot $0.08 | Rake $0 
Board [4c Th Qd 9s 5d]
Seat 1: MojaMamka (small blind) showed [Tc Ks] and won ($0.08) with a pair of Tens
Seat 2: r_lucena77 (big blind) mucked [4d 2d]
Seat 3: gelopoly folded before Flop (didn't bet)
Seat 4: Numendil folded before Flop (didn't bet)
Seat 5: lprebsi69 folded before Flop (didn't bet)
Seat 6: Lorpugo (button) folded before Flop (didn't bet)



PokerStars Hand #239332715740:  Hold'em No Limit ($0.01/$0.02 USD) - 2022/10/19 18:15:45 ET
Table 'Alrischa' 6-max Seat #1 is the button
Seat 1: MojaMamka ($0.80 in chips) 
Seat 2: r_lucena77 ($2.07 in chips) 
Seat 3: gelopoly ($2.82 in chips) 
Seat 4: Numendil ($2 in chips) 
Seat 5: lprebsi69 ($1.19 in chips) 
Seat 6: Lorpugo ($3.55 in chips) 
r_lucena77: posts small blind $0.01
gelopoly: posts big blind $0.02
*** HOLE CARDS ***
Dealt to Lorpugo [As 2d]
Numendil: folds 
lprebsi69: calls $0.02
Lorpugo: raises $0.10 to $0.12
MojaMamka: calls $0.12
r_lucena77: folds 
gelopoly: folds 
lprebsi69: folds 
*** FLOP *** [4h 9s 4d]
Lorpugo: bets $3.43 and is all-in
MojaMamka: folds 
Uncalled bet ($3.43) returned to Lorpugo
Lorpugo collected $0.28 from pot
Lorpugo: doesn't show hand 
*** SUMMARY ***
Total pot $0.29 | Rake $0.01 
Board [4h 9s 4d]
Seat 1: MojaMamka (button) folded on the Flop
Seat 2: r_lucena77 (small blind) folded before Flop
Seat 3: gelopoly (big blind) folded before Flop
Seat 4: Numendil folded before Flop (didn't bet)
Seat 5: lprebsi69 folded before Flop
Seat 6: Lorpugo collected ($0.28)



PokerStars Hand #239332725450:  Hold'em No Limit ($0.01/$0.02 USD) - 2022/10/19 18:16:16 ET
Table 'Alrischa' 6-max Seat #2 is the button
Seat 1: MojaMamka ($0.68 in chips) 
Seat 2: r_lucena77 ($2.06 in chips) 
Seat 3: gelopoly ($2.80 in chips) 
Seat 4: Numendil ($2 in chips) 
Seat 5: lprebsi69 ($1.17 in chips) 
Seat 6: Lorpugo ($3.71 in chips) 
gelopoly: posts small blind $0.01
Numendil: posts big blind $0.02
*** HOLE CARDS ***
Dealt to Lorpugo [9d 7s]
lprebsi69: calls $0.02
Lorpugo: folds 
MojaMamka: calls $0.02
r_lucena77: folds 
gelopoly: folds 
Numendil: checks 
*** FLOP *** [Qc 9h 2c]
Numendil: checks 
lprebsi69: checks 
MojaMamka: checks 
*** TURN *** [Qc 9h 2c] [6c]
Numendil: checks 
lprebsi69: bets $0.02
MojaMamka: calls $0.02
Numendil: folds 
*** RIVER *** [Qc 9h 2c 6c] [Js]
lprebsi69: bets $0.02
MojaMamka: raises $0.04 to $0.06
lprebsi69: raises $0.04 to $0.10
MojaMamka: calls $0.04
*** SHOW DOWN ***
lprebsi69: shows [Tc Ks] (a straight, Nine to King)
MojaMamka: shows [Kc Ts] (a straight, Nine to King)
lprebsi69 collected $0.15 from pot
MojaMamka collected $0.15 from pot
*** SUMMARY ***
Total pot $0.31 | Rake $0.01 
Board [Qc 9h 2c 6c Js]
Seat 1: MojaMamka showed [Kc Ts] and won ($0.15) with a straight, Nine to King
Seat 2: r_lucena77 (button) folded before Flop (didn't bet)
Seat 3: gelopoly (small blind) folded before Flop
Seat 4: Numendil (big blind) folded on the Turn
Seat 5: lprebsi69 showed [Tc Ks] and won ($0.15) with a straight, Nine to King
Seat 6: Lorpugo folded before Flop (didn't bet)



PokerStars Hand #239332743481:  Hold'em No Limit ($0.01/$0.02 USD) - 2022/10/19 18:17:14 ET
Table 'Alrischa' 6-max Seat #3 is the button
Seat 1: MojaMamka ($0.69 in chips) 
Seat 2: r_lucena77 ($2.06 in chips) 
Seat 3: gelopoly ($2.79 in chips) 
Seat 4: Numendil ($2 in chips) 
Seat 5: lprebsi69 ($1.18 in chips) 
Seat 6: Lorpugo ($3.71 in chips) 
Numendil: posts small blind $0.01
lprebsi69: posts big blind $0.02
*** HOLE CARDS ***
Dealt to Lorpugo [6s 9d]
Lorpugo: folds 
MojaMamka: folds 
r_lucena77: raises $0.03 to $0.05
gelopoly: raises $0.05 to $0.10
Numendil: folds 
lprebsi69: folds 
r_lucena77: folds 
Uncalled bet ($0.05) returned to gelopoly
gelopoly collected $0.13 from pot
*** SUMMARY ***
Total pot $0.13 | Rake $0 
Seat 1: MojaMamka folded before Flop (didn't bet)
Seat 2: r_lucena77 folded before Flop
Seat 3: gelopoly (button) collected ($0.13)
Seat 4: Numendil (small blind) folded before Flop
Seat 5: lprebsi69 (big blind) folded before Flop
Seat 6: Lorpugo folded before Flop (didn't bet)



PokerStars Hand #239332750059:  Hold'em No Limit ($0.01/$0.02 USD) - 2022/10/19 18:17:35 ET
Table 'Alrischa' 6-max Seat #4 is the button
Seat 1: MojaMamka ($0.69 in chips) 
Seat 2: r_lucena77 ($2.01 in chips) 
Seat 3: gelopoly ($2.87 in chips) 
Seat 4: Numendil ($2 in chips) 
Seat 5: lprebsi69 ($1.16 in chips) 
Seat 6: Lorpugo ($3.71 in chips) 
lprebsi69: posts small blind $0.01
Lorpugo: posts big blind $0.02
*** HOLE CARDS ***
Dealt to Lorpugo [Jc 6c]
MojaMamka: raises $0.05 to $0.07
r_lucena77: folds 
gelopoly: calls $0.07
Numendil: folds 
lprebsi69: folds 
Lorpugo: calls $0.05
*** FLOP *** [Qh Kd 9d]
Lorpugo: checks 
MojaMamka: bets $0.10
r_lucena77 leaves the table
gelopoly: calls $0.10
Lorpugo: folds 
*** TURN *** [Qh Kd 9d] [Ad]
MojaMamka: checks 
gelopoly: bets $0.20
MojaMamka: folds 
Uncalled bet ($0.20) returned to gelopoly
gelopoly collected $0.41 from pot
*** SUMMARY ***
Total pot $0.42 | Rake $0.01 
Board [Qh Kd 9d Ad]
Seat 1: MojaMamka folded on the Turn
Seat 2: r_lucena77 folded before Flop (didn't bet)
Seat 3: gelopoly collected ($0.41)
Seat 4: Numendil (button) folded before Flop (didn't bet)
Seat 5: lprebsi69 (small blind) folded before Flop
Seat 6: Lorpugo (big blind) folded on the Flop



PokerStars Hand #239332771434:  Hold'em No Limit ($0.01/$0.02 USD) - 2022/10/19 18:18:44 ET
Table 'Alrischa' 6-max Seat #5 is the button
Seat 1: MojaMamka ($0.52 in chips) 
Seat 3: gelopoly ($3.11 in chips) 
Seat 4: Numendil ($2 in chips) 
Seat 5: lprebsi69 ($1.15 in chips) 
Seat 6: Lorpugo ($3.64 in chips) 
Lorpugo: posts small blind $0.01
MojaMamka: posts big blind $0.02
*** HOLE CARDS ***
Dealt to Lorpugo [7c Th]
Lemonstr777 joins the table at seat #2 
gelopoly: folds 
Numendil: folds 
lprebsi69: folds 
Lorpugo: raises $0.04 to $0.06
MojaMamka: calls $0.04
*** FLOP *** [5h 5c 9h]
Lorpugo: bets $0.04
MojaMamka: calls $0.04
*** TURN *** [5h 5c 9h] [9c]
Lorpugo: checks 
MojaMamka: checks 
*** RIVER *** [5h 5c 9h 9c] [Ah]
Lorpugo: bets $0.26
MojaMamka: folds 
Uncalled bet ($0.26) returned to Lorpugo
Lorpugo collected $0.19 from pot
Lorpugo: doesn't show hand 
*** SUMMARY ***
Total pot $0.20 | Rake $0.01 
Board [5h 5c 9h 9c Ah]
Seat 1: MojaMamka (big blind) folded on the River
Seat 3: gelopoly folded before Flop (didn't bet)
Seat 4: Numendil folded before Flop (didn't bet)
Seat 5: lprebsi69 (button) folded before Flop (didn't bet)
Seat 6: Lorpugo (small blind) collected ($0.19)



PokerStars Hand #239332788271:  Hold'em No Limit ($0.01/$0.02 USD) - 2022/10/19 18:19:39 ET
Table 'Alrischa' 6-max Seat #6 is the button
Seat 1: MojaMamka ($0.42 in chips) 
Seat 2: Lemonstr777 ($2 in chips) 
Seat 3: gelopoly ($3.11 in chips) 
Seat 4: Numendil ($2 in chips) 
Seat 5: lprebsi69 ($1.15 in chips) 
Seat 6: Lorpugo ($3.73 in chips) 
MojaMamka: posts small blind $0.01
Lemonstr777: posts big blind $0.02
*** HOLE CARDS ***
Dealt to Lorpugo [2c Tc]
gelopoly: folds 
Numendil: raises $0.02 to $0.04
lprebsi69: folds 
Lorpugo: folds 
MojaMamka: folds 
Lemonstr777: calls $0.02
*** FLOP *** [6c 3s 5c]
Lemonstr777: checks 
Numendil: checks 
*** TURN *** [6c 3s 5c] [2d]
Lemonstr777: bets $0.04
Numendil: folds 
Uncalled bet ($0.04) returned to Lemonstr777
Lemonstr777 collected $0.09 from pot
*** SUMMARY ***
Total pot $0.09 | Rake $0 
Board [6c 3s 5c 2d]
Seat 1: MojaMamka (small blind) folded before Flop
Seat 2: Lemonstr777 (big blind) collected ($0.09)
Seat 3: gelopoly folded before Flop (didn't bet)
Seat 4: Numendil folded on the Turn
Seat 5: lprebsi69 folded before Flop (didn't bet)
Seat 6: Lorpugo (button) folded before Flop (didn't bet)



PokerStars Hand #239332809259:  Hold'em No Limit ($0.01/$0.02 USD) - 2022/10/19 18:20:46 ET
Table 'Alrischa' 6-max Seat #1 is the button
Seat 1: MojaMamka ($0.41 in chips) 
Seat 2: Lemonstr777 ($2.05 in chips) 
Seat 3: gelopoly ($3.11 in chips) 
Seat 4: Numendil ($2 in chips) 
Seat 5: lprebsi69 ($1.15 in chips) 
Seat 6: Lorpugo ($3.73 in chips) 
Lemonstr777: posts small blind $0.01
gelopoly: posts big blind $0.02
*** HOLE CARDS ***
Dealt to Lorpugo [4c 6s]
Numendil: folds 
lprebsi69: folds 
Lorpugo: folds 
MojaMamka: folds 
Lemonstr777: raises $0.04 to $0.06
gelopoly: folds 
Uncalled bet ($0.04) returned to Lemonstr777
Lemonstr777 collected $0.04 from pot
*** SUMMARY ***
Total pot $0.04 | Rake $0 
Seat 1: MojaMamka (button) folded before Flop (didn't bet)
Seat 2: Lemonstr777 (small blind) collected ($0.04)
Seat 3: gelopoly (big blind) folded before Flop
Seat 4: Numendil folded before Flop (didn't bet)
Seat 5: lprebsi69 folded before Flop (didn't bet)
Seat 6: Lorpugo folded before Flop (didn't bet)



PokerStars Hand #239332817929:  Hold'em No Limit ($0.01/$0.02 USD) - 2022/10/19 18:21:14 ET
Table 'Alrischa' 6-max Seat #2 is the button
Seat 1: MojaMamka ($0.41 in chips) 
Seat 2: Lemonstr777 ($2.07 in chips) 
Seat 3: gelopoly ($3.09 in chips) 
Seat 4: Numendil ($2 in chips) 
Seat 5: lprebsi69 ($1.15 in chips) 
Seat 6: Lorpugo ($3.73 in chips) 
gelopoly: posts small blind $0.01
Numendil: posts big blind $0.02
*** HOLE CARDS ***
Dealt to Lorpugo [9h 3c]
lprebsi69: calls $0.02
Lorpugo: folds 
MojaMamka: folds 
Lemonstr777: folds 
gelopoly: folds 
Numendil: checks 
*** FLOP *** [3s Kc Ts]
Numendil: checks 
lprebsi69: checks 
*** TURN *** [3s Kc Ts] [Qc]
Numendil: checks 
lprebsi69: bets $0.02
Numendil: calls $0.02
*** RIVER *** [3s Kc Ts Qc] [4c]
Numendil: checks 
lprebsi69: bets $0.02
Numendil: calls $0.02
*** SHOW DOWN ***
lprebsi69: shows [Jd 9d] (a straight, Nine to King)
Numendil: mucks hand 
lprebsi69 collected $0.13 from pot
*** SUMMARY ***
Total pot $0.13 | Rake $0 
Board [3s Kc Ts Qc 4c]
Seat 1: MojaMamka folded before Flop (didn't bet)
Seat 2: Lemonstr777 (button) folded before Flop (didn't bet)
Seat 3: gelopoly (small blind) folded before Flop
Seat 4: Numendil (big blind) mucked [3h Qs]
Seat 5: lprebsi69 showed [Jd 9d] and won ($0.13) with a straight, Nine to King
Seat 6: Lorpugo folded before Flop (didn't bet)



PokerStars Hand #239332833267:  Hold'em No Limit ($0.01/$0.02 USD) - 2022/10/19 18:22:04 ET
Table 'Alrischa' 6-max Seat #3 is the button
Seat 1: MojaMamka ($0.41 in chips) 
Seat 2: Lemonstr777 ($2.07 in chips) 
Seat 3: gelopoly ($3.08 in chips) 
Seat 4: Numendil ($2 in chips) 
Seat 5: lprebsi69 ($1.22 in chips) 
Seat 6: Lorpugo ($3.73 in chips) 
Numendil: posts small blind $0.01
lprebsi69: posts big blind $0.02
*** HOLE CARDS ***
Dealt to Lorpugo [4d As]
Lorpugo: folds 
MojaMamka: folds 
Lemonstr777: folds 
gelopoly: folds 
Numendil: raises $0.04 to $0.06
lprebsi69: folds 
Uncalled bet ($0.04) returned to Numendil
Numendil collected $0.04 from pot
Numendil: doesn't show hand 
*** SUMMARY ***
Total pot $0.04 | Rake $0 
Seat 1: MojaMamka folded before Flop (didn't bet)
Seat 2: Lemonstr777 folded before Flop (didn't bet)
Seat 3: gelopoly (button) folded before Flop (didn't bet)
Seat 4: Numendil (small blind) collected ($0.04)
Seat 5: lprebsi69 (big blind) folded before Flop
Seat 6: Lorpugo folded before Flop (didn't bet)



PokerStars Hand #239332840089:  Hold'em No Limit ($0.01/$0.02 USD) - 2022/10/19 18:22:26 ET
Table 'Alrischa' 6-max Seat #4 is the button
Seat 1: MojaMamka ($0.41 in chips) 
Seat 2: Lemonstr777 ($2.07 in chips) 
Seat 3: gelopoly ($3.08 in chips) 
Seat 4: Numendil ($2.02 in chips) 
Seat 5: lprebsi69 ($1.20 in chips) 
Seat 6: Lorpugo ($3.73 in chips) 
lprebsi69: posts small blind $0.01
Lorpugo: posts big blind $0.02
*** HOLE CARDS ***
Dealt to Lorpugo [9h 4d]
MojaMamka: folds 
Lemonstr777: folds 
gelopoly: folds 
Numendil: folds 
lprebsi69: calls $0.01
Lorpugo: checks 
*** FLOP *** [2c Ts 8s]
lprebsi69: checks 
Lorpugo: checks 
*** TURN *** [2c Ts 8s] [3d]
lprebsi69: bets $0.02
Lorpugo: folds 
Uncalled bet ($0.02) returned to lprebsi69
lprebsi69 collected $0.04 from pot
*** SUMMARY ***
Total pot $0.04 | Rake $0 
Board [2c Ts 8s 3d]
Seat 1: MojaMamka folded before Flop (didn't bet)
Seat 2: Lemonstr777 folded before Flop (didn't bet)
Seat 3: gelopoly folded before Flop (didn't bet)
Seat 4: Numendil (button) folded before Flop (didn't bet)
Seat 5: lprebsi69 (small blind) collected ($0.04)
Seat 6: Lorpugo (big blind) folded on the Turn



PokerStars Hand #239332849069:  Hold'em No Limit ($0.01/$0.02 USD) - 2022/10/19 18:22:55 ET
Table 'Alrischa' 6-max Seat #5 is the button
Seat 1: MojaMamka ($0.41 in chips) 
Seat 2: Lemonstr777 ($2.07 in chips) 
Seat 3: gelopoly ($3.08 in chips) 
Seat 4: Numendil ($2.02 in chips) 
Seat 5: lprebsi69 ($1.22 in chips) 
Seat 6: Lorpugo ($3.71 in chips) 
Lorpugo: posts small blind $0.01
MojaMamka: posts big blind $0.02
*** HOLE CARDS ***
Dealt to Lorpugo [6h 2s]
Lemonstr777: raises $0.04 to $0.06
gelopoly: folds 
Numendil: folds 
lprebsi69: folds 
Lorpugo: folds 
MojaMamka: folds 
Uncalled bet ($0.04) returned to Lemonstr777
Lemonstr777 collected $0.05 from pot
*** SUMMARY ***
Total pot $0.05 | Rake $0 
Seat 1: MojaMamka (big blind) folded before Flop
Seat 2: Lemonstr777 collected ($0.05)
Seat 3: gelopoly folded before Flop (didn't bet)
Seat 4: Numendil folded before Flop (didn't bet)
Seat 5: lprebsi69 (button) folded before Flop (didn't bet)
Seat 6: Lorpugo (small blind) folded before Flop



PokerStars Hand #239332853231:  Hold'em No Limit ($0.01/$0.02 USD) - 2022/10/19 18:23:08 ET
Table 'Alrischa' 6-max Seat #6 is the button
Seat 1: MojaMamka ($0.39 in chips) 
Seat 2: Lemonstr777 ($2.10 in chips) 
Seat 3: gelopoly ($3.08 in chips) 
Seat 4: Numendil ($2.02 in chips) 
Seat 5: lprebsi69 ($1.22 in chips) 
Seat 6: Lorpugo ($3.70 in chips) 
MojaMamka: posts small blind $0.01
Lemonstr777: posts big blind $0.02
*** HOLE CARDS ***
Dealt to Lorpugo [6d Js]
gelopoly: folds 
Numendil: folds 
lprebsi69: folds 
Lorpugo: raises $0.04 to $0.06
MojaMamka: calls $0.05
Lemonstr777: folds 
*** FLOP *** [Th Qs 4c]
MojaMamka: bets $0.07
Lorpugo: folds 
Uncalled bet ($0.07) returned to MojaMamka
MojaMamka collected $0.14 from pot
MojaMamka: doesn't show hand 
*** SUMMARY ***
Total pot $0.14 | Rake $0 
Board [Th Qs 4c]
Seat 1: MojaMamka (small blind) collected ($0.14)
Seat 2: Lemonstr777 (big blind) folded before Flop
Seat 3: gelopoly folded before Flop (didn't bet)
Seat 4: Numendil folded before Flop (didn't bet)
Seat 5: lprebsi69 folded before Flop (didn't bet)
Seat 6: Lorpugo (button) folded on the Flop



PokerStars Hand #239332870077:  Hold'em No Limit ($0.01/$0.02 USD) - 2022/10/19 18:24:03 ET
Table 'Alrischa' 6-max Seat #1 is the button
Seat 1: MojaMamka ($0.47 in chips) 
Seat 2: Lemonstr777 ($2.08 in chips) 
Seat 3: gelopoly ($3.08 in chips) 
Seat 4: Numendil ($2.02 in chips) 
Seat 5: lprebsi69 ($1.22 in chips) 
Seat 6: Lorpugo ($3.64 in chips) 
Lemonstr777: posts small blind $0.01
gelopoly: posts big blind $0.02
*** HOLE CARDS ***
Dealt to Lorpugo [2c 7d]
Numendil: raises $0.02 to $0.04
lprebsi69: folds 
Lorpugo: folds 
MojaMamka: folds 
Lemonstr777: calls $0.03
gelopoly: folds 
*** FLOP *** [Qh 8c As]
Lemonstr777: checks 
Numendil: bets $0.03
Lemonstr777: folds 
Uncalled bet ($0.03) returned to Numendil
Numendil collected $0.10 from pot
Numendil: doesn't show hand 
*** SUMMARY ***
Total pot $0.10 | Rake $0 
Board [Qh 8c As]
Seat 1: MojaMamka (button) folded before Flop (didn't bet)
Seat 2: Lemonstr777 (small blind) folded on the Flop
Seat 3: gelopoly (big blind) folded before Flop
Seat 4: Numendil collected ($0.10)
Seat 5: lprebsi69 folded before Flop (didn't bet)
Seat 6: Lorpugo folded before Flop (didn't bet)



PokerStars Hand #239332881495:  Hold'em No Limit ($0.01/$0.02 USD) - 2022/10/19 18:24:40 ET
Table 'Alrischa' 6-max Seat #2 is the button
Seat 1: MojaMamka ($0.47 in chips) 
Seat 2: Lemonstr777 ($2.04 in chips) 
Seat 3: gelopoly ($3.06 in chips) 
Seat 4: Numendil ($2.08 in chips) 
Seat 5: lprebsi69 ($1.22 in chips) 
Seat 6: Lorpugo ($3.64 in chips) 
gelopoly: posts small blind $0.01
Numendil: posts big blind $0.02
*** HOLE CARDS ***
Dealt to Lorpugo [7d 2c]
lprebsi69: folds 
Lorpugo: folds 
MojaMamka: folds 
Lemonstr777: folds 
gelopoly: folds 
Uncalled bet ($0.01) returned to Numendil
Numendil collected $0.02 from pot
Numendil: doesn't show hand 
*** SUMMARY ***
Total pot $0.02 | Rake $0 
Seat 1: MojaMamka folded before Flop (didn't bet)
Seat 2: Lemonstr777 (button) folded before Flop (didn't bet)
Seat 3: gelopoly (small blind) folded before Flop
Seat 4: Numendil (big blind) collected ($0.02)
Seat 5: lprebsi69 folded before Flop (didn't bet)
Seat 6: Lorpugo folded before Flop (didn't bet)



PokerStars Hand #239332887840:  Hold'em No Limit ($0.01/$0.02 USD) - 2022/10/19 18:25:02 ET
Table 'Alrischa' 6-max Seat #3 is the button
Seat 1: MojaMamka ($0.47 in chips) 
Seat 2: Lemonstr777 ($2.04 in chips) 
Seat 3: gelopoly ($3.05 in chips) 
Seat 4: Numendil ($2.09 in chips) 
Seat 5: lprebsi69 ($1.22 in chips) 
Seat 6: Lorpugo ($3.64 in chips) 
Numendil: posts small blind $0.01
lprebsi69: posts big blind $0.02
*** HOLE CARDS ***
Dealt to Lorpugo [6d 2s]
Lorpugo: folds 
MojaMamka: raises $0.04 to $0.06
Lemonstr777: folds 
gelopoly: folds 
Numendil: raises $0.18 to $0.24
lprebsi69: folds 
MojaMamka: calls $0.18
*** FLOP *** [7c 2c 8d]
Numendil: bets $0.24
MojaMamka: calls $0.23 and is all-in
Uncalled bet ($0.01) returned to Numendil
*** TURN *** [7c 2c 8d] [Kc]
*** RIVER *** [7c 2c 8d Kc] [5c]
*** SHOW DOWN ***
Numendil: shows [Th Tc] (a flush, King high)
MojaMamka: shows [Ah 6h] (high card Ace)
Numendil collected $0.92 from pot
*** SUMMARY ***
Total pot $0.96 | Rake $0.04 
Board [7c 2c 8d Kc 5c]
Seat 1: MojaMamka showed [Ah 6h] and lost with high card Ace
Seat 2: Lemonstr777 folded before Flop (didn't bet)
Seat 3: gelopoly (button) folded before Flop (didn't bet)
Seat 4: Numendil (small blind) showed [Th Tc] and won ($0.92) with a flush, King high
Seat 5: lprebsi69 (big blind) folded before Flop
Seat 6: Lorpugo folded before Flop (didn't bet)



PokerStars Hand #239332899343:  Hold'em No Limit ($0.01/$0.02 USD) - 2022/10/19 18:25:39 ET
Table 'Alrischa' 6-max Seat #4 is the button
Seat 2: Lemonstr777 ($2.04 in chips) 
Seat 3: gelopoly ($3.05 in chips) 
Seat 4: Numendil ($2.54 in chips) 
Seat 5: lprebsi69 ($1.20 in chips) 
Seat 6: Lorpugo ($3.64 in chips) 
lprebsi69: posts small blind $0.01
Lorpugo: posts big blind $0.02
*** HOLE CARDS ***
Dealt to Lorpugo [8h As]
Lemonstr777: folds 
gelopoly: folds 
MojaMamka leaves the table
Numendil: folds 
Sarcasticsam joins the table at seat #1 
lprebsi69: folds 
Uncalled bet ($0.01) returned to Lorpugo
Lorpugo collected $0.02 from pot
Lorpugo: doesn't show hand 
*** SUMMARY ***
Total pot $0.02 | Rake $0 
Seat 2: Lemonstr777 folded before Flop (didn't bet)
Seat 3: gelopoly folded before Flop (didn't bet)
Seat 4: Numendil (button) folded before Flop (didn't bet)
Seat 5: lprebsi69 (small blind) folded before Flop
Seat 6: Lorpugo (big blind) collected ($0.02)



PokerStars Hand #239332903063:  Hold'em No Limit ($0.01/$0.02 USD) - 2022/10/19 18:25:52 ET
Table 'Alrischa' 6-max Seat #5 is the button
Seat 1: Sarcasticsam ($1.50 in chips) 
Seat 2: Lemonstr777 ($2.04 in chips) 
Seat 3: gelopoly ($3.05 in chips) 
Seat 4: Numendil ($2.54 in chips) 
Seat 5: lprebsi69 ($1.19 in chips) 
Seat 6: Lorpugo ($3.65 in chips) 
Lorpugo: posts small blind $0.01
Sarcasticsam: posts big blind $0.02
*** HOLE CARDS ***
Dealt to Lorpugo [3h Qc]
Lemonstr777: raises $0.04 to $0.06
gelopoly: folds 
Numendil: folds 
lprebsi69: folds 
Lorpugo: folds 
Sarcasticsam: calls $0.04
*** FLOP *** [2s 6c Jc]
Sarcasticsam: checks 
Lemonstr777: bets $0.06
Sarcasticsam: folds 
Uncalled bet ($0.06) returned to Lemonstr777
Lemonstr777 collected $0.13 from pot
*** SUMMARY ***
Total pot $0.13 | Rake $0 
Board [2s 6c Jc]
Seat 1: Sarcasticsam (big blind) folded on the Flop
Seat 2: Lemonstr777 collected ($0.13)
Seat 3: gelopoly folded before Flop (didn't bet)
Seat 4: Numendil folded before Flop (didn't bet)
Seat 5: lprebsi69 (button) folded before Flop (didn't bet)
Seat 6: Lorpugo (small blind) folded before Flop



PokerStars Hand #239332910183:  Hold'em No Limit ($0.01/$0.02 USD) - 2022/10/19 18:26:15 ET
Table 'Alrischa' 6-max Seat #6 is the button
Seat 1: Sarcasticsam ($1.44 in chips) 
Seat 2: Lemonstr777 ($2.11 in chips) 
Seat 3: gelopoly ($3.05 in chips) 
Seat 4: Numendil ($2.54 in chips) 
Seat 5: lprebsi69 ($1.19 in chips) 
Seat 6: Lorpugo ($3.64 in chips) 
Sarcasticsam: posts small blind $0.01
Lemonstr777: posts big blind $0.02
*** HOLE CARDS ***
Dealt to Lorpugo [Ah Qc]
gelopoly: folds 
Numendil: folds 
lprebsi69: folds 
Lorpugo: raises $0.04 to $0.06
Sarcasticsam: folds 
Lemonstr777: folds 
Uncalled bet ($0.04) returned to Lorpugo
Lorpugo collected $0.05 from pot
Lorpugo: doesn't show hand 
*** SUMMARY ***
Total pot $0.05 | Rake $0 
Seat 1: Sarcasticsam (small blind) folded before Flop
Seat 2: Lemonstr777 (big blind) folded before Flop
Seat 3: gelopoly folded before Flop (didn't bet)
Seat 4: Numendil folded before Flop (didn't bet)
Seat 5: lprebsi69 folded before Flop (didn't bet)
Seat 6: Lorpugo (button) collected ($0.05)



PokerStars Hand #239332916073:  Hold'em No Limit ($0.01/$0.02 USD) - 2022/10/19 18:26:35 ET
Table 'Alrischa' 6-max Seat #1 is the button
Seat 1: Sarcasticsam ($1.43 in chips) 
Seat 2: Lemonstr777 ($2.09 in chips) 
Seat 3: gelopoly ($3.05 in chips) 
Seat 4: Numendil ($2.54 in chips) 
Seat 5: lprebsi69 ($1.19 in chips) 
Seat 6: Lorpugo ($3.67 in chips) 
Lemonstr777: posts small blind $0.01
gelopoly: posts big blind $0.02
*** HOLE CARDS ***
Dealt to Lorpugo [5s 7c]
Numendil: folds 
lprebsi69: folds 
Lorpugo: folds 
Sarcasticsam: folds 
Lemonstr777: folds 
Uncalled bet ($0.01) returned to gelopoly
gelopoly collected $0.02 from pot
*** SUMMARY ***
Total pot $0.02 | Rake $0 
Seat 1: Sarcasticsam (button) folded before Flop (didn't bet)
Seat 2: Lemonstr777 (small blind) folded before Flop
Seat 3: gelopoly (big blind) collected ($0.02)
Seat 4: Numendil folded before Flop (didn't bet)
Seat 5: lprebsi69 folded before Flop (didn't bet)
Seat 6: Lorpugo folded before Flop (didn't bet)



PokerStars Hand #239332923275:  Hold'em No Limit ($0.01/$0.02 USD) - 2022/10/19 18:26:59 ET
Table 'Alrischa' 6-max Seat #2 is the button
Seat 1: Sarcasticsam ($1.43 in chips) 
Seat 2: Lemonstr777 ($2.08 in chips) 
Seat 3: gelopoly ($3.06 in chips) 
Seat 4: Numendil ($2.54 in chips) 
Seat 5: lprebsi69 ($1.19 in chips) 
Seat 6: Lorpugo ($3.67 in chips) 
gelopoly: posts small blind $0.01
Numendil: posts big blind $0.02
*** HOLE CARDS ***
Dealt to Lorpugo [2d Tc]
lprebsi69: calls $0.02
Lorpugo: folds 
Sarcasticsam: folds 
Lemonstr777: folds 
gelopoly: folds 
Numendil: checks 
*** FLOP *** [7s 4h Kc]
Numendil: checks 
lprebsi69: checks 
*** TURN *** [7s 4h Kc] [8c]
Numendil: bets $0.03
lprebsi69: calls $0.03
*** RIVER *** [7s 4h Kc 8c] [Ks]
Numendil: bets $0.07
lprebsi69: folds 
Uncalled bet ($0.07) returned to Numendil
Numendil collected $0.11 from pot
Numendil: doesn't show hand 
*** SUMMARY ***
Total pot $0.11 | Rake $0 
Board [7s 4h Kc 8c Ks]
Seat 1: Sarcasticsam folded before Flop (didn't bet)
Seat 2: Lemonstr777 (button) folded before Flop (didn't bet)
Seat 3: gelopoly (small blind) folded before Flop
Seat 4: Numendil (big blind) collected ($0.11)
Seat 5: lprebsi69 folded on the River
Seat 6: Lorpugo folded before Flop (didn't bet)



PokerStars Hand #239332942645:  Hold'em No Limit ($0.01/$0.02 USD) - 2022/10/19 18:28:03 ET
Table 'Alrischa' 6-max Seat #3 is the button
Seat 1: Sarcasticsam ($1.43 in chips) 
Seat 2: Lemonstr777 ($2.08 in chips) 
Seat 3: gelopoly ($3.05 in chips) 
Seat 4: Numendil ($2.60 in chips) 
Seat 5: lprebsi69 ($1.14 in chips) 
Seat 6: Lorpugo ($3.67 in chips) 
Numendil: posts small blind $0.01
lprebsi69: posts big blind $0.02
*** HOLE CARDS ***
Dealt to Lorpugo [2c Qd]
Lorpugo: folds 
Sarcasticsam: calls $0.02
Lemonstr777: folds 
gelopoly: folds 
Numendil: folds 
lprebsi69: checks 
*** FLOP *** [5s 5c 8h]
lprebsi69: bets $0.02
Sarcasticsam: calls $0.02
*** TURN *** [5s 5c 8h] [Ks]
lprebsi69: checks 
Sarcasticsam: checks 
*** RIVER *** [5s 5c 8h Ks] [Qc]
lprebsi69: bets $0.02
Sarcasticsam: calls $0.02
*** SHOW DOWN ***
lprebsi69: shows [6s 6h] (two pair, Sixes and Fives)
Sarcasticsam: mucks hand 
lprebsi69 collected $0.13 from pot
*** SUMMARY ***
Total pot $0.13 | Rake $0 
Board [5s 5c 8h Ks Qc]
Seat 1: Sarcasticsam mucked [4c Ad]
Seat 2: Lemonstr777 folded before Flop (didn't bet)
Seat 3: gelopoly (button) folded before Flop (didn't bet)
Seat 4: Numendil (small blind) folded before Flop
Seat 5: lprebsi69 (big blind) showed [6s 6h] and won ($0.13) with two pair, Sixes and Fives
Seat 6: Lorpugo folded before Flop (didn't bet)



PokerStars Hand #239332961002:  Hold'em No Limit ($0.01/$0.02 USD) - 2022/10/19 18:29:04 ET
Table 'Alrischa' 6-max Seat #4 is the button
Seat 1: Sarcasticsam ($1.37 in chips) 
Seat 2: Lemonstr777 ($2.08 in chips) 
Seat 3: gelopoly ($3.05 in chips) 
Seat 4: Numendil ($2.59 in chips) 
Seat 5: lprebsi69 ($1.21 in chips) 
Seat 6: Lorpugo ($3.67 in chips) 
lprebsi69: posts small blind $0.01
Lorpugo: posts big blind $0.02
*** HOLE CARDS ***
Dealt to Lorpugo [Tc Jh]
Sarcasticsam: raises $0.04 to $0.06
Lemonstr777: folds 
gelopoly: folds 
Numendil: folds 
lprebsi69: folds 
Lorpugo: calls $0.04
*** FLOP *** [Ks 4d 3d]
Lorpugo: checks 
Sarcasticsam: bets $0.06
Lorpugo: folds 
Uncalled bet ($0.06) returned to Sarcasticsam
Sarcasticsam collected $0.13 from pot
*** SUMMARY ***
Total pot $0.13 | Rake $0 
Board [Ks 4d 3d]
Seat 1: Sarcasticsam collected ($0.13)
Seat 2: Lemonstr777 folded before Flop (didn't bet)
Seat 3: gelopoly folded before Flop (didn't bet)
Seat 4: Numendil (button) folded before Flop (didn't bet)
Seat 5: lprebsi69 (small blind) folded before Flop
Seat 6: Lorpugo (big blind) folded on the Flop



PokerStars Hand #239332970872:  Hold'em No Limit ($0.01/$0.02 USD) - 2022/10/19 18:29:37 ET
Table 'Alrischa' 6-max Seat #5 is the button
Seat 1: Sarcasticsam ($1.44 in chips) 
Seat 2: Lemonstr777 ($2.08 in chips) 
Seat 3: gelopoly ($3.05 in chips) 
Seat 4: Numendil ($2.59 in chips) 
Seat 5: lprebsi69 ($1.20 in chips) 
Seat 6: Lorpugo ($3.61 in chips) 
Lorpugo: posts small blind $0.01
Sarcasticsam: posts big blind $0.02
*** HOLE CARDS ***
Dealt to Lorpugo [Jc 3s]
Lemonstr777: folds 
gelopoly: folds 
Numendil: raises $0.03 to $0.05
lprebsi69: folds 
Lorpugo: folds 
Sarcasticsam: folds 
Uncalled bet ($0.03) returned to Numendil
Numendil collected $0.05 from pot
Numendil: doesn't show hand 
*** SUMMARY ***
Total pot $0.05 | Rake $0 
Seat 1: Sarcasticsam (big blind) folded before Flop
Seat 2: Lemonstr777 folded before Flop (didn't bet)
Seat 3: gelopoly folded before Flop (didn't bet)
Seat 4: Numendil collected ($0.05)
Seat 5: lprebsi69 (button) folded before Flop (didn't bet)
Seat 6: Lorpugo (small blind) folded before Flop



PokerStars Hand #239332982987:  Hold'em No Limit ($0.01/$0.02 USD) - 2022/10/19 18:30:18 ET
Table 'Alrischa' 6-max Seat #6 is the button
Seat 1: Sarcasticsam ($1.42 in chips) 
Seat 2: Lemonstr777 ($2.08 in chips) 
Seat 3: gelopoly ($3.05 in chips) 
Seat 4: Numendil ($2.62 in chips) 
Seat 5: lprebsi69 ($1.20 in chips) 
Seat 6: Lorpugo ($3.60 in chips) 
Sarcasticsam: posts small blind $0.01
Lemonstr777: posts big blind $0.02
*** HOLE CARDS ***
Dealt to Lorpugo [As Kh]
gelopoly: folds 
Numendil: folds 
lprebsi69: calls $0.02
Lorpugo: raises $0.10 to $0.12
Sarcasticsam: folds 
Lemonstr777: folds 
lprebsi69: folds 
Uncalled bet ($0.10) returned to Lorpugo
Lorpugo collected $0.07 from pot
Lorpugo: doesn't show hand 
*** SUMMARY ***
Total pot $0.07 | Rake $0 
Seat 1: Sarcasticsam (small blind) folded before Flop
Seat 2: Lemonstr777 (big blind) folded before Flop
Seat 3: gelopoly folded before Flop (didn't bet)
Seat 4: Numendil folded before Flop (didn't bet)
Seat 5: lprebsi69 folded before Flop
Seat 6: Lorpugo (button) collected ($0.07)



PokerStars Hand #239332994576:  Hold'em No Limit ($0.01/$0.02 USD) - 2022/10/19 18:30:56 ET
Table 'Alrischa' 6-max Seat #1 is the button
Seat 1: Sarcasticsam ($1.41 in chips) 
Seat 2: Lemonstr777 ($2.06 in chips) 
Seat 3: gelopoly ($3.05 in chips) 
Seat 4: Numendil ($2.62 in chips) 
Seat 5: lprebsi69 ($1.18 in chips) 
Seat 6: Lorpugo ($3.65 in chips) 
Lemonstr777: posts small blind $0.01
gelopoly: posts big blind $0.02
*** HOLE CARDS ***
Dealt to Lorpugo [Ah 9d]
Numendil: folds 
lprebsi69: folds 
Lorpugo: raises $0.04 to $0.06
Sarcasticsam: folds 
Lemonstr777: folds 
gelopoly: raises $0.04 to $0.10
Lorpugo: calls $0.04
*** FLOP *** [Ac 3h 9s]
gelopoly: checks 
Lorpugo: bets $0.07
gelopoly: calls $0.07
*** TURN *** [Ac 3h 9s] [2s]
gelopoly: checks 
Lorpugo: bets $0.22
gelopoly: folds 
Uncalled bet ($0.22) returned to Lorpugo
Lorpugo collected $0.34 from pot
Lorpugo: doesn't show hand 
*** SUMMARY ***
Total pot $0.35 | Rake $0.01 
Board [Ac 3h 9s 2s]
Seat 1: Sarcasticsam (button) folded before Flop (didn't bet)
Seat 2: Lemonstr777 (small blind) folded before Flop
Seat 3: gelopoly (big blind) folded on the Turn
Seat 4: Numendil folded before Flop (didn't bet)
Seat 5: lprebsi69 folded before Flop (didn't bet)
Seat 6: Lorpugo collected ($0.34)



PokerStars Hand #239333016375:  Hold'em No Limit ($0.01/$0.02 USD) - 2022/10/19 18:32:07 ET
Table 'Alrischa' 6-max Seat #2 is the button
Seat 1: Sarcasticsam ($1.41 in chips) 
Seat 2: Lemonstr777 ($2.05 in chips) 
Seat 3: gelopoly ($2.88 in chips) 
Seat 4: Numendil ($2.62 in chips) 
Seat 5: lprebsi69 ($1.18 in chips) 
Seat 6: Lorpugo ($3.82 in chips) 
gelopoly: posts small blind $0.01
Numendil: posts big blind $0.02
*** HOLE CARDS ***
Dealt to Lorpugo [Jd 6h]
lprebsi69: folds 
Lorpugo: folds 
Sarcasticsam: folds 
Lemonstr777: raises $0.04 to $0.06
gelopoly: folds 
Numendil: folds 
Uncalled bet ($0.04) returned to Lemonstr777
Lemonstr777 collected $0.05 from pot
*** SUMMARY ***
Total pot $0.05 | Rake $0 
Seat 1: Sarcasticsam folded before Flop (didn't bet)
Seat 2: Lemonstr777 (button) collected ($0.05)
Seat 3: gelopoly (small blind) folded before Flop
Seat 4: Numendil (big blind) folded before Flop
Seat 5: lprebsi69 folded before Flop (didn't bet)
Seat 6: Lorpugo folded before Flop (didn't bet)



PokerStars Hand #239333020854:  Hold'em No Limit ($0.01/$0.02 USD) - 2022/10/19 18:32:22 ET
Table 'Alrischa' 6-max Seat #3 is the button
Seat 1: Sarcasticsam ($1.41 in chips) 
Seat 2: Lemonstr777 ($2.08 in chips) 
Seat 3: gelopoly ($2.87 in chips) 
Seat 4: Numendil ($2.60 in chips) 
Seat 5: lprebsi69 ($1.18 in chips) 
Seat 6: Lorpugo ($3.82 in chips) 
Numendil: posts small blind $0.01
lprebsi69: posts big blind $0.02
*** HOLE CARDS ***
Dealt to Lorpugo [Ts Ad]
Lorpugo: raises $0.04 to $0.06
Sarcasticsam: folds 
Lemonstr777: folds 
gelopoly: folds 
Numendil: folds 
lprebsi69: folds 
Uncalled bet ($0.04) returned to Lorpugo
Lorpugo collected $0.05 from pot
Lorpugo: doesn't show hand 
*** SUMMARY ***
Total pot $0.05 | Rake $0 
Seat 1: Sarcasticsam folded before Flop (didn't bet)
Seat 2: Lemonstr777 folded before Flop (didn't bet)
Seat 3: gelopoly (button) folded before Flop (didn't bet)
Seat 4: Numendil (small blind) folded before Flop
Seat 5: lprebsi69 (big blind) folded before Flop
Seat 6: Lorpugo collected ($0.05)



PokerStars Hand #239333028602:  Hold'em No Limit ($0.01/$0.02 USD) - 2022/10/19 18:32:48 ET
Table 'Alrischa' 6-max Seat #4 is the button
Seat 1: Sarcasticsam ($1.41 in chips) 
Seat 2: Lemonstr777 ($2.08 in chips) 
Seat 3: gelopoly ($2.87 in chips) 
Seat 4: Numendil ($2.59 in chips) 
Seat 5: lprebsi69 ($1.16 in chips) 
Seat 6: Lorpugo ($3.85 in chips) 
lprebsi69: posts small blind $0.01
Lorpugo: posts big blind $0.02
*** HOLE CARDS ***
Dealt to Lorpugo [Ts Jd]
Sarcasticsam: calls $0.02
Lemonstr777: folds 
gelopoly: folds 
Numendil: folds 
lprebsi69: calls $0.01
Lorpugo: raises $0.10 to $0.12
Sarcasticsam: folds 
lprebsi69: folds 
Uncalled bet ($0.10) returned to Lorpugo
Lorpugo collected $0.06 from pot
Lorpugo: doesn't show hand 
*** SUMMARY ***
Total pot $0.06 | Rake $0 
Seat 1: Sarcasticsam folded before Flop
Seat 2: Lemonstr777 folded before Flop (didn't bet)
Seat 3: gelopoly folded before Flop (didn't bet)
Seat 4: Numendil (button) folded before Flop (didn't bet)
Seat 5: lprebsi69 (small blind) folded before Flop
Seat 6: Lorpugo (big blind) collected ($0.06)



PokerStars Hand #239333037034:  Hold'em No Limit ($0.01/$0.02 USD) - 2022/10/19 18:33:16 ET
Table 'Alrischa' 6-max Seat #5 is the button
Seat 1: Sarcasticsam ($1.39 in chips) 
Seat 2: Lemonstr777 ($2.08 in chips) 
Seat 3: gelopoly ($2.87 in chips) 
Seat 4: Numendil ($2.59 in chips) 
Seat 5: lprebsi69 ($1.14 in chips) 
Seat 6: Lorpugo ($3.89 in chips) 
Lorpugo: posts small blind $0.01
Sarcasticsam: posts big blind $0.02
*** HOLE CARDS ***
Dealt to Lorpugo [5c Qs]
Lemonstr777: folds 
gelopoly: folds 
Numendil: folds 
lprebsi69: folds 
Lorpugo: raises $0.04 to $0.06
Sarcasticsam: raises $0.04 to $0.10
Lorpugo: calls $0.04
*** FLOP *** [Td 4s 7c]
Lorpugo: checks 
Sarcasticsam: bets $0.09
Lorpugo: calls $0.09
*** TURN *** [Td 4s 7c] [8s]
Lorpugo: checks 
Sarcasticsam: bets $0.37
Lorpugo: folds 
Uncalled bet ($0.37) returned to Sarcasticsam
Sarcasticsam collected $0.37 from pot
*** SUMMARY ***
Total pot $0.38 | Rake $0.01 
Board [Td 4s 7c 8s]
Seat 1: Sarcasticsam (big blind) collected ($0.37)
Seat 2: Lemonstr777 folded before Flop (didn't bet)
Seat 3: gelopoly folded before Flop (didn't bet)
Seat 4: Numendil folded before Flop (didn't bet)
Seat 5: lprebsi69 (button) folded before Flop (didn't bet)
Seat 6: Lorpugo (small blind) folded on the Turn



PokerStars Hand #239333056507:  Hold'em No Limit ($0.01/$0.02 USD) - 2022/10/19 18:34:20 ET
Table 'Alrischa' 6-max Seat #6 is the button
Seat 1: Sarcasticsam ($1.57 in chips) 
Seat 2: Lemonstr777 ($2.08 in chips) 
Seat 3: gelopoly ($2.87 in chips) 
Seat 4: Numendil ($2.59 in chips) 
Seat 5: lprebsi69 ($1.14 in chips) 
Seat 6: Lorpugo ($3.70 in chips) 
Sarcasticsam: posts small blind $0.01
Lemonstr777: posts big blind $0.02
*** HOLE CARDS ***
Dealt to Lorpugo [7d 9c]
gelopoly: folds 
Numendil: raises $0.02 to $0.04
lprebsi69: folds 
Lorpugo: folds 
Sarcasticsam: folds 
Lemonstr777: folds 
Uncalled bet ($0.02) returned to Numendil
Numendil collected $0.05 from pot
Numendil: doesn't show hand 
*** SUMMARY ***
Total pot $0.05 | Rake $0 
Seat 1: Sarcasticsam (small blind) folded before Flop
Seat 2: Lemonstr777 (big blind) folded before Flop
Seat 3: gelopoly folded before Flop (didn't bet)
Seat 4: Numendil collected ($0.05)
Seat 5: lprebsi69 folded before Flop (didn't bet)
Seat 6: Lorpugo (button) folded before Flop (didn't bet)



PokerStars Hand #239333070611:  Hold'em No Limit ($0.01/$0.02 USD) - 2022/10/19 18:35:08 ET
Table 'Alrischa' 6-max Seat #1 is the button
Seat 1: Sarcasticsam ($1.56 in chips) 
Seat 2: Lemonstr777 ($2.06 in chips) 
Seat 3: gelopoly ($2.87 in chips) 
Seat 4: Numendil ($2.62 in chips) 
Seat 5: lprebsi69 ($1.14 in chips) 
Seat 6: Lorpugo ($3.70 in chips) 
Lemonstr777: posts small blind $0.01
gelopoly: posts big blind $0.02
*** HOLE CARDS ***
Dealt to Lorpugo [Th Ks]
Numendil: folds 
lprebsi69: folds 
Lorpugo: raises $0.04 to $0.06
Sarcasticsam: folds 
Lemonstr777: folds 
gelopoly: folds 
Uncalled bet ($0.04) returned to Lorpugo
Lorpugo collected $0.05 from pot
Lorpugo: doesn't show hand 
*** SUMMARY ***
Total pot $0.05 | Rake $0 
Seat 1: Sarcasticsam (button) folded before Flop (didn't bet)
Seat 2: Lemonstr777 (small blind) folded before Flop
Seat 3: gelopoly (big blind) folded before Flop
Seat 4: Numendil folded before Flop (didn't bet)
Seat 5: lprebsi69 folded before Flop (didn't bet)
Seat 6: Lorpugo collected ($0.05)



PokerStars Hand #239333074842:  Hold'em No Limit ($0.01/$0.02 USD) - 2022/10/19 18:35:22 ET
Table 'Alrischa' 6-max Seat #2 is the button
Seat 1: Sarcasticsam ($1.56 in chips) 
Seat 2: Lemonstr777 ($2.05 in chips) 
Seat 3: gelopoly ($2.85 in chips) 
Seat 4: Numendil ($2.62 in chips) 
Seat 5: lprebsi69 ($1.14 in chips) 
Seat 6: Lorpugo ($3.73 in chips) 
gelopoly: posts small blind $0.01
Numendil: posts big blind $0.02
*** HOLE CARDS ***
Dealt to Lorpugo [4d 9h]
lprebsi69: folds 
Lorpugo: folds 
Sarcasticsam: folds 
Lemonstr777: folds 
gelopoly: folds 
Uncalled bet ($0.01) returned to Numendil
Numendil collected $0.02 from pot
Numendil: doesn't show hand 
*** SUMMARY ***
Total pot $0.02 | Rake $0 
Seat 1: Sarcasticsam folded before Flop (didn't bet)
Seat 2: Lemonstr777 (button) folded before Flop (didn't bet)
Seat 3: gelopoly (small blind) folded before Flop
Seat 4: Numendil (big blind) collected ($0.02)
Seat 5: lprebsi69 folded before Flop (didn't bet)
Seat 6: Lorpugo folded before Flop (didn't bet)



PokerStars Hand #239333080371:  Hold'em No Limit ($0.01/$0.02 USD) - 2022/10/19 18:35:40 ET
Table 'Alrischa' 6-max Seat #3 is the button
Seat 1: Sarcasticsam ($1.56 in chips) 
Seat 2: Lemonstr777 ($2.05 in chips) 
Seat 3: gelopoly ($2.84 in chips) 
Seat 4: Numendil ($2.63 in chips) 
Seat 5: lprebsi69 ($1.14 in chips) 
Seat 6: Lorpugo ($3.73 in chips) 
Numendil: posts small blind $0.01
lprebsi69: posts big blind $0.02
*** HOLE CARDS ***
Dealt to Lorpugo [Qc 7h]
Lorpugo: folds 
Sarcasticsam: folds 
Lemonstr777: folds 
gelopoly: folds 
Numendil: folds 
Uncalled bet ($0.01) returned to lprebsi69
lprebsi69 collected $0.02 from pot
*** SUMMARY ***
Total pot $0.02 | Rake $0 
Seat 1: Sarcasticsam folded before Flop (didn't bet)
Seat 2: Lemonstr777 folded before Flop (didn't bet)
Seat 3: gelopoly (button) folded before Flop (didn't bet)
Seat 4: Numendil (small blind) folded before Flop
Seat 5: lprebsi69 (big blind) collected ($0.02)
Seat 6: Lorpugo folded before Flop (didn't bet)



PokerStars Hand #239333083895:  Hold'em No Limit ($0.01/$0.02 USD) - 2022/10/19 18:35:52 ET
Table 'Alrischa' 6-max Seat #4 is the button
Seat 1: Sarcasticsam ($1.56 in chips) 
Seat 2: Lemonstr777 ($2.05 in chips) 
Seat 3: gelopoly ($2.84 in chips) 
Seat 4: Numendil ($2.62 in chips) 
Seat 5: lprebsi69 ($1.15 in chips) 
Seat 6: Lorpugo ($3.73 in chips) 
lprebsi69: posts small blind $0.01
Lorpugo: posts big blind $0.02
*** HOLE CARDS ***
Dealt to Lorpugo [2h 4s]
Sarcasticsam: folds 
Lemonstr777 has timed out
Lemonstr777: folds 
gelopoly: folds 
Numendil: folds 
lprebsi69: calls $0.01
Lorpugo: checks 
*** FLOP *** [2d 4d 7h]
lprebsi69: bets $0.02
Lorpugo: raises $0.05 to $0.07
lprebsi69: calls $0.05
*** TURN *** [2d 4d 7h] [Kc]
lprebsi69: bets $0.02
Lorpugo: raises $0.13 to $0.15
lprebsi69: calls $0.13
*** RIVER *** [2d 4d 7h Kc] [2c]
lprebsi69: checks 
Lorpugo: bets $0.66
lprebsi69: folds 
Uncalled bet ($0.66) returned to Lorpugo
Lorpugo collected $0.46 from pot
Lorpugo: doesn't show hand 
*** SUMMARY ***
Total pot $0.48 | Rake $0.02 
Board [2d 4d 7h Kc 2c]
Seat 1: Sarcasticsam folded before Flop (didn't bet)
Seat 2: Lemonstr777 folded before Flop (didn't bet)
Seat 3: gelopoly folded before Flop (didn't bet)
Seat 4: Numendil (button) folded before Flop (didn't bet)
Seat 5: lprebsi69 (small blind) folded on the River
Seat 6: Lorpugo (big blind) collected ($0.46)



PokerStars Hand #239333102289:  Hold'em No Limit ($0.01/$0.02 USD) - 2022/10/19 18:36:53 ET
Table 'Alrischa' 6-max Seat #5 is the button
Seat 1: Sarcasticsam ($1.56 in chips) 
Seat 2: Lemonstr777 ($2.05 in chips) 
Seat 3: gelopoly ($2.84 in chips) 
Seat 4: Numendil ($2.62 in chips) 
Seat 5: lprebsi69 ($0.91 in chips) 
Seat 6: Lorpugo ($3.95 in chips) 
Lorpugo: posts small blind $0.01
Sarcasticsam: posts big blind $0.02
*** HOLE CARDS ***
Dealt to Lorpugo [3h Ah]
Lemonstr777: raises $0.04 to $0.06
gelopoly: folds 
Numendil: folds 
lprebsi69: folds 
Lorpugo: calls $0.05
Sarcasticsam: folds 
*** FLOP *** [Kc 8d Ks]
Lorpugo: bets $0.05
Lemonstr777: calls $0.05
*** TURN *** [Kc 8d Ks] [5c]
Lorpugo: checks 
Lemonstr777: bets $0.08
Lorpugo: folds 
Uncalled bet ($0.08) returned to Lemonstr777
Lemonstr777 collected $0.23 from pot
*** SUMMARY ***
Total pot $0.24 | Rake $0.01 
Board [Kc 8d Ks 5c]
Seat 1: Sarcasticsam (big blind) folded before Flop
Seat 2: Lemonstr777 collected ($0.23)
Seat 3: gelopoly folded before Flop (didn't bet)
Seat 4: Numendil folded before Flop (didn't bet)
Seat 5: lprebsi69 (button) folded before Flop (didn't bet)
Seat 6: Lorpugo (small blind) folded on the Turn



PokerStars Hand #239333117326:  Hold'em No Limit ($0.01/$0.02 USD) - 2022/10/19 18:37:44 ET
Table 'Alrischa' 6-max Seat #6 is the button
Seat 1: Sarcasticsam ($1.54 in chips) 
Seat 2: Lemonstr777 ($2.17 in chips) 
Seat 3: gelopoly ($2.84 in chips) 
Seat 4: Numendil ($2.62 in chips) 
Seat 5: lprebsi69 ($0.91 in chips) 
Seat 6: Lorpugo ($3.84 in chips) 
Sarcasticsam: posts small blind $0.01
Lemonstr777: posts big blind $0.02
*** HOLE CARDS ***
Dealt to Lorpugo [3d 4s]
gelopoly: folds 
Numendil: raises $0.02 to $0.04
lprebsi69: calls $0.04
Lorpugo: folds 
Sarcasticsam: folds 
Lemonstr777: calls $0.02
*** FLOP *** [2c Th Tc]
Lemonstr777: checks 
Numendil: checks 
lprebsi69: bets $0.04
Lemonstr777: folds 
Numendil: calls $0.04
*** TURN *** [2c Th Tc] [Ks]
Numendil: checks 
lprebsi69: bets $0.02
Numendil: calls $0.02
*** RIVER *** [2c Th Tc Ks] [8c]
Numendil: checks 
lprebsi69: bets $0.06
Numendil: folds 
Uncalled bet ($0.06) returned to lprebsi69
lprebsi69 collected $0.24 from pot
*** SUMMARY ***
Total pot $0.25 | Rake $0.01 
Board [2c Th Tc Ks 8c]
Seat 1: Sarcasticsam (small blind) folded before Flop
Seat 2: Lemonstr777 (big blind) folded on the Flop
Seat 3: gelopoly folded before Flop (didn't bet)
Seat 4: Numendil folded on the River
Seat 5: lprebsi69 collected ($0.24)
Seat 6: Lorpugo (button) folded before Flop (didn't bet)



PokerStars Hand #239333137799:  Hold'em No Limit ($0.01/$0.02 USD) - 2022/10/19 18:38:52 ET
Table 'Alrischa' 6-max Seat #1 is the button
Seat 1: Sarcasticsam ($1.53 in chips) 
Seat 2: Lemonstr777 ($2.13 in chips) 
Seat 3: gelopoly ($2.84 in chips) 
Seat 4: Numendil ($2.52 in chips) 
Seat 5: lprebsi69 ($1.05 in chips) 
Seat 6: Lorpugo ($3.84 in chips) 
Lemonstr777: posts small blind $0.01
gelopoly: posts big blind $0.02
*** HOLE CARDS ***
Dealt to Lorpugo [5d 7s]
Numendil: folds 
lprebsi69: folds 
Lorpugo: folds 
Sarcasticsam: raises $0.04 to $0.06
Lemonstr777: calls $0.05
gelopoly: folds 
*** FLOP *** [7h 4d 9s]
Lemonstr777: checks 
Sarcasticsam: bets $0.07
Lemonstr777: calls $0.07
*** TURN *** [7h 4d 9s] [8h]
Lemonstr777: checks 
Sarcasticsam: bets $0.13
Lemonstr777: calls $0.13
*** RIVER *** [7h 4d 9s 8h] [9d]
Lemonstr777: checks 
Sarcasticsam: bets $1.27 and is all-in
Lemonstr777: folds 
Uncalled bet ($1.27) returned to Sarcasticsam
Sarcasticsam collected $0.52 from pot
*** SUMMARY ***
Total pot $0.54 | Rake $0.02 
Board [7h 4d 9s 8h 9d]
Seat 1: Sarcasticsam (button) collected ($0.52)
Seat 2: Lemonstr777 (small blind) folded on the River
Seat 3: gelopoly (big blind) folded before Flop
Seat 4: Numendil folded before Flop (didn't bet)
Seat 5: lprebsi69 folded before Flop (didn't bet)
Seat 6: Lorpugo folded before Flop (didn't bet)



PokerStars Hand #239333151047:  Hold'em No Limit ($0.01/$0.02 USD) - 2022/10/19 18:39:36 ET
Table 'Alrischa' 6-max Seat #2 is the button
Seat 1: Sarcasticsam ($1.79 in chips) 
Seat 2: Lemonstr777 ($2 in chips) 
Seat 3: gelopoly ($2.82 in chips) 
Seat 4: Numendil ($2.52 in chips) 
Seat 5: lprebsi69 ($1.05 in chips) 
Seat 6: Lorpugo ($3.84 in chips) 
gelopoly: posts small blind $0.01
Numendil: posts big blind $0.02
*** HOLE CARDS ***
Dealt to Lorpugo [Ts 9d]
lprebsi69: folds 
Lorpugo: raises $0.04 to $0.06
Sarcasticsam: folds 
Lemonstr777: folds 
gelopoly: calls $0.05
Numendil: folds 
*** FLOP *** [Kd Ah Kh]
gelopoly: checks 
Lorpugo: checks 
*** TURN *** [Kd Ah Kh] [Qs]
gelopoly: checks 
Lorpugo: checks 
*** RIVER *** [Kd Ah Kh Qs] [Jd]
gelopoly: checks 
Lorpugo: bets $0.32
gelopoly: folds 
Uncalled bet ($0.32) returned to Lorpugo
Lorpugo collected $0.14 from pot
Lorpugo: doesn't show hand 
*** SUMMARY ***
Total pot $0.14 | Rake $0 
Board [Kd Ah Kh Qs Jd]
Seat 1: Sarcasticsam folded before Flop (didn't bet)
Seat 2: Lemonstr777 (button) folded before Flop (didn't bet)
Seat 3: gelopoly (small blind) folded on the River
Seat 4: Numendil (big blind) folded before Flop
Seat 5: lprebsi69 folded before Flop (didn't bet)
Seat 6: Lorpugo collected ($0.14)



PokerStars Hand #239333171817:  Hold'em No Limit ($0.01/$0.02 USD) - 2022/10/19 18:40:47 ET
Table 'Alrischa' 6-max Seat #3 is the button
Seat 1: Sarcasticsam ($1.79 in chips) 
Seat 2: Lemonstr777 ($2 in chips) 
Seat 3: gelopoly ($2.76 in chips) 
Seat 4: Numendil ($2.50 in chips) 
Seat 5: lprebsi69 ($1.05 in chips) 
Seat 6: Lorpugo ($3.92 in chips) 
Numendil: posts small blind $0.01
lprebsi69: posts big blind $0.02
*** HOLE CARDS ***
Dealt to Lorpugo [4d 9h]
Lorpugo: folds 
Sarcasticsam: folds 
Lemonstr777: folds 
gelopoly: folds 
Numendil: raises $0.04 to $0.06
lprebsi69: folds 
Uncalled bet ($0.04) returned to Numendil
Numendil collected $0.04 from pot
Numendil: doesn't show hand 
*** SUMMARY ***
Total pot $0.04 | Rake $0 
Seat 1: Sarcasticsam folded before Flop (didn't bet)
Seat 2: Lemonstr777 folded before Flop (didn't bet)
Seat 3: gelopoly (button) folded before Flop (didn't bet)
Seat 4: Numendil (small blind) collected ($0.04)
Seat 5: lprebsi69 (big blind) folded before Flop
Seat 6: Lorpugo folded before Flop (didn't bet)



PokerStars Hand #239333176034:  Hold'em No Limit ($0.01/$0.02 USD) - 2022/10/19 18:41:01 ET
Table 'Alrischa' 6-max Seat #4 is the button
Seat 1: Sarcasticsam ($1.79 in chips) 
Seat 2: Lemonstr777 ($2 in chips) 
Seat 3: gelopoly ($2.76 in chips) 
Seat 4: Numendil ($2.52 in chips) 
Seat 5: lprebsi69 ($1.03 in chips) 
Seat 6: Lorpugo ($3.92 in chips) 
lprebsi69: posts small blind $0.01
Lorpugo: posts big blind $0.02
*** HOLE CARDS ***
Dealt to Lorpugo [Jh Kh]
Sarcasticsam: calls $0.02
Lemonstr777: folds 
gelopoly: raises $0.02 to $0.04
Numendil: folds 
lprebsi69: folds 
Lorpugo: raises $0.08 to $0.12
Sarcasticsam: folds 
gelopoly: calls $0.08
*** FLOP *** [Ac 3c Th]
Lorpugo: bets $0.09
gelopoly: raises $0.09 to $0.18
Lorpugo: calls $0.09
*** TURN *** [Ac 3c Th] [4h]
Lorpugo: checks 
gelopoly: bets $0.30
Lorpugo: calls $0.30
*** RIVER *** [Ac 3c Th 4h] [2s]
Lorpugo: checks 
gelopoly: checks 
*** SHOW DOWN ***
Lorpugo: shows [Jh Kh] (high card Ace)
gelopoly: shows [As Js] (a pair of Aces)
gelopoly collected $1.19 from pot
*** SUMMARY ***
Total pot $1.23 | Rake $0.04 
Board [Ac 3c Th 4h 2s]
Seat 1: Sarcasticsam folded before Flop
Seat 2: Lemonstr777 folded before Flop (didn't bet)
Seat 3: gelopoly showed [As Js] and won ($1.19) with a pair of Aces
Seat 4: Numendil (button) folded before Flop (didn't bet)
Seat 5: lprebsi69 (small blind) folded before Flop
Seat 6: Lorpugo (big blind) showed [Jh Kh] and lost with high card Ace



PokerStars Hand #239333197917:  Hold'em No Limit ($0.01/$0.02 USD) - 2022/10/19 18:42:16 ET
Table 'Alrischa' 6-max Seat #5 is the button
Seat 1: Sarcasticsam ($1.77 in chips) 
Seat 2: Lemonstr777 ($2 in chips) 
Seat 3: gelopoly ($3.35 in chips) 
Seat 4: Numendil ($2.52 in chips) 
Seat 5: lprebsi69 ($1.02 in chips) 
Seat 6: Lorpugo ($3.32 in chips) 
Lorpugo: posts small blind $0.01
Sarcasticsam: posts big blind $0.02
*** HOLE CARDS ***
Dealt to Lorpugo [6c 8h]
Lemonstr777: folds 
gelopoly: calls $0.02
Numendil: folds 
lprebsi69: folds 
Lorpugo: calls $0.01
Sarcasticsam: checks 
*** FLOP *** [Qd 6d Kc]
Lorpugo: bets $0.02
Sarcasticsam: folds 
gelopoly: folds 
Uncalled bet ($0.02) returned to Lorpugo
Lorpugo collected $0.06 from pot
Lorpugo: doesn't show hand 
*** SUMMARY ***
Total pot $0.06 | Rake $0 
Board [Qd 6d Kc]
Seat 1: Sarcasticsam (big blind) folded on the Flop
Seat 2: Lemonstr777 folded before Flop (didn't bet)
Seat 3: gelopoly folded on the Flop
Seat 4: Numendil folded before Flop (didn't bet)
Seat 5: lprebsi69 (button) folded before Flop (didn't bet)
Seat 6: Lorpugo (small blind) collected ($0.06)



PokerStars Hand #239333208199:  Hold'em No Limit ($0.01/$0.02 USD) - 2022/10/19 18:42:52 ET
Table 'Alrischa' 6-max Seat #6 is the button
Seat 1: Sarcasticsam ($1.75 in chips) 
Seat 2: Lemonstr777 ($2 in chips) 
Seat 3: gelopoly ($3.33 in chips) 
Seat 4: Numendil ($2.52 in chips) 
Seat 5: lprebsi69 ($1.02 in chips) 
Seat 6: Lorpugo ($3.36 in chips) 
Sarcasticsam: posts small blind $0.01
Lemonstr777: posts big blind $0.02
*** HOLE CARDS ***
Dealt to Lorpugo [6c 5h]
gelopoly: folds 
Numendil: folds 
lprebsi69: folds 
Lorpugo: raises $0.04 to $0.06
Sarcasticsam: calls $0.05
Lemonstr777: folds 
*** FLOP *** [6s Jd 7c]
Sarcasticsam: checks 
Lorpugo: bets $0.09
Sarcasticsam: folds 
Uncalled bet ($0.09) returned to Lorpugo
Lorpugo collected $0.14 from pot
Lorpugo: doesn't show hand 
*** SUMMARY ***
Total pot $0.14 | Rake $0 
Board [6s Jd 7c]
Seat 1: Sarcasticsam (small blind) folded on the Flop
Seat 2: Lemonstr777 (big blind) folded before Flop
Seat 3: gelopoly folded before Flop (didn't bet)
Seat 4: Numendil folded before Flop (didn't bet)
Seat 5: lprebsi69 folded before Flop (didn't bet)
Seat 6: Lorpugo (button) collected ($0.14)



PokerStars Hand #239333220629:  Hold'em No Limit ($0.01/$0.02 USD) - 2022/10/19 18:43:34 ET
Table 'Alrischa' 6-max Seat #1 is the button
Seat 1: Sarcasticsam ($1.69 in chips) 
Seat 2: Lemonstr777 ($2 in chips) 
Seat 3: gelopoly ($3.33 in chips) 
Seat 4: Numendil ($2.52 in chips) 
Seat 5: lprebsi69 ($1.02 in chips) 
Seat 6: Lorpugo ($3.44 in chips) 
Lemonstr777: posts small blind $0.01
gelopoly: posts big blind $0.02
*** HOLE CARDS ***
Dealt to Lorpugo [3d Jc]
Numendil: folds 
lprebsi69: folds 
Lorpugo: folds 
Sarcasticsam: folds 
Lemonstr777: raises $0.04 to $0.06
gelopoly: calls $0.04
*** FLOP *** [8d 2d 5s]
Lemonstr777: checks 
gelopoly: bets $0.06
Lemonstr777: folds 
Uncalled bet ($0.06) returned to gelopoly
gelopoly collected $0.12 from pot
*** SUMMARY ***
Total pot $0.12 | Rake $0 
Board [8d 2d 5s]
Seat 1: Sarcasticsam (button) folded before Flop (didn't bet)
Seat 2: Lemonstr777 (small blind) folded on the Flop
Seat 3: gelopoly (big blind) collected ($0.12)
Seat 4: Numendil folded before Flop (didn't bet)
Seat 5: lprebsi69 folded before Flop (didn't bet)
Seat 6: Lorpugo folded before Flop (didn't bet)



PokerStars Hand #239333227019:  Hold'em No Limit ($0.01/$0.02 USD) - 2022/10/19 18:43:56 ET
Table 'Alrischa' 6-max Seat #2 is the button
Seat 1: Sarcasticsam ($1.69 in chips) 
Seat 2: Lemonstr777 ($2 in chips) 
Seat 3: gelopoly ($3.39 in chips) 
Seat 4: Numendil ($2.52 in chips) 
Seat 5: lprebsi69 ($1.02 in chips) 
Seat 6: Lorpugo ($3.44 in chips) 
gelopoly: posts small blind $0.01
Numendil: posts big blind $0.02
*** HOLE CARDS ***
Dealt to Lorpugo [Kd Ac]
lprebsi69: folds 
Lorpugo: raises $0.02 to $0.04
Sarcasticsam: folds 
Lemonstr777: folds 
gelopoly: folds 
Numendil: folds 
Uncalled bet ($0.02) returned to Lorpugo
Lorpugo collected $0.05 from pot
Lorpugo: doesn't show hand 
*** SUMMARY ***
Total pot $0.05 | Rake $0 
Seat 1: Sarcasticsam folded before Flop (didn't bet)
Seat 2: Lemonstr777 (button) folded before Flop (didn't bet)
Seat 3: gelopoly (small blind) folded before Flop
Seat 4: Numendil (big blind) folded before Flop
Seat 5: lprebsi69 folded before Flop (didn't bet)
Seat 6: Lorpugo collected ($0.05)



PokerStars Hand #239333235085:  Hold'em No Limit ($0.01/$0.02 USD) - 2022/10/19 18:44:23 ET
Table 'Alrischa' 6-max Seat #3 is the button
Seat 1: Sarcasticsam ($1.69 in chips) 
Seat 2: Lemonstr777 ($2 in chips) 
Seat 3: gelopoly ($3.38 in chips) 
Seat 4: Numendil ($2.50 in chips) 
Seat 5: lprebsi69 ($1.02 in chips) 
Seat 6: Lorpugo ($3.47 in chips) 
Numendil: posts small blind $0.01
lprebsi69: posts big blind $0.02
*** HOLE CARDS ***
Dealt to Lorpugo [6c 8d]
Lorpugo: folds 
Sarcasticsam: folds 
Lemonstr777: folds 
gelopoly: folds 
Numendil: raises $0.04 to $0.06
lprebsi69: calls $0.04
*** FLOP *** [Qs 9s Jd]
Numendil: checks 
lprebsi69: bets $0.06
Numendil: folds 
Uncalled bet ($0.06) returned to lprebsi69
lprebsi69 collected $0.12 from pot
*** SUMMARY ***
Total pot $0.12 | Rake $0 
Board [Qs 9s Jd]
Seat 1: Sarcasticsam folded before Flop (didn't bet)
Seat 2: Lemonstr777 folded before Flop (didn't bet)
Seat 3: gelopoly (button) folded before Flop (didn't bet)
Seat 4: Numendil (small blind) folded on the Flop
Seat 5: lprebsi69 (big blind) collected ($0.12)
Seat 6: Lorpugo folded before Flop (didn't bet)



PokerStars Hand #239333249414:  Hold'em No Limit ($0.01/$0.02 USD) - 2022/10/19 18:45:13 ET
Table 'Alrischa' 6-max Seat #4 is the button
Seat 1: Sarcasticsam ($1.69 in chips) 
Seat 2: Lemonstr777 ($2 in chips) 
Seat 3: gelopoly ($3.38 in chips) 
Seat 4: Numendil ($2.44 in chips) 
Seat 5: lprebsi69 ($1.08 in chips) 
Seat 6: Lorpugo ($3.47 in chips) 
lprebsi69: posts small blind $0.01
Lorpugo: posts big blind $0.02
*** HOLE CARDS ***
Dealt to Lorpugo [9h 4c]
Sarcasticsam: calls $0.02
Lemonstr777: folds 
gelopoly: folds 
Numendil: raises $0.08 to $0.10
lprebsi69: calls $0.09
Lorpugo: folds 
Sarcasticsam: calls $0.08
*** FLOP *** [Kh 2h Kd]
lprebsi69: checks 
Sarcasticsam: bets $0.02
Numendil: raises $0.09 to $0.11
lprebsi69: folds 
Sarcasticsam: folds 
Uncalled bet ($0.09) returned to Numendil
Numendil collected $0.35 from pot
Numendil: doesn't show hand 
*** SUMMARY ***
Total pot $0.36 | Rake $0.01 
Board [Kh 2h Kd]
Seat 1: Sarcasticsam folded on the Flop
Seat 2: Lemonstr777 folded before Flop (didn't bet)
Seat 3: gelopoly folded before Flop (didn't bet)
Seat 4: Numendil (button) collected ($0.35)
Seat 5: lprebsi69 (small blind) folded on the Flop
Seat 6: Lorpugo (big blind) folded before Flop



PokerStars Hand #239333263148:  Hold'em No Limit ($0.01/$0.02 USD) - 2022/10/19 18:46:00 ET
Table 'Alrischa' 6-max Seat #5 is the button
Seat 1: Sarcasticsam ($1.57 in chips) 
Seat 2: Lemonstr777 ($2 in chips) 
Seat 3: gelopoly ($3.38 in chips) 
Seat 4: Numendil ($2.67 in chips) 
Seat 5: lprebsi69 ($0.98 in chips) 
Seat 6: Lorpugo ($3.45 in chips) 
Lorpugo: posts small blind $0.01
Sarcasticsam: posts big blind $0.02
*** HOLE CARDS ***
Dealt to Lorpugo [Qh 7c]
Lemonstr777: folds 
gelopoly: folds 
Numendil: folds 
lprebsi69: calls $0.02
Lorpugo: calls $0.01
Sarcasticsam: checks 
*** FLOP *** [Th Ts Kd]
Lorpugo: bets $0.02
Sarcasticsam: folds 
lprebsi69: folds 
Uncalled bet ($0.02) returned to Lorpugo
Lorpugo collected $0.06 from pot
Lorpugo: doesn't show hand 
*** SUMMARY ***
Total pot $0.06 | Rake $0 
Board [Th Ts Kd]
Seat 1: Sarcasticsam (big blind) folded on the Flop
Seat 2: Lemonstr777 folded before Flop (didn't bet)
Seat 3: gelopoly folded before Flop (didn't bet)
Seat 4: Numendil folded before Flop (didn't bet)
Seat 5: lprebsi69 (button) folded on the Flop
Seat 6: Lorpugo (small blind) collected ($0.06)



PokerStars Hand #239333275078:  Hold'em No Limit ($0.01/$0.02 USD) - 2022/10/19 18:46:42 ET
Table 'Alrischa' 6-max Seat #6 is the button
Seat 1: Sarcasticsam ($1.55 in chips) 
Seat 2: Lemonstr777 ($2 in chips) 
Seat 3: gelopoly ($3.38 in chips) 
Seat 4: Numendil ($2.67 in chips) 
Seat 5: lprebsi69 ($0.96 in chips) 
Seat 6: Lorpugo ($3.49 in chips) 
Sarcasticsam: posts small blind $0.01
Lemonstr777: posts big blind $0.02
*** HOLE CARDS ***
Dealt to Lorpugo [4d 7d]
gelopoly: folds 
Numendil: raises $0.02 to $0.04
lprebsi69: folds 
Lorpugo: calls $0.04
Sarcasticsam: calls $0.03
Lemonstr777: folds 
*** FLOP *** [3c 8d 2s]
Sarcasticsam: checks 
Numendil: checks 
Lorpugo: bets $0.09
Sarcasticsam: calls $0.09
Numendil: calls $0.09
*** TURN *** [3c 8d 2s] [Th]
Sarcasticsam: checks 
Numendil: checks 
Lorpugo: checks 
*** RIVER *** [3c 8d 2s Th] [As]
Sarcasticsam: checks 
Numendil: checks 
Lorpugo: bets $0.36
Sarcasticsam: calls $0.36
Numendil: folds 
*** SHOW DOWN ***
Lorpugo: shows [4d 7d] (high card Ace)
Sarcasticsam: shows [Ah 9h] (a pair of Aces)
Sarcasticsam collected $1.09 from pot
*** SUMMARY ***
Total pot $1.13 | Rake $0.04 
Board [3c 8d 2s Th As]
Seat 1: Sarcasticsam (small blind) showed [Ah 9h] and won ($1.09) with a pair of Aces
Seat 2: Lemonstr777 (big blind) folded before Flop
Seat 3: gelopoly folded before Flop (didn't bet)
Seat 4: Numendil folded on the River
Seat 5: lprebsi69 folded before Flop (didn't bet)
Seat 6: Lorpugo (button) showed [4d 7d] and lost with high card Ace



PokerStars Hand #239333299240:  Hold'em No Limit ($0.01/$0.02 USD) - 2022/10/19 18:48:07 ET
Table 'Alrischa' 6-max Seat #1 is the button
Seat 1: Sarcasticsam ($2.15 in chips) 
Seat 2: Lemonstr777 ($2 in chips) 
Seat 3: gelopoly ($3.38 in chips) 
Seat 4: Numendil ($2.54 in chips) 
Seat 5: lprebsi69 ($0.96 in chips) 
Seat 6: Lorpugo ($3 in chips) 
Lemonstr777: posts small blind $0.01
gelopoly: posts big blind $0.02
*** HOLE CARDS ***
Dealt to Lorpugo [2c 8s]
Numendil: folds 
lprebsi69: calls $0.02
Lorpugo: folds 
Sarcasticsam: folds 
Lemonstr777: raises $0.06 to $0.08
gelopoly: folds 
lprebsi69: calls $0.06
*** FLOP *** [Qc 4c Tc]
Lemonstr777: checks 
lprebsi69: checks 
*** TURN *** [Qc 4c Tc] [9s]
Lemonstr777: checks 
lprebsi69: checks 
*** RIVER *** [Qc 4c Tc 9s] [Qs]
Lemonstr777: bets $0.06
lprebsi69: calls $0.06
*** SHOW DOWN ***
Lemonstr777: shows [9d Ad] (two pair, Queens and Nines)
lprebsi69: mucks hand 
Lemonstr777 collected $0.29 from pot
*** SUMMARY ***
Total pot $0.30 | Rake $0.01 
Board [Qc 4c Tc 9s Qs]
Seat 1: Sarcasticsam (button) folded before Flop (didn't bet)
Seat 2: Lemonstr777 (small blind) showed [9d Ad] and won ($0.29) with two pair, Queens and Nines
Seat 3: gelopoly (big blind) folded before Flop
Seat 4: Numendil folded before Flop (didn't bet)
Seat 5: lprebsi69 mucked [As 6d]
Seat 6: Lorpugo folded before Flop (didn't bet)



PokerStars Hand #239333311624:  Hold'em No Limit ($0.01/$0.02 USD) - 2022/10/19 18:48:50 ET
Table 'Alrischa' 6-max Seat #2 is the button
Seat 1: Sarcasticsam ($2.15 in chips) 
Seat 2: Lemonstr777 ($2.15 in chips) 
Seat 3: gelopoly ($3.36 in chips) 
Seat 4: Numendil ($2.54 in chips) 
Seat 5: lprebsi69 ($0.82 in chips) 
Seat 6: Lorpugo ($3 in chips) 
gelopoly: posts small blind $0.01
Numendil: posts big blind $0.02
*** HOLE CARDS ***
Dealt to Lorpugo [6h 3c]
lprebsi69: calls $0.02
Lorpugo: folds 
Sarcasticsam: folds 
Lemonstr777: folds 
gelopoly: folds 
Numendil: checks 
*** FLOP *** [9d 9h 5s]
Numendil: checks 
lprebsi69: bets $0.02
Numendil: folds 
Uncalled bet ($0.02) returned to lprebsi69
lprebsi69 collected $0.05 from pot
*** SUMMARY ***
Total pot $0.05 | Rake $0 
Board [9d 9h 5s]
Seat 1: Sarcasticsam folded before Flop (didn't bet)
Seat 2: Lemonstr777 (button) folded before Flop (didn't bet)
Seat 3: gelopoly (small blind) folded before Flop
Seat 4: Numendil (big blind) folded on the Flop
Seat 5: lprebsi69 collected ($0.05)
Seat 6: Lorpugo folded before Flop (didn't bet)



PokerStars Hand #239333322037:  Hold'em No Limit ($0.01/$0.02 USD) - 2022/10/19 18:49:26 ET
Table 'Alrischa' 6-max Seat #3 is the button
Seat 1: Sarcasticsam ($2.15 in chips) 
Seat 2: Lemonstr777 ($2.15 in chips) 
Seat 3: gelopoly ($3.35 in chips) 
Seat 4: Numendil ($2.52 in chips) 
Seat 5: lprebsi69 ($0.85 in chips) 
Seat 6: Lorpugo ($3 in chips) 
Numendil: posts small blind $0.01
lprebsi69: posts big blind $0.02
*** HOLE CARDS ***
Dealt to Lorpugo [Js 9h]
Lorpugo: folds 
Sarcasticsam: folds 
Lemonstr777: folds 
gelopoly: folds 
Numendil: raises $0.05 to $0.07
lprebsi69: calls $0.05
*** FLOP *** [Kd 7s Kh]
Numendil: checks 
lprebsi69: checks 
*** TURN *** [Kd 7s Kh] [As]
Numendil: bets $0.10
lprebsi69: folds 
Uncalled bet ($0.10) returned to Numendil
Numendil collected $0.14 from pot
Numendil: doesn't show hand 
*** SUMMARY ***
Total pot $0.14 | Rake $0 
Board [Kd 7s Kh As]
Seat 1: Sarcasticsam folded before Flop (didn't bet)
Seat 2: Lemonstr777 folded before Flop (didn't bet)
Seat 3: gelopoly (button) folded before Flop (didn't bet)
Seat 4: Numendil (small blind) collected ($0.14)
Seat 5: lprebsi69 (big blind) folded on the Turn
Seat 6: Lorpugo folded before Flop (didn't bet)



PokerStars Hand #239333335578:  Hold'em No Limit ($0.01/$0.02 USD) - 2022/10/19 18:50:14 ET
Table 'Alrischa' 6-max Seat #4 is the button
Seat 1: Sarcasticsam ($2.15 in chips) 
Seat 2: Lemonstr777 ($2.15 in chips) 
Seat 3: gelopoly ($3.35 in chips) 
Seat 4: Numendil ($2.59 in chips) 
Seat 5: lprebsi69 ($0.78 in chips) 
Seat 6: Lorpugo ($3 in chips) 
lprebsi69: posts small blind $0.01
Lorpugo: posts big blind $0.02
*** HOLE CARDS ***
Dealt to Lorpugo [5c Jc]
Sarcasticsam: folds 
Lemonstr777: folds 
gelopoly: folds 
Numendil: folds 
lprebsi69: raises $0.02 to $0.04
Lorpugo: calls $0.02
*** FLOP *** [7s 8s Ts]
lprebsi69: bets $0.02
Lorpugo: folds 
Uncalled bet ($0.02) returned to lprebsi69
lprebsi69 collected $0.08 from pot
*** SUMMARY ***
Total pot $0.08 | Rake $0 
Board [7s 8s Ts]
Seat 1: Sarcasticsam folded before Flop (didn't bet)
Seat 2: Lemonstr777 folded before Flop (didn't bet)
Seat 3: gelopoly folded before Flop (didn't bet)
Seat 4: Numendil (button) folded before Flop (didn't bet)
Seat 5: lprebsi69 (small blind) collected ($0.08)
Seat 6: Lorpugo (big blind) folded on the Flop



PokerStars Hand #239333343288:  Hold'em No Limit ($0.01/$0.02 USD) - 2022/10/19 18:50:41 ET
Table 'Alrischa' 6-max Seat #5 is the button
Seat 1: Sarcasticsam ($2.15 in chips) 
Seat 2: Lemonstr777 ($2.15 in chips) 
Seat 3: gelopoly ($3.35 in chips) 
Seat 4: Numendil ($2.59 in chips) 
Seat 5: lprebsi69 ($0.82 in chips) 
Seat 6: Lorpugo ($2.96 in chips) 
Lorpugo: posts small blind $0.01
Sarcasticsam: posts big blind $0.02
*** HOLE CARDS ***
Dealt to Lorpugo [Th 6d]
Lemonstr777 has timed out
Lemonstr777: folds 
gelopoly: calls $0.02
Numendil: raises $0.10 to $0.12
lprebsi69: folds 
Lorpugo: folds 
Sarcasticsam: folds 
gelopoly: folds 
Uncalled bet ($0.10) returned to Numendil
Numendil collected $0.07 from pot
Numendil: doesn't show hand 
*** SUMMARY ***
Total pot $0.07 | Rake $0 
Seat 1: Sarcasticsam (big blind) folded before Flop
Seat 2: Lemonstr777 folded before Flop (didn't bet)
Seat 3: gelopoly folded before Flop
Seat 4: Numendil collected ($0.07)
Seat 5: lprebsi69 (button) folded before Flop (didn't bet)
Seat 6: Lorpugo (small blind) folded before Flop



PokerStars Hand #239333354850:  Hold'em No Limit ($0.01/$0.02 USD) - 2022/10/19 18:51:21 ET
Table 'Alrischa' 6-max Seat #6 is the button
Seat 1: Sarcasticsam ($2.13 in chips) 
Seat 3: gelopoly ($3.33 in chips) 
Seat 4: Numendil ($2.64 in chips) 
Seat 5: lprebsi69 ($0.82 in chips) 
Seat 6: Lorpugo ($2.95 in chips) 
Sarcasticsam: posts small blind $0.01
gelopoly: posts big blind $0.02
*** HOLE CARDS ***
Dealt to Lorpugo [2c Qd]
Numendil: folds 
lprebsi69: calls $0.02
Lorpugo: folds 
Sarcasticsam: calls $0.01
gelopoly: checks 
*** FLOP *** [2s 3c 6c]
Sarcasticsam: bets $0.04
gelopoly: folds 
lprebsi69: calls $0.04
*** TURN *** [2s 3c 6c] [8d]
Sarcasticsam: checks 
lprebsi69: checks 
*** RIVER *** [2s 3c 6c 8d] [8s]
Sarcasticsam: bets $0.10
lprebsi69: folds 
Uncalled bet ($0.10) returned to Sarcasticsam
Sarcasticsam collected $0.14 from pot
*** SUMMARY ***
Total pot $0.14 | Rake $0 
Board [2s 3c 6c 8d 8s]
Seat 1: Sarcasticsam (small blind) collected ($0.14)
Seat 3: gelopoly (big blind) folded on the Flop
Seat 4: Numendil folded before Flop (didn't bet)
Seat 5: lprebsi69 folded on the River
Seat 6: Lorpugo (button) folded before Flop (didn't bet)



PokerStars Hand #239333367939:  Hold'em No Limit ($0.01/$0.02 USD) - 2022/10/19 18:52:08 ET
Table 'Alrischa' 6-max Seat #1 is the button
Seat 1: Sarcasticsam ($2.21 in chips) 
Seat 3: gelopoly ($3.31 in chips) 
Seat 4: Numendil ($2.64 in chips) 
Seat 5: lprebsi69 ($0.76 in chips) 
Seat 6: Lorpugo ($2.95 in chips) 
gelopoly: posts small blind $0.01
Numendil: posts big blind $0.02
*** HOLE CARDS ***
Dealt to Lorpugo [9d As]
lprebsi69: folds 
Lorpugo: raises $0.04 to $0.06
Sarcasticsam: folds 
gelopoly: folds 
Numendil: folds 
Uncalled bet ($0.04) returned to Lorpugo
Lorpugo collected $0.05 from pot
Lorpugo: doesn't show hand 
*** SUMMARY ***
Total pot $0.05 | Rake $0 
Seat 1: Sarcasticsam (button) folded before Flop (didn't bet)
Seat 3: gelopoly (small blind) folded before Flop
Seat 4: Numendil (big blind) folded before Flop
Seat 5: lprebsi69 folded before Flop (didn't bet)
Seat 6: Lorpugo collected ($0.05)



PokerStars Hand #239333373670:  Hold'em No Limit ($0.01/$0.02 USD) - 2022/10/19 18:52:28 ET
Table 'Alrischa' 6-max Seat #3 is the button
Seat 1: Sarcasticsam ($2.21 in chips) 
Seat 2: Lemonstr777 ($2.15 in chips) 
Seat 3: gelopoly ($3.30 in chips) 
Seat 4: Numendil ($2.62 in chips) 
Seat 5: lprebsi69 ($0.76 in chips) 
Seat 6: Lorpugo ($2.98 in chips) 
Numendil: posts small blind $0.01
lprebsi69: posts big blind $0.02
Lemonstr777: posts small & big blinds $0.03
*** HOLE CARDS ***
Dealt to Lorpugo [9d Kh]
Lorpugo: folds 
Sarcasticsam: folds 
Lemonstr777: checks 
gelopoly: folds 
Numendil: calls $0.01
lprebsi69: checks 
*** FLOP *** [Jh Qh 3s]
Numendil: checks 
lprebsi69: checks 
Lemonstr777: checks 
*** TURN *** [Jh Qh 3s] [Jd]
Numendil: checks 
lprebsi69: checks 
Lemonstr777: checks 
*** RIVER *** [Jh Qh 3s Jd] [7h]
Numendil: checks 
lprebsi69: checks 
Lemonstr777: checks 
*** SHOW DOWN ***
Numendil: shows [9h Qc] (two pair, Queens and Jacks)
lprebsi69: mucks hand 
Lemonstr777: mucks hand 
Numendil collected $0.07 from pot
*** SUMMARY ***
Total pot $0.07 | Rake $0 
Board [Jh Qh 3s Jd 7h]
Seat 1: Sarcasticsam folded before Flop (didn't bet)
Seat 2: Lemonstr777 mucked [6s 9c]
Seat 3: gelopoly (button) folded before Flop (didn't bet)
Seat 4: Numendil (small blind) showed [9h Qc] and won ($0.07) with two pair, Queens and Jacks
Seat 5: lprebsi69 (big blind) mucked [Td 5s]
Seat 6: Lorpugo folded before Flop (didn't bet)



PokerStars Hand #239333395903:  Hold'em No Limit ($0.01/$0.02 USD) - 2022/10/19 18:53:48 ET
Table 'Alrischa' 6-max Seat #4 is the button
Seat 1: Sarcasticsam ($2.21 in chips) 
Seat 2: Lemonstr777 ($2.12 in chips) 
Seat 3: gelopoly ($3.30 in chips) 
Seat 4: Numendil ($2.67 in chips) 
Seat 5: lprebsi69 ($0.74 in chips) 
Seat 6: Lorpugo ($2.98 in chips) 
lprebsi69: posts small blind $0.01
Lorpugo: posts big blind $0.02
*** HOLE CARDS ***
Dealt to Lorpugo [5d 9d]
Sarcasticsam: folds 
Lemonstr777: folds 
gelopoly: folds 
Numendil: raises $0.03 to $0.05
lprebsi69: folds 
Lorpugo: calls $0.03
*** FLOP *** [Qd 2s 9c]
Lorpugo: checks 
Numendil: checks 
*** TURN *** [Qd 2s 9c] [Kh]
Lorpugo: checks 
Numendil: checks 
*** RIVER *** [Qd 2s 9c Kh] [2c]
Lorpugo: checks 
Numendil: checks 
*** SHOW DOWN ***
Lorpugo: shows [5d 9d] (two pair, Nines and Deuces)
Numendil: mucks hand 
Lorpugo collected $0.11 from pot
*** SUMMARY ***
Total pot $0.11 | Rake $0 
Board [Qd 2s 9c Kh 2c]
Seat 1: Sarcasticsam folded before Flop (didn't bet)
Seat 2: Lemonstr777 folded before Flop (didn't bet)
Seat 3: gelopoly folded before Flop (didn't bet)
Seat 4: Numendil (button) mucked [6c As]
Seat 5: lprebsi69 (small blind) folded before Flop
Seat 6: Lorpugo (big blind) showed [5d 9d] and won ($0.11) with two pair, Nines and Deuces



PokerStars Hand #239333408230:  Hold'em No Limit ($0.01/$0.02 USD) - 2022/10/19 18:54:33 ET
Table 'Alrischa' 6-max Seat #5 is the button
Seat 1: Sarcasticsam ($2.21 in chips) 
Seat 2: Lemonstr777 ($2.12 in chips) 
Seat 3: gelopoly ($3.30 in chips) 
Seat 4: Numendil ($2.62 in chips) 
Seat 5: lprebsi69 ($0.73 in chips) 
Seat 6: Lorpugo ($3.04 in chips) 
Lorpugo: posts small blind $0.01
Sarcasticsam: posts big blind $0.02
*** HOLE CARDS ***
Dealt to Lorpugo [6d 3s]
Lemonstr777 has timed out
Lemonstr777: folds 
gelopoly: calls $0.02
Numendil: folds 
lprebsi69: folds 
Lorpugo: folds 
Sarcasticsam: checks 
*** FLOP *** [2s 3d 7h]
Sarcasticsam: checks 
gelopoly: checks 
*** TURN *** [2s 3d 7h] [5d]
Sarcasticsam: bets $0.04
gelopoly: folds 
Uncalled bet ($0.04) returned to Sarcasticsam
Sarcasticsam collected $0.05 from pot
*** SUMMARY ***
Total pot $0.05 | Rake $0 
Board [2s 3d 7h 5d]
Seat 1: Sarcasticsam (big blind) collected ($0.05)
Seat 2: Lemonstr777 folded before Flop (didn't bet)
Seat 3: gelopoly folded on the Turn
Seat 4: Numendil folded before Flop (didn't bet)
Seat 5: lprebsi69 (button) folded before Flop (didn't bet)
Seat 6: Lorpugo (small blind) folded before Flop



PokerStars Hand #239333419716:  Hold'em No Limit ($0.01/$0.02 USD) - 2022/10/19 18:55:15 ET
Table 'Alrischa' 6-max Seat #6 is the button
Seat 1: Sarcasticsam ($2.24 in chips) 
Seat 2: Lemonstr777 ($2.12 in chips) 
Seat 3: gelopoly ($3.28 in chips) 
Seat 4: Numendil ($2.62 in chips) 
Seat 5: lprebsi69 ($0.73 in chips) 
Seat 6: Lorpugo ($3.03 in chips) 
Sarcasticsam: posts small blind $0.01
Lemonstr777: posts big blind $0.02
*** HOLE CARDS ***
Dealt to Lorpugo [8s Jd]
gelopoly: folds 
Numendil: folds 
lprebsi69: folds 
Lorpugo: raises $0.04 to $0.06
Sarcasticsam: folds 
Lemonstr777: folds 
Uncalled bet ($0.04) returned to Lorpugo
Lorpugo collected $0.05 from pot
Lorpugo: doesn't show hand 
*** SUMMARY ***
Total pot $0.05 | Rake $0 
Seat 1: Sarcasticsam (small blind) folded before Flop
Seat 2: Lemonstr777 (big blind) folded before Flop
Seat 3: gelopoly folded before Flop (didn't bet)
Seat 4: Numendil folded before Flop (didn't bet)
Seat 5: lprebsi69 folded before Flop (didn't bet)
Seat 6: Lorpugo (button) collected ($0.05)



PokerStars Hand #239333424140:  Hold'em No Limit ($0.01/$0.02 USD) - 2022/10/19 18:55:35 ET
Table 'Alrischa' 6-max Seat #1 is the button
Seat 1: Sarcasticsam ($2.23 in chips) 
Seat 2: Lemonstr777 ($2.10 in chips) 
Seat 3: gelopoly ($3.28 in chips) 
Seat 4: Numendil ($2.62 in chips) 
Seat 5: lprebsi69 ($0.73 in chips) 
Seat 6: Lorpugo ($3.06 in chips) 
Lemonstr777: posts small blind $0.01
gelopoly: posts big blind $0.02
*** HOLE CARDS ***
Dealt to Lorpugo [Td 4d]
Numendil: folds 
lprebsi69: calls $0.02
Lorpugo: folds 
Sarcasticsam: folds 
Lemonstr777: folds 
gelopoly: checks 
*** FLOP *** [4c 2h 3d]
gelopoly: checks 
lprebsi69: bets $0.02
gelopoly: calls $0.02
*** TURN *** [4c 2h 3d] [5h]
gelopoly: checks 
lprebsi69: bets $0.04
gelopoly: raises $0.04 to $0.08
lprebsi69: folds 
Uncalled bet ($0.04) returned to gelopoly
gelopoly collected $0.16 from pot
*** SUMMARY ***
Total pot $0.17 | Rake $0.01 
Board [4c 2h 3d 5h]
Seat 1: Sarcasticsam (button) folded before Flop (didn't bet)
Seat 2: Lemonstr777 (small blind) folded before Flop
Seat 3: gelopoly (big blind) collected ($0.16)
Seat 4: Numendil folded before Flop (didn't bet)
Seat 5: lprebsi69 folded on the Turn
Seat 6: Lorpugo folded before Flop (didn't bet)



PokerStars Hand #239333434561:  Hold'em No Limit ($0.01/$0.02 USD) - 2022/10/19 18:56:22 ET
Table 'Alrischa' 6-max Seat #2 is the button
Seat 1: Sarcasticsam ($2.23 in chips) 
Seat 2: Lemonstr777 ($2.09 in chips) 
Seat 3: gelopoly ($3.36 in chips) 
Seat 5: lprebsi69 ($0.65 in chips) 
Seat 6: Lorpugo ($3.06 in chips) 
gelopoly: posts small blind $0.01
Numendil: is sitting out 
lprebsi69: posts big blind $0.02
*** HOLE CARDS ***
Dealt to Lorpugo [5d 4h]
Numendil leaves the table
Lorpugo: folds 
Sarcasticsam: folds 
Lemonstr777: folds 
albertomsc01 joins the table at seat #4 
gelopoly: folds 
Uncalled bet ($0.01) returned to lprebsi69
lprebsi69 collected $0.02 from pot
*** SUMMARY ***
Total pot $0.02 | Rake $0 
Seat 1: Sarcasticsam folded before Flop (didn't bet)
Seat 2: Lemonstr777 (button) folded before Flop (didn't bet)
Seat 3: gelopoly (small blind) folded before Flop
Seat 5: lprebsi69 (big blind) collected ($0.02)
Seat 6: Lorpugo folded before Flop (didn't bet)



PokerStars Hand #239333437598:  Hold'em No Limit ($0.01/$0.02 USD) - 2022/10/19 18:56:36 ET
Table 'Alrischa' 6-max Seat #3 is the button
Seat 1: Sarcasticsam ($2.23 in chips) 
Seat 2: Lemonstr777 ($2.09 in chips) 
Seat 3: gelopoly ($3.35 in chips) 
Seat 5: lprebsi69 ($0.66 in chips) 
Seat 6: Lorpugo ($3.06 in chips) 
lprebsi69: posts small blind $0.01
Lorpugo: posts big blind $0.02
*** HOLE CARDS ***
Dealt to Lorpugo [Kc 9h]
Sarcasticsam: folds 
Lemonstr777: raises $0.04 to $0.06
gelopoly: folds 
lprebsi69: folds 
Lorpugo: calls $0.04
*** FLOP *** [As 8s 5s]
Lorpugo: bets $0.02
Lemonstr777: raises $0.08 to $0.10
Lorpugo: folds 
Uncalled bet ($0.08) returned to Lemonstr777
Lemonstr777 collected $0.16 from pot
*** SUMMARY ***
Total pot $0.17 | Rake $0.01 
Board [As 8s 5s]
Seat 1: Sarcasticsam folded before Flop (didn't bet)
Seat 2: Lemonstr777 collected ($0.16)
Seat 3: gelopoly (button) folded before Flop (didn't bet)
Seat 5: lprebsi69 (small blind) folded before Flop
Seat 6: Lorpugo (big blind) folded on the Flop



PokerStars Hand #239333443460:  Hold'em No Limit ($0.01/$0.02 USD) - 2022/10/19 18:57:02 ET
Table 'Alrischa' 6-max Seat #5 is the button
Seat 1: Sarcasticsam ($2.23 in chips) 
Seat 2: Lemonstr777 ($2.17 in chips) 
Seat 3: gelopoly ($3.35 in chips) 
Seat 4: albertomsc01 ($2 in chips) 
Seat 5: lprebsi69 ($0.65 in chips) 
Seat 6: Lorpugo ($2.98 in chips) 
Lorpugo: posts small blind $0.01
Sarcasticsam: posts big blind $0.02
albertomsc01: posts big blind $0.02
*** HOLE CARDS ***
Dealt to Lorpugo [2c 3c]
Lemonstr777: folds 
gelopoly: folds 
albertomsc01: raises $0.04 to $0.06
lprebsi69: calls $0.06
Lorpugo: calls $0.05
Sarcasticsam: folds 
*** FLOP *** [8s Tc Qc]
Lorpugo: checks 
albertomsc01: checks 
lprebsi69: checks 
*** TURN *** [8s Tc Qc] [Th]
Lorpugo: checks 
albertomsc01: bets $0.10
lprebsi69: folds 
Lorpugo: calls $0.10
*** RIVER *** [8s Tc Qc Th] [2d]
Lorpugo: checks 
albertomsc01: checks 
*** SHOW DOWN ***
Lorpugo: shows [2c 3c] (two pair, Tens and Deuces)
albertomsc01: mucks hand 
Lorpugo collected $0.39 from pot
*** SUMMARY ***
Total pot $0.40 | Rake $0.01 
Board [8s Tc Qc Th 2d]
Seat 1: Sarcasticsam (big blind) folded before Flop
Seat 2: Lemonstr777 folded before Flop (didn't bet)
Seat 3: gelopoly folded before Flop (didn't bet)
Seat 4: albertomsc01 mucked [Kd Ad]
Seat 5: lprebsi69 (button) folded on the Turn
Seat 6: Lorpugo (small blind) showed [2c 3c] and won ($0.39) with two pair, Tens and Deuces



PokerStars Hand #239333454851:  Hold'em No Limit ($0.01/$0.02 USD) - 2022/10/19 18:57:53 ET
Table 'Alrischa' 6-max Seat #6 is the button
Seat 1: Sarcasticsam ($2.21 in chips) 
Seat 2: Lemonstr777 ($2.17 in chips) 
Seat 3: gelopoly ($3.35 in chips) 
Seat 4: albertomsc01 ($1.84 in chips) 
Seat 5: lprebsi69 ($0.59 in chips) 
Seat 6: Lorpugo ($3.21 in chips) 
Sarcasticsam: posts small blind $0.01
Lemonstr777: posts big blind $0.02
*** HOLE CARDS ***
Dealt to Lorpugo [2c 4s]
gelopoly: folds 
albertomsc01: folds 
lprebsi69: calls $0.02
Lorpugo: folds 
Sarcasticsam: calls $0.01
Lemonstr777: checks 
*** FLOP *** [Ac 6s Kd]
Sarcasticsam: checks 
Lemonstr777: checks 
lprebsi69: checks 
*** TURN *** [Ac 6s Kd] [2h]
Sarcasticsam: checks 
Lemonstr777: checks 
lprebsi69: bets $0.06
Sarcasticsam: folds 
Lemonstr777: folds 
Uncalled bet ($0.06) returned to lprebsi69
lprebsi69 collected $0.06 from pot
*** SUMMARY ***
Total pot $0.06 | Rake $0 
Board [Ac 6s Kd 2h]
Seat 1: Sarcasticsam (small blind) folded on the Turn
Seat 2: Lemonstr777 (big blind) folded on the Turn
Seat 3: gelopoly folded before Flop (didn't bet)
Seat 4: albertomsc01 folded before Flop (didn't bet)
Seat 5: lprebsi69 collected ($0.06)
Seat 6: Lorpugo (button) folded before Flop (didn't bet)



PokerStars Hand #239333470438:  Hold'em No Limit ($0.01/$0.02 USD) - 2022/10/19 18:59:02 ET
Table 'Alrischa' 6-max Seat #1 is the button
Seat 1: Sarcasticsam ($2.19 in chips) 
Seat 2: Lemonstr777 ($2.15 in chips) 
Seat 3: gelopoly ($3.35 in chips) 
Seat 4: albertomsc01 ($1.84 in chips) 
Seat 5: lprebsi69 ($0.63 in chips) 
Seat 6: Lorpugo ($3.21 in chips) 
Lemonstr777: posts small blind $0.01
gelopoly: posts big blind $0.02
*** HOLE CARDS ***
Dealt to Lorpugo [5s Td]
albertomsc01: folds 
lprebsi69: calls $0.02
Lorpugo: folds 
Sarcasticsam: folds 
Lemonstr777: folds 
gelopoly: checks 
*** FLOP *** [Jc Ks Js]
gelopoly: checks 
lprebsi69: bets $0.02
gelopoly: folds 
Uncalled bet ($0.02) returned to lprebsi69
lprebsi69 collected $0.05 from pot
*** SUMMARY ***
Total pot $0.05 | Rake $0 
Board [Jc Ks Js]
Seat 1: Sarcasticsam (button) folded before Flop (didn't bet)
Seat 2: Lemonstr777 (small blind) folded before Flop
Seat 3: gelopoly (big blind) folded on the Flop
Seat 4: albertomsc01 folded before Flop (didn't bet)
Seat 5: lprebsi69 collected ($0.05)
Seat 6: Lorpugo folded before Flop (didn't bet)



PokerStars Hand #239333476520:  Hold'em No Limit ($0.01/$0.02 USD) - 2022/10/19 18:59:30 ET
Table 'Alrischa' 6-max Seat #2 is the button
Seat 1: Sarcasticsam ($2.19 in chips) 
Seat 2: Lemonstr777 ($2.14 in chips) 
Seat 3: gelopoly ($3.33 in chips) 
Seat 4: albertomsc01 ($1.84 in chips) 
Seat 5: lprebsi69 ($0.66 in chips) 
Seat 6: Lorpugo ($3.21 in chips) 
gelopoly: posts small blind $0.01
albertomsc01: posts big blind $0.02
*** HOLE CARDS ***
Dealt to Lorpugo [8h Qc]
lprebsi69: folds 
Lorpugo: folds 
Sarcasticsam: folds 
Lemonstr777: folds 
gelopoly: folds 
Uncalled bet ($0.01) returned to albertomsc01
albertomsc01 collected $0.02 from pot
*** SUMMARY ***
Total pot $0.02 | Rake $0 
Seat 1: Sarcasticsam folded before Flop (didn't bet)
Seat 2: Lemonstr777 (button) folded before Flop (didn't bet)
Seat 3: gelopoly (small blind) folded before Flop
Seat 4: albertomsc01 (big blind) collected ($0.02)
Seat 5: lprebsi69 folded before Flop (didn't bet)
Seat 6: Lorpugo folded before Flop (didn't bet)



PokerStars Hand #239333480337:  Hold'em No Limit ($0.01/$0.02 USD) - 2022/10/19 18:59:47 ET
Table 'Alrischa' 6-max Seat #3 is the button
Seat 1: Sarcasticsam ($2.19 in chips) 
Seat 2: Lemonstr777 ($2.14 in chips) 
Seat 3: gelopoly ($3.32 in chips) 
Seat 4: albertomsc01 ($1.85 in chips) 
Seat 5: lprebsi69 ($0.66 in chips) 
Seat 6: Lorpugo ($3.21 in chips) 
albertomsc01: posts small blind $0.01
lprebsi69: posts big blind $0.02
*** HOLE CARDS ***
Dealt to Lorpugo [5c 7h]
Lorpugo: folds 
Sarcasticsam: folds 
Lemonstr777: folds 
gelopoly: folds 
albertomsc01: raises $0.02 to $0.04
lprebsi69: folds 
Uncalled bet ($0.02) returned to albertomsc01
albertomsc01 collected $0.04 from pot
*** SUMMARY ***
Total pot $0.04 | Rake $0 
Seat 1: Sarcasticsam folded before Flop (didn't bet)
Seat 2: Lemonstr777 folded before Flop (didn't bet)
Seat 3: gelopoly (button) folded before Flop (didn't bet)
Seat 4: albertomsc01 (small blind) collected ($0.04)
Seat 5: lprebsi69 (big blind) folded before Flop
Seat 6: Lorpugo folded before Flop (didn't bet)



PokerStars Hand #239333484168:  Hold'em No Limit ($0.01/$0.02 USD) - 2022/10/19 19:00:04 ET
Table 'Alrischa' 6-max Seat #4 is the button
Seat 1: Sarcasticsam ($2.19 in chips) 
Seat 2: Lemonstr777 ($2.14 in chips) 
Seat 3: gelopoly ($3.32 in chips) 
Seat 4: albertomsc01 ($1.87 in chips) 
Seat 5: lprebsi69 ($0.64 in chips) 
Seat 6: Lorpugo ($3.21 in chips) 
lprebsi69: posts small blind $0.01
Lorpugo: posts big blind $0.02
*** HOLE CARDS ***
Dealt to Lorpugo [5c 7c]
Sarcasticsam: folds 
Lemonstr777: folds 
gelopoly: folds 
albertomsc01: folds 
lprebsi69: calls $0.01
Lorpugo: raises $0.10 to $0.12
lprebsi69: folds 
Uncalled bet ($0.10) returned to Lorpugo
Lorpugo collected $0.04 from pot
Lorpugo: doesn't show hand 
*** SUMMARY ***
Total pot $0.04 | Rake $0 
Seat 1: Sarcasticsam folded before Flop (didn't bet)
Seat 2: Lemonstr777 folded before Flop (didn't bet)
Seat 3: gelopoly folded before Flop (didn't bet)
Seat 4: albertomsc01 (button) folded before Flop (didn't bet)
Seat 5: lprebsi69 (small blind) folded before Flop
Seat 6: Lorpugo (big blind) collected ($0.04)



PokerStars Hand #239333489542:  Hold'em No Limit ($0.01/$0.02 USD) - 2022/10/19 19:00:27 ET
Table 'Alrischa' 6-max Seat #5 is the button
Seat 1: Sarcasticsam ($2.19 in chips) 
Seat 2: Lemonstr777 ($2.14 in chips) 
Seat 3: gelopoly ($3.32 in chips) 
Seat 4: albertomsc01 ($1.87 in chips) 
Seat 5: lprebsi69 ($0.62 in chips) 
Seat 6: Lorpugo ($3.23 in chips) 
Lorpugo: posts small blind $0.01
Sarcasticsam: posts big blind $0.02
*** HOLE CARDS ***
Dealt to Lorpugo [2c 2h]
Lemonstr777: folds 
gelopoly has timed out
gelopoly: folds 
albertomsc01: raises $0.02 to $0.04
lprebsi69: folds 
Lorpugo: calls $0.03
Sarcasticsam: folds 
*** FLOP *** [Tc 8h Ah]
Lorpugo: checks 
albertomsc01: bets $0.06
Lorpugo: folds 
Uncalled bet ($0.06) returned to albertomsc01
albertomsc01 collected $0.10 from pot
*** SUMMARY ***
Total pot $0.10 | Rake $0 
Board [Tc 8h Ah]
Seat 1: Sarcasticsam (big blind) folded before Flop
Seat 2: Lemonstr777 folded before Flop (didn't bet)
Seat 3: gelopoly folded before Flop (didn't bet)
Seat 4: albertomsc01 collected ($0.10)
Seat 5: lprebsi69 (button) folded before Flop (didn't bet)
Seat 6: Lorpugo (small blind) folded on the Flop



PokerStars Hand #239333496700:  Hold'em No Limit ($0.01/$0.02 USD) - 2022/10/19 19:00:58 ET
Table 'Alrischa' 6-max Seat #6 is the button
Seat 1: Sarcasticsam ($2.17 in chips) 
Seat 2: Lemonstr777 ($2.14 in chips) 
Seat 3: gelopoly ($3.32 in chips) 
Seat 4: albertomsc01 ($1.93 in chips) 
Seat 5: lprebsi69 ($0.62 in chips) 
Seat 6: Lorpugo ($3.19 in chips) 
Sarcasticsam: posts small blind $0.01
Lemonstr777: posts big blind $0.02
*** HOLE CARDS ***
Dealt to Lorpugo [4d 5s]
gelopoly: folds 
albertomsc01: folds 
lprebsi69: raises $0.04 to $0.06
Lorpugo: folds 
Sarcasticsam: folds 
Lemonstr777: folds 
Uncalled bet ($0.04) returned to lprebsi69
lprebsi69 collected $0.05 from pot
*** SUMMARY ***
Total pot $0.05 | Rake $0 
Seat 1: Sarcasticsam (small blind) folded before Flop
Seat 2: Lemonstr777 (big blind) folded before Flop
Seat 3: gelopoly folded before Flop (didn't bet)
Seat 4: albertomsc01 folded before Flop (didn't bet)
Seat 5: lprebsi69 collected ($0.05)
Seat 6: Lorpugo (button) folded before Flop (didn't bet)



PokerStars Hand #239333501701:  Hold'em No Limit ($0.01/$0.02 USD) - 2022/10/19 19:01:17 ET
Table 'Alrischa' 6-max Seat #1 is the button
Seat 1: Sarcasticsam ($2.16 in chips) 
Seat 2: Lemonstr777 ($2.12 in chips) 
Seat 3: gelopoly ($3.32 in chips) 
Seat 4: albertomsc01 ($1.93 in chips) 
Seat 5: lprebsi69 ($0.65 in chips) 
Seat 6: Lorpugo ($3.19 in chips) 
Lemonstr777: posts small blind $0.01
gelopoly: posts big blind $0.02
*** HOLE CARDS ***
Dealt to Lorpugo [Qs 5c]
albertomsc01: raises $0.02 to $0.04
lprebsi69: folds 
Lorpugo: folds 
Sarcasticsam: folds 
Lemonstr777: calls $0.03
gelopoly: raises $0.04 to $0.08
albertomsc01: calls $0.04
Lemonstr777: folds 
*** FLOP *** [Jd Kc 3d]
gelopoly: checks 
albertomsc01: checks 
*** TURN *** [Jd Kc 3d] [9h]
gelopoly: bets $0.12
albertomsc01: folds 
Uncalled bet ($0.12) returned to gelopoly
gelopoly collected $0.19 from pot
*** SUMMARY ***
Total pot $0.20 | Rake $0.01 
Board [Jd Kc 3d 9h]
Seat 1: Sarcasticsam (button) folded before Flop (didn't bet)
Seat 2: Lemonstr777 (small blind) folded before Flop
Seat 3: gelopoly (big blind) collected ($0.19)
Seat 4: albertomsc01 folded on the Turn
Seat 5: lprebsi69 folded before Flop (didn't bet)
Seat 6: Lorpugo folded before Flop (didn't bet)



PokerStars Hand #239333516356:  Hold'em No Limit ($0.01/$0.02 USD) - 2022/10/19 19:02:11 ET
Table 'Alrischa' 6-max Seat #2 is the button
Seat 1: Sarcasticsam ($2.16 in chips) 
Seat 2: Lemonstr777 ($2.08 in chips) 
Seat 3: gelopoly ($3.43 in chips) 
Seat 4: albertomsc01 ($1.85 in chips) 
Seat 5: lprebsi69 ($0.65 in chips) 
Seat 6: Lorpugo ($3.19 in chips) 
gelopoly: posts small blind $0.01
albertomsc01: posts big blind $0.02
*** HOLE CARDS ***
Dealt to Lorpugo [2h 5h]
lprebsi69: folds 
Lorpugo: folds 
Sarcasticsam: folds 
Lemonstr777: raises $0.04 to $0.06
gelopoly: folds 
albertomsc01: raises $0.08 to $0.14
Lemonstr777: folds 
Uncalled bet ($0.08) returned to albertomsc01
albertomsc01 collected $0.13 from pot
*** SUMMARY ***
Total pot $0.13 | Rake $0 
Seat 1: Sarcasticsam folded before Flop (didn't bet)
Seat 2: Lemonstr777 (button) folded before Flop
Seat 3: gelopoly (small blind) folded before Flop
Seat 4: albertomsc01 (big blind) collected ($0.13)
Seat 5: lprebsi69 folded before Flop (didn't bet)
Seat 6: Lorpugo folded before Flop (didn't bet)



PokerStars Hand #239333522597:  Hold'em No Limit ($0.01/$0.02 USD) - 2022/10/19 19:02:34 ET
Table 'Alrischa' 6-max Seat #3 is the button
Seat 1: Sarcasticsam ($2.16 in chips) 
Seat 2: Lemonstr777 ($2.02 in chips) 
Seat 3: gelopoly ($3.42 in chips) 
Seat 4: albertomsc01 ($1.92 in chips) 
Seat 5: lprebsi69 ($0.65 in chips) 
Seat 6: Lorpugo ($3.19 in chips) 
albertomsc01: posts small blind $0.01
lprebsi69: posts big blind $0.02
*** HOLE CARDS ***
Dealt to Lorpugo [Ac Ah]
Lorpugo: raises $0.04 to $0.06
Sarcasticsam: folds 
Lemonstr777: folds 
gelopoly: folds 
albertomsc01: calls $0.05
lprebsi69: folds 
*** FLOP *** [3c 9c 7h]
albertomsc01: checks 
Lorpugo: bets $0.09
albertomsc01: calls $0.09
*** TURN *** [3c 9c 7h] [6c]
albertomsc01: checks 
Lorpugo: bets $0.20
albertomsc01: calls $0.20
*** RIVER *** [3c 9c 7h 6c] [6h]
albertomsc01: bets $0.30
Lorpugo: calls $0.30
*** SHOW DOWN ***
albertomsc01: shows [Ks 9d] (two pair, Nines and Sixes)
Lorpugo: shows [Ac Ah] (two pair, Aces and Sixes)
Lorpugo collected $1.27 from pot
*** SUMMARY ***
Total pot $1.32 | Rake $0.05 
Board [3c 9c 7h 6c 6h]
Seat 1: Sarcasticsam folded before Flop (didn't bet)
Seat 2: Lemonstr777 folded before Flop (didn't bet)
Seat 3: gelopoly (button) folded before Flop (didn't bet)
Seat 4: albertomsc01 (small blind) showed [Ks 9d] and lost with two pair, Nines and Sixes
Seat 5: lprebsi69 (big blind) folded before Flop
Seat 6: Lorpugo showed [Ac Ah] and won ($1.27) with two pair, Aces and Sixes



PokerStars Hand #239333532933:  Hold'em No Limit ($0.01/$0.02 USD) - 2022/10/19 19:03:13 ET
Table 'Alrischa' 6-max Seat #4 is the button
Seat 1: Sarcasticsam ($2.16 in chips) 
Seat 2: Lemonstr777 ($2.02 in chips) 
Seat 3: gelopoly ($3.42 in chips) 
Seat 4: albertomsc01 ($1.27 in chips) 
Seat 5: lprebsi69 ($0.63 in chips) 
Seat 6: Lorpugo ($3.81 in chips) 
lprebsi69: posts small blind $0.01
Lorpugo: posts big blind $0.02
*** HOLE CARDS ***
Dealt to Lorpugo [Qd Kd]
Sarcasticsam: folds 
Lemonstr777: raises $0.04 to $0.06
gelopoly: folds 
albertomsc01: folds 
albertomsc01 leaves the table
lprebsi69: calls $0.05
Lorpugo: calls $0.04
*** FLOP *** [Jc 5h Ah]
lprebsi69: bets $0.02
Lorpugo: calls $0.02
Lemonstr777: calls $0.02
*** TURN *** [Jc 5h Ah] [Ad]
lprebsi69: bets $0.02
Lorpugo: raises $0.17 to $0.19
Lemonstr777: folds 
lprebsi69: calls $0.17
*** RIVER *** [Jc 5h Ah Ad] [4s]
lprebsi69: bets $0.36 and is all-in
Lorpugo: folds 
Uncalled bet ($0.36) returned to lprebsi69
lprebsi69 collected $0.60 from pot
*** SUMMARY ***
Total pot $0.62 | Rake $0.02 
Board [Jc 5h Ah Ad 4s]
Seat 1: Sarcasticsam folded before Flop (didn't bet)
Seat 2: Lemonstr777 folded on the Turn
Seat 3: gelopoly folded before Flop (didn't bet)
Seat 4: albertomsc01 (button) folded before Flop (didn't bet)
Seat 5: lprebsi69 (small blind) collected ($0.60)
Seat 6: Lorpugo (big blind) folded on the River



PokerStars Hand #239333551080:  Hold'em No Limit ($0.01/$0.02 USD) - 2022/10/19 19:04:20 ET
Table 'Alrischa' 6-max Seat #5 is the button
Seat 1: Sarcasticsam ($2.16 in chips) 
Seat 2: Lemonstr777 ($2 in chips) 
Seat 3: gelopoly ($3.42 in chips) 
Seat 5: lprebsi69 ($0.96 in chips) 
Seat 6: Lorpugo ($3.54 in chips) 
Lorpugo: posts small blind $0.01
Sarcasticsam: posts big blind $0.02
*** HOLE CARDS ***
Dealt to Lorpugo [Qs 6c]
Lemonstr777: raises $0.04 to $0.06
gelopoly: folds 
lprebsi69: folds 
jhonathanjf2 joins the table at seat #4 
Lorpugo: folds 
Sarcasticsam: folds 
Uncalled bet ($0.04) returned to Lemonstr777
Lemonstr777 collected $0.05 from pot
*** SUMMARY ***
Total pot $0.05 | Rake $0 
Seat 1: Sarcasticsam (big blind) folded before Flop
Seat 2: Lemonstr777 collected ($0.05)
Seat 3: gelopoly folded before Flop (didn't bet)
Seat 5: lprebsi69 (button) folded before Flop (didn't bet)
Seat 6: Lorpugo (small blind) folded before Flop



PokerStars Hand #239333555023:  Hold'em No Limit ($0.01/$0.02 USD) - 2022/10/19 19:04:35 ET
Table 'Alrischa' 6-max Seat #6 is the button
Seat 1: Sarcasticsam ($2.14 in chips) 
Seat 2: Lemonstr777 ($2.03 in chips) 
Seat 3: gelopoly ($3.42 in chips) 
Seat 5: lprebsi69 ($0.96 in chips) 
Seat 6: Lorpugo ($3.53 in chips) 
Sarcasticsam: posts small blind $0.01
Lemonstr777: posts big blind $0.02
jhonathanjf2: sits out 
*** HOLE CARDS ***
Dealt to Lorpugo [9c 8s]
gelopoly: folds 
lprebsi69: calls $0.02
Lorpugo: raises $0.10 to $0.12
Sarcasticsam: folds 
Lemonstr777: folds 
lprebsi69: folds 
Uncalled bet ($0.10) returned to Lorpugo
Lorpugo collected $0.07 from pot
Lorpugo: doesn't show hand 
*** SUMMARY ***
Total pot $0.07 | Rake $0 
Seat 1: Sarcasticsam (small blind) folded before Flop
Seat 2: Lemonstr777 (big blind) folded before Flop
Seat 3: gelopoly folded before Flop (didn't bet)
Seat 5: lprebsi69 folded before Flop
Seat 6: Lorpugo (button) collected ($0.07)



PokerStars Hand #239333561017:  Hold'em No Limit ($0.01/$0.02 USD) - 2022/10/19 19:04:57 ET
Table 'Alrischa' 6-max Seat #1 is the button
Seat 1: Sarcasticsam ($2.13 in chips) 
Seat 2: Lemonstr777 ($2.01 in chips) 
Seat 3: gelopoly ($3.42 in chips) 
Seat 4: jhonathanjf2 ($0.80 in chips) 
Seat 5: lprebsi69 ($0.94 in chips) 
Seat 6: Lorpugo ($3.58 in chips) 
Lemonstr777: posts small blind $0.01
gelopoly: posts big blind $0.02
jhonathanjf2: posts big blind $0.02
*** HOLE CARDS ***
Dealt to Lorpugo [2c Ks]
jhonathanjf2: checks 
lprebsi69: folds 
Lorpugo: folds 
Sarcasticsam: raises $0.02 to $0.04
Lemonstr777: folds 
gelopoly: folds 
jhonathanjf2: folds 
Uncalled bet ($0.02) returned to Sarcasticsam
Sarcasticsam collected $0.07 from pot
*** SUMMARY ***
Total pot $0.07 | Rake $0 
Seat 1: Sarcasticsam (button) collected ($0.07)
Seat 2: Lemonstr777 (small blind) folded before Flop
Seat 3: gelopoly (big blind) folded before Flop
Seat 4: jhonathanjf2 folded before Flop (didn't bet)
Seat 5: lprebsi69 folded before Flop (didn't bet)
Seat 6: Lorpugo folded before Flop (didn't bet)



PokerStars Hand #239333569485:  Hold'em No Limit ($0.01/$0.02 USD) - 2022/10/19 19:05:29 ET
Table 'Alrischa' 6-max Seat #3 is the button
Seat 1: Sarcasticsam ($2.18 in chips) 
Seat 3: gelopoly ($3.40 in chips) 
Seat 4: jhonathanjf2 ($0.78 in chips) 
Seat 5: lprebsi69 ($0.94 in chips) 
Seat 6: Lorpugo ($3.58 in chips) 
jhonathanjf2: posts small blind $0.01
lprebsi69: posts big blind $0.02
*** HOLE CARDS ***
Dealt to Lorpugo [8d 6s]
Lorpugo: folds 
Sarcasticsam: folds 
gelopoly: folds 
jhonathanjf2: calls $0.01
lprebsi69: raises $0.02 to $0.04
jhonathanjf2: calls $0.02
*** FLOP *** [6c Jh 3d]
jhonathanjf2: checks 
lprebsi69: checks 
*** TURN *** [6c Jh 3d] [Ah]
jhonathanjf2: checks 
lprebsi69: bets $0.02
jhonathanjf2: calls $0.02
*** RIVER *** [6c Jh 3d Ah] [4d]
jhonathanjf2: checks 
lprebsi69: bets $0.10
jhonathanjf2: folds 
Uncalled bet ($0.10) returned to lprebsi69
lprebsi69 collected $0.12 from pot
*** SUMMARY ***
Total pot $0.12 | Rake $0 
Board [6c Jh 3d Ah 4d]
Seat 1: Sarcasticsam folded before Flop (didn't bet)
Seat 3: gelopoly (button) folded before Flop (didn't bet)
Seat 4: jhonathanjf2 (small blind) folded on the River
Seat 5: lprebsi69 (big blind) collected ($0.12)
Seat 6: Lorpugo folded before Flop (didn't bet)



PokerStars Hand #239333581820:  Hold'em No Limit ($0.01/$0.02 USD) - 2022/10/19 19:06:16 ET
Table 'Alrischa' 6-max Seat #4 is the button
Seat 1: Sarcasticsam ($2.18 in chips) 
Seat 3: gelopoly ($3.40 in chips) 
Seat 4: jhonathanjf2 ($0.72 in chips) 
Seat 5: lprebsi69 ($1 in chips) 
Seat 6: Lorpugo ($3.58 in chips) 
lprebsi69: posts small blind $0.01
Lorpugo: posts big blind $0.02
*** HOLE CARDS ***
Dealt to Lorpugo [Ac Qs]
Sarcasticsam: folds 
gelopoly: folds 
jhonathanjf2: folds 
lprebsi69: calls $0.01
Lorpugo: raises $0.10 to $0.12
lprebsi69: folds 
Uncalled bet ($0.10) returned to Lorpugo
Lorpugo collected $0.04 from pot
Lorpugo: doesn't show hand 
*** SUMMARY ***
Total pot $0.04 | Rake $0 
Seat 1: Sarcasticsam folded before Flop (didn't bet)
Seat 3: gelopoly folded before Flop (didn't bet)
Seat 4: jhonathanjf2 (button) folded before Flop (didn't bet)
Seat 5: lprebsi69 (small blind) folded before Flop
Seat 6: Lorpugo (big blind) collected ($0.04)



PokerStars Hand #239333587915:  Hold'em No Limit ($0.01/$0.02 USD) - 2022/10/19 19:06:39 ET
Table 'Alrischa' 6-max Seat #5 is the button
Seat 1: Sarcasticsam ($2.18 in chips) 
Seat 3: gelopoly ($3.40 in chips) 
Seat 4: jhonathanjf2 ($0.72 in chips) 
Seat 5: lprebsi69 ($0.98 in chips) 
Seat 6: Lorpugo ($3.60 in chips) 
Lorpugo: posts small blind $0.01
Sarcasticsam: posts big blind $0.02
*** HOLE CARDS ***
Dealt to Lorpugo [Th 6s]
gelopoly: folds 
jhonathanjf2: calls $0.02
lprebsi69: raises $0.02 to $0.04
Lorpugo: folds 
Sarcasticsam: calls $0.02
jhonathanjf2: raises $0.02 to $0.06
lprebsi69: calls $0.02
Sarcasticsam: calls $0.02
*** FLOP *** [Jc 4s Qc]
Sarcasticsam: checks 
jhonathanjf2: bets $0.06
lprebsi69: calls $0.06
Sarcasticsam: calls $0.06
*** TURN *** [Jc 4s Qc] [4c]
Sarcasticsam: checks 
jhonathanjf2: bets $0.18
lprebsi69: calls $0.18
Sarcasticsam: folds 
*** RIVER *** [Jc 4s Qc 4c] [Js]
jhonathanjf2: bets $0.42 and is all-in
lprebsi69: folds 
Uncalled bet ($0.42) returned to jhonathanjf2
jhonathanjf2 collected $0.70 from pot
*** SUMMARY ***
Total pot $0.73 | Rake $0.03 
Board [Jc 4s Qc 4c Js]
Seat 1: Sarcasticsam (big blind) folded on the Turn
Seat 3: gelopoly folded before Flop (didn't bet)
Seat 4: jhonathanjf2 collected ($0.70)
Seat 5: lprebsi69 (button) folded on the River
Seat 6: Lorpugo (small blind) folded before Flop



PokerStars Hand #239333605174:  Hold'em No Limit ($0.01/$0.02 USD) - 2022/10/19 19:07:45 ET
Table 'Alrischa' 6-max Seat #6 is the button
Seat 1: Sarcasticsam ($2.06 in chips) 
Seat 2: Lemonstr777 ($2 in chips) 
Seat 3: gelopoly ($3.40 in chips) 
Seat 4: jhonathanjf2 ($1.12 in chips) 
Seat 5: lprebsi69 ($0.68 in chips) 
Seat 6: Lorpugo ($3.59 in chips) 
Sarcasticsam: posts small blind $0.01
Lemonstr777: posts big blind $0.02
*** HOLE CARDS ***
Dealt to Lorpugo [Tc 4s]
gelopoly: folds 
jhonathanjf2: folds 
lprebsi69: raises $0.02 to $0.04
Lorpugo: folds 
Sarcasticsam: folds 
Lemonstr777: calls $0.02
*** FLOP *** [As Qc Ad]
Lemonstr777: checks 
lprebsi69: checks 
*** TURN *** [As Qc Ad] [Th]
Lemonstr777: bets $0.05
lprebsi69: raises $0.05 to $0.10
Lemonstr777: folds 
Uncalled bet ($0.05) returned to lprebsi69
lprebsi69 collected $0.18 from pot
*** SUMMARY ***
Total pot $0.19 | Rake $0.01 
Board [As Qc Ad Th]
Seat 1: Sarcasticsam (small blind) folded before Flop
Seat 2: Lemonstr777 (big blind) folded on the Turn
Seat 3: gelopoly folded before Flop (didn't bet)
Seat 4: jhonathanjf2 folded before Flop (didn't bet)
Seat 5: lprebsi69 collected ($0.18)
Seat 6: Lorpugo (button) folded before Flop (didn't bet)



PokerStars Hand #239333613674:  Hold'em No Limit ($0.01/$0.02 USD) - 2022/10/19 19:08:17 ET
Table 'Alrischa' 6-max Seat #1 is the button
Seat 1: Sarcasticsam ($2.05 in chips) 
Seat 2: Lemonstr777 ($2 in chips) 
Seat 3: gelopoly ($3.40 in chips) 
Seat 4: jhonathanjf2 ($1.12 in chips) 
Seat 5: lprebsi69 ($0.77 in chips) 
Seat 6: Lorpugo ($3.59 in chips) 
Lemonstr777: posts small blind $0.01
gelopoly: posts big blind $0.02
*** HOLE CARDS ***
Dealt to Lorpugo [6h 8s]
jhonathanjf2: folds 
lprebsi69: folds 
Lorpugo: raises $0.04 to $0.06
Sarcasticsam: folds 
Lemonstr777: folds 
gelopoly: calls $0.04
*** FLOP *** [Qs Ad Ks]
gelopoly: bets $0.06
Lorpugo: folds 
Uncalled bet ($0.06) returned to gelopoly
gelopoly collected $0.13 from pot
*** SUMMARY ***
Total pot $0.13 | Rake $0 
Board [Qs Ad Ks]
Seat 1: Sarcasticsam (button) folded before Flop (didn't bet)
Seat 2: Lemonstr777 (small blind) folded before Flop
Seat 3: gelopoly (big blind) collected ($0.13)
Seat 4: jhonathanjf2 folded before Flop (didn't bet)
Seat 5: lprebsi69 folded before Flop (didn't bet)
Seat 6: Lorpugo folded on the Flop



PokerStars Hand #239333623688:  Hold'em No Limit ($0.01/$0.02 USD) - 2022/10/19 19:08:55 ET
Table 'Alrischa' 6-max Seat #2 is the button
Seat 1: Sarcasticsam ($2.05 in chips) 
Seat 2: Lemonstr777 ($2 in chips) 
Seat 3: gelopoly ($3.47 in chips) 
Seat 4: jhonathanjf2 ($1.12 in chips) 
Seat 5: lprebsi69 ($0.77 in chips) 
Seat 6: Lorpugo ($3.53 in chips) 
gelopoly: posts small blind $0.01
jhonathanjf2: posts big blind $0.02
*** HOLE CARDS ***
Dealt to Lorpugo [8d Jd]
lprebsi69: folds 
Lorpugo: raises $0.04 to $0.06
Sarcasticsam: folds 
Lemonstr777: folds 
gelopoly: folds 
jhonathanjf2: folds 
Uncalled bet ($0.04) returned to Lorpugo
Lorpugo collected $0.05 from pot
Lorpugo: doesn't show hand 
*** SUMMARY ***
Total pot $0.05 | Rake $0 
Seat 1: Sarcasticsam folded before Flop (didn't bet)
Seat 2: Lemonstr777 (button) folded before Flop (didn't bet)
Seat 3: gelopoly (small blind) folded before Flop
Seat 4: jhonathanjf2 (big blind) folded before Flop
Seat 5: lprebsi69 folded before Flop (didn't bet)
Seat 6: Lorpugo collected ($0.05)



PokerStars Hand #239333627503:  Hold'em No Limit ($0.01/$0.02 USD) - 2022/10/19 19:09:09 ET
Table 'Alrischa' 6-max Seat #3 is the button
Seat 1: Sarcasticsam ($2.05 in chips) 
Seat 2: Lemonstr777 ($2 in chips) 
Seat 3: gelopoly ($3.46 in chips) 
Seat 4: jhonathanjf2 ($1.10 in chips) 
Seat 5: lprebsi69 ($0.77 in chips) 
Seat 6: Lorpugo ($3.56 in chips) 
jhonathanjf2: posts small blind $0.01
lprebsi69: posts big blind $0.02
*** HOLE CARDS ***
Dealt to Lorpugo [Td Qh]
Lorpugo: folds 
Sarcasticsam: calls $0.02
Lemonstr777: folds 
gelopoly: folds 
jhonathanjf2: calls $0.01
lprebsi69: checks 
*** FLOP *** [6h 9c 2d]
jhonathanjf2: checks 
lprebsi69: bets $0.04
Sarcasticsam: folds 
jhonathanjf2: folds 
Uncalled bet ($0.04) returned to lprebsi69
lprebsi69 collected $0.06 from pot
*** SUMMARY ***
Total pot $0.06 | Rake $0 
Board [6h 9c 2d]
Seat 1: Sarcasticsam folded on the Flop
Seat 2: Lemonstr777 folded before Flop (didn't bet)
Seat 3: gelopoly (button) folded before Flop (didn't bet)
Seat 4: jhonathanjf2 (small blind) folded on the Flop
Seat 5: lprebsi69 (big blind) collected ($0.06)
Seat 6: Lorpugo folded before Flop (didn't bet)



PokerStars Hand #239333635474:  Hold'em No Limit ($0.01/$0.02 USD) - 2022/10/19 19:09:40 ET
Table 'Alrischa' 6-max Seat #4 is the button
Seat 1: Sarcasticsam ($2.03 in chips) 
Seat 2: Lemonstr777 ($2 in chips) 
Seat 3: gelopoly ($3.46 in chips) 
Seat 4: jhonathanjf2 ($1.08 in chips) 
Seat 5: lprebsi69 ($0.81 in chips) 
Seat 6: Lorpugo ($3.56 in chips) 
lprebsi69: posts small blind $0.01
Lorpugo: posts big blind $0.02
*** HOLE CARDS ***
Dealt to Lorpugo [2s Ks]
Sarcasticsam: calls $0.02
Lemonstr777: raises $0.06 to $0.08
gelopoly: folds 
jhonathanjf2: folds 
lprebsi69: folds 
Lorpugo: folds 
Sarcasticsam: calls $0.06
*** FLOP *** [Qd 5h 7h]
Sarcasticsam: checks 
Lemonstr777: bets $0.08
Sarcasticsam: calls $0.08
*** TURN *** [Qd 5h 7h] [2d]
Sarcasticsam: checks 
Lemonstr777: checks 
*** RIVER *** [Qd 5h 7h 2d] [Kc]
Sarcasticsam: bets $1.87 and is all-in
Lemonstr777: folds 
Uncalled bet ($1.87) returned to Sarcasticsam
Sarcasticsam collected $0.34 from pot
*** SUMMARY ***
Total pot $0.35 | Rake $0.01 
Board [Qd 5h 7h 2d Kc]
Seat 1: Sarcasticsam collected ($0.34)
Seat 2: Lemonstr777 folded on the River
Seat 3: gelopoly folded before Flop (didn't bet)
Seat 4: jhonathanjf2 (button) folded before Flop (didn't bet)
Seat 5: lprebsi69 (small blind) folded before Flop
Seat 6: Lorpugo (big blind) folded before Flop



PokerStars Hand #239333645566:  Hold'em No Limit ($0.01/$0.02 USD) - 2022/10/19 19:10:19 ET
Table 'Alrischa' 6-max Seat #5 is the button
Seat 2: Lemonstr777 ($2 in chips) 
Seat 3: gelopoly ($3.46 in chips) 
Seat 4: jhonathanjf2 ($1.08 in chips) 
Seat 5: lprebsi69 ($0.80 in chips) 
Seat 6: Lorpugo ($3.54 in chips) 
Lorpugo: posts small blind $0.01
Sarcasticsam: is sitting out 
Lemonstr777: posts big blind $0.02
*** HOLE CARDS ***
Dealt to Lorpugo [8s Qd]
gelopoly: folds 
Sarcasticsam leaves the table
jhonathanjf2: folds 
lprebsi69: folds 
Lorpugo: raises $0.04 to $0.06
Lemonstr777: calls $0.04
*** FLOP *** [5s Th As]
Lorpugo: bets $0.04
Lemonstr777: calls $0.04
*** TURN *** [5s Th As] [9s]
kahzura joins the table at seat #1 
Lorpugo: checks 
Lemonstr777: bets $0.08
Lorpugo: calls $0.08
*** RIVER *** [5s Th As 9s] [5h]
Lorpugo: checks 
Lemonstr777: bets $0.35
Lorpugo: folds 
Uncalled bet ($0.35) returned to Lemonstr777
Lemonstr777 collected $0.35 from pot
*** SUMMARY ***
Total pot $0.36 | Rake $0.01 
Board [5s Th As 9s 5h]
Seat 2: Lemonstr777 (big blind) collected ($0.35)
Seat 3: gelopoly folded before Flop (didn't bet)
Seat 4: jhonathanjf2 folded before Flop (didn't bet)
Seat 5: lprebsi69 (button) folded before Flop (didn't bet)
Seat 6: Lorpugo (small blind) folded on the River



PokerStars Hand #239333656924:  Hold'em No Limit ($0.01/$0.02 USD) - 2022/10/19 19:11:03 ET
Table 'Alrischa' 6-max Seat #6 is the button
Seat 2: Lemonstr777 ($2.17 in chips) 
Seat 3: gelopoly ($3.46 in chips) 
Seat 4: jhonathanjf2 ($1.08 in chips) 
Seat 5: lprebsi69 ($0.80 in chips) 
Seat 6: Lorpugo ($3.36 in chips) 
Lemonstr777: posts small blind $0.01
gelopoly: posts big blind $0.02
*** HOLE CARDS ***
Dealt to Lorpugo [Qs 5d]
jhonathanjf2 has timed out
jhonathanjf2: folds 
lprebsi69: folds 
Lorpugo: raises $0.04 to $0.06
Lemonstr777: folds 
gelopoly: folds 
Uncalled bet ($0.04) returned to Lorpugo
Lorpugo collected $0.05 from pot
Lorpugo: doesn't show hand 
*** SUMMARY ***
Total pot $0.05 | Rake $0 
Seat 2: Lemonstr777 (small blind) folded before Flop
Seat 3: gelopoly (big blind) folded before Flop
Seat 4: jhonathanjf2 folded before Flop (didn't bet)
Seat 5: lprebsi69 folded before Flop (didn't bet)
Seat 6: Lorpugo (button) collected ($0.05)



PokerStars Hand #239333663300:  Hold'em No Limit ($0.01/$0.02 USD) - 2022/10/19 19:11:27 ET
Table 'Alrischa' 6-max Seat #2 is the button
Seat 2: Lemonstr777 ($2.16 in chips) 
Seat 3: gelopoly ($3.44 in chips) 
Seat 4: jhonathanjf2 ($1.08 in chips) 
Seat 5: lprebsi69 ($0.80 in chips) 
Seat 6: Lorpugo ($3.39 in chips) 
gelopoly: posts small blind $0.01
jhonathanjf2: posts big blind $0.02
kahzura: sits out 
*** HOLE CARDS ***
Dealt to Lorpugo [Jc 5s]
lprebsi69: folds 
Lorpugo: folds 
Lemonstr777 has timed out
Lemonstr777: folds 
gelopoly: folds 
Uncalled bet ($0.01) returned to jhonathanjf2
jhonathanjf2 collected $0.02 from pot
*** SUMMARY ***
Total pot $0.02 | Rake $0 
Seat 2: Lemonstr777 (button) folded before Flop (didn't bet)
Seat 3: gelopoly (small blind) folded before Flop
Seat 4: jhonathanjf2 (big blind) collected ($0.02)
Seat 5: lprebsi69 folded before Flop (didn't bet)
Seat 6: Lorpugo folded before Flop (didn't bet)



PokerStars Hand #239333668545:  Hold'em No Limit ($0.01/$0.02 USD) - 2022/10/19 19:11:48 ET
Table 'Alrischa' 6-max Seat #3 is the button
Seat 3: gelopoly ($3.43 in chips) 
Seat 4: jhonathanjf2 ($1.09 in chips) 
Seat 5: lprebsi69 ($0.80 in chips) 
Seat 6: Lorpugo ($3.39 in chips) 
jhonathanjf2: posts small blind $0.01
lprebsi69: posts big blind $0.02
kahzura: sits out 
*** HOLE CARDS ***
Dealt to Lorpugo [2s 7s]
Lorpugo: raises $0.04 to $0.06
gelopoly: folds 
jhonathanjf2: folds 
lprebsi69: folds 
Uncalled bet ($0.04) returned to Lorpugo
Lorpugo collected $0.05 from pot
Lorpugo: doesn't show hand 
*** SUMMARY ***
Total pot $0.05 | Rake $0 
Seat 3: gelopoly (button) folded before Flop (didn't bet)
Seat 4: jhonathanjf2 (small blind) folded before Flop
Seat 5: lprebsi69 (big blind) folded before Flop
Seat 6: Lorpugo collected ($0.05)



PokerStars Hand #239333671457:  Hold'em No Limit ($0.01/$0.02 USD) - 2022/10/19 19:11:59 ET
Table 'Alrischa' 6-max Seat #4 is the button
Seat 2: Lemonstr777 ($2.16 in chips) 
Seat 3: gelopoly ($3.43 in chips) 
Seat 4: jhonathanjf2 ($1.08 in chips) 
Seat 5: lprebsi69 ($0.78 in chips) 
Seat 6: Lorpugo ($3.42 in chips) 
lprebsi69: posts small blind $0.01
Lorpugo: posts big blind $0.02
kahzura: sits out 
*** HOLE CARDS ***
Dealt to Lorpugo [4c 3s]
Lemonstr777: folds 
gelopoly: folds 
jhonathanjf2: folds 
lprebsi69: calls $0.01
Lorpugo: checks 
*** FLOP *** [8c 7h 6d]
lprebsi69: bets $0.02
Lorpugo: folds 
Uncalled bet ($0.02) returned to lprebsi69
lprebsi69 collected $0.04 from pot
*** SUMMARY ***
Total pot $0.04 | Rake $0 
Board [8c 7h 6d]
Seat 2: Lemonstr777 folded before Flop (didn't bet)
Seat 3: gelopoly folded before Flop (didn't bet)
Seat 4: jhonathanjf2 (button) folded before Flop (didn't bet)
Seat 5: lprebsi69 (small blind) collected ($0.04)
Seat 6: Lorpugo (big blind) folded on the Flop



PokerStars Hand #239333679983:  Hold'em No Limit ($0.01/$0.02 USD) - 2022/10/19 19:12:32 ET
Table 'Alrischa' 6-max Seat #5 is the button
Seat 1: kahzura ($3.26 in chips) 
Seat 2: Lemonstr777 ($2.16 in chips) 
Seat 3: gelopoly ($3.43 in chips) 
Seat 4: jhonathanjf2 ($1.08 in chips) 
Seat 5: lprebsi69 ($0.80 in chips) 
Seat 6: Lorpugo ($3.40 in chips) 
Lorpugo: posts small blind $0.01
kahzura: posts big blind $0.02
*** HOLE CARDS ***
Dealt to Lorpugo [Kd 3s]
Lemonstr777: folds 
gelopoly: folds 
jhonathanjf2: folds 
lprebsi69: calls $0.02
Lorpugo: calls $0.01
kahzura: checks 
*** FLOP *** [Td 6c 9h]
Lorpugo: checks 
kahzura: checks 
lprebsi69: checks 
*** TURN *** [Td 6c 9h] [8c]
Lorpugo: checks 
kahzura: bets $0.05
lprebsi69: calls $0.05
Lorpugo: folds 
*** RIVER *** [Td 6c 9h 8c] [2d]
kahzura: bets $0.12
lprebsi69: calls $0.12
*** SHOW DOWN ***
kahzura: shows [7h 6h] (a straight, Six to Ten)
lprebsi69: mucks hand 
kahzura collected $0.39 from pot
*** SUMMARY ***
Total pot $0.40 | Rake $0.01 
Board [Td 6c 9h 8c 2d]
Seat 1: kahzura (big blind) showed [7h 6h] and won ($0.39) with a straight, Six to Ten
Seat 2: Lemonstr777 folded before Flop (didn't bet)
Seat 3: gelopoly folded before Flop (didn't bet)
Seat 4: jhonathanjf2 folded before Flop (didn't bet)
Seat 5: lprebsi69 (button) mucked [Ad Ac]
Seat 6: Lorpugo (small blind) folded on the Turn



PokerStars Hand #239333695552:  Hold'em No Limit ($0.01/$0.02 USD) - 2022/10/19 19:13:32 ET
Table 'Alrischa' 6-max Seat #6 is the button
Seat 1: kahzura ($3.46 in chips) 
Seat 2: Lemonstr777 ($2.16 in chips) 
Seat 3: gelopoly ($3.43 in chips) 
Seat 4: jhonathanjf2 ($1.08 in chips) 
Seat 5: lprebsi69 ($0.61 in chips) 
Seat 6: Lorpugo ($3.38 in chips) 
kahzura: posts small blind $0.01
Lemonstr777: posts big blind $0.02
*** HOLE CARDS ***
Dealt to Lorpugo [4s Kd]
gelopoly: folds 
jhonathanjf2: calls $0.02
lprebsi69: folds 
Lorpugo: folds 
kahzura: folds 
Lemonstr777: checks 
*** FLOP *** [7s 8c Js]
Lemonstr777: checks 
jhonathanjf2: bets $0.02
Lemonstr777: folds 
Uncalled bet ($0.02) returned to jhonathanjf2
jhonathanjf2 collected $0.05 from pot
*** SUMMARY ***
Total pot $0.05 | Rake $0 
Board [7s 8c Js]
Seat 1: kahzura (small blind) folded before Flop
Seat 2: Lemonstr777 (big blind) folded on the Flop
Seat 3: gelopoly folded before Flop (didn't bet)
Seat 4: jhonathanjf2 collected ($0.05)
Seat 5: lprebsi69 folded before Flop (didn't bet)
Seat 6: Lorpugo (button) folded before Flop (didn't bet)



PokerStars Hand #239333702136:  Hold'em No Limit ($0.01/$0.02 USD) - 2022/10/19 19:13:58 ET
Table 'Alrischa' 6-max Seat #1 is the button
Seat 1: kahzura ($3.45 in chips) 
Seat 2: Lemonstr777 ($2.14 in chips) 
Seat 3: gelopoly ($3.43 in chips) 
Seat 4: jhonathanjf2 ($1.11 in chips) 
Seat 5: lprebsi69 ($0.61 in chips) 
Seat 6: Lorpugo ($3.38 in chips) 
Lemonstr777: posts small blind $0.01
gelopoly: posts big blind $0.02
*** HOLE CARDS ***
Dealt to Lorpugo [Qs 2d]
jhonathanjf2: folds 
lprebsi69: calls $0.02
Lorpugo: folds 
kahzura: calls $0.02
Lemonstr777: folds 
gelopoly: checks 
*** FLOP *** [Kd Ts As]
gelopoly: checks 
lprebsi69: checks 
kahzura: checks 
*** TURN *** [Kd Ts As] [Ac]
gelopoly: checks 
lprebsi69: bets $0.02
kahzura: calls $0.02
gelopoly: folds 
*** RIVER *** [Kd Ts As Ac] [7d]
lprebsi69: bets $0.02
kahzura: calls $0.02
*** SHOW DOWN ***
lprebsi69: shows [Kc Kh] (a full house, Kings full of Aces)
kahzura: mucks hand 
lprebsi69 collected $0.14 from pot
*** SUMMARY ***
Total pot $0.15 | Rake $0.01 
Board [Kd Ts As Ac 7d]
Seat 1: kahzura (button) mucked [Jc Tc]
Seat 2: Lemonstr777 (small blind) folded before Flop
Seat 3: gelopoly (big blind) folded on the Turn
Seat 4: jhonathanjf2 folded before Flop (didn't bet)
Seat 5: lprebsi69 showed [Kc Kh] and won ($0.14) with a full house, Kings full of Aces
Seat 6: Lorpugo folded before Flop (didn't bet)



PokerStars Hand #239333715726:  Hold'em No Limit ($0.01/$0.02 USD) - 2022/10/19 19:14:51 ET
Table 'Alrischa' 6-max Seat #2 is the button
Seat 1: kahzura ($3.39 in chips) 
Seat 2: Lemonstr777 ($2.13 in chips) 
Seat 3: gelopoly ($3.41 in chips) 
Seat 4: jhonathanjf2 ($1.11 in chips) 
Seat 5: lprebsi69 ($0.69 in chips) 
Seat 6: Lorpugo ($3.38 in chips) 
gelopoly: posts small blind $0.01
jhonathanjf2: posts big blind $0.02
*** HOLE CARDS ***
Dealt to Lorpugo [6h Kd]
lprebsi69: folds 
Lorpugo: folds 
kahzura: folds 
Lemonstr777: folds 
gelopoly: folds 
Uncalled bet ($0.01) returned to jhonathanjf2
jhonathanjf2 collected $0.02 from pot
*** SUMMARY ***
Total pot $0.02 | Rake $0 
Seat 1: kahzura folded before Flop (didn't bet)
Seat 2: Lemonstr777 (button) folded before Flop (didn't bet)
Seat 3: gelopoly (small blind) folded before Flop
Seat 4: jhonathanjf2 (big blind) collected ($0.02)
Seat 5: lprebsi69 folded before Flop (didn't bet)
Seat 6: Lorpugo folded before Flop (didn't bet)



PokerStars Hand #239333719169:  Hold'em No Limit ($0.01/$0.02 USD) - 2022/10/19 19:15:04 ET
Table 'Alrischa' 6-max Seat #3 is the button
Seat 1: kahzura ($3.39 in chips) 
Seat 2: Lemonstr777 ($2.13 in chips) 
Seat 3: gelopoly ($3.40 in chips) 
Seat 4: jhonathanjf2 ($1.12 in chips) 
Seat 5: lprebsi69 ($0.69 in chips) 
Seat 6: Lorpugo ($3.38 in chips) 
jhonathanjf2: posts small blind $0.01
lprebsi69: posts big blind $0.02
*** HOLE CARDS ***
Dealt to Lorpugo [Tc 2d]
Lorpugo: folds 
kahzura: folds 
Lemonstr777: raises $0.04 to $0.06
gelopoly: folds 
jhonathanjf2: folds 
lprebsi69: calls $0.04
*** FLOP *** [6h 8s 7h]
lprebsi69: bets $0.02
Lemonstr777: calls $0.02
*** TURN *** [6h 8s 7h] [9h]
lprebsi69: bets $0.06
Lemonstr777: folds 
Uncalled bet ($0.06) returned to lprebsi69
lprebsi69 collected $0.16 from pot
*** SUMMARY ***
Total pot $0.17 | Rake $0.01 
Board [6h 8s 7h 9h]
Seat 1: kahzura folded before Flop (didn't bet)
Seat 2: Lemonstr777 folded on the Turn
Seat 3: gelopoly (button) folded before Flop (didn't bet)
Seat 4: jhonathanjf2 (small blind) folded before Flop
Seat 5: lprebsi69 (big blind) collected ($0.16)
Seat 6: Lorpugo folded before Flop (didn't bet)



