PokerStars Hand #239303366255:  Hold'em No Limit ($0.01/$0.02 USD) - 2022/10/18 10:10:18 ET
Table 'Roma' 6-max Seat #1 is the button
Seat 1: SolubleSalts ($2 in chips) 
Seat 2: Motopompa ($2 in chips) 
Seat 3: Lorpugo ($1.60 in chips) 
Seat 4: Pwdn ($0.90 in chips) 
Seat 5: djthiagosilva ($0.82 in chips) 
Seat 6: emanueldantaz ($1.05 in chips) 
Motopompa: posts small blind $0.01
Lorpugo is connected 
Lorpugo: posts big blind $0.02
*** HOLE CARDS ***
Dealt to Lorpugo [9s Ts]
Pwdn: folds 
djthiagosilva: calls $0.02
emanueldantaz: folds 
SolubleSalts: folds 
Motopompa: folds 
Lorpugo: raises $0.08 to $0.10
djthiagosilva: folds 
Uncalled bet ($0.08) returned to Lorpugo
Lorpugo collected $0.05 from pot
Lorpugo: doesn't show hand 
*** SUMMARY ***
Total pot $0.05 | Rake $0 
Seat 1: SolubleSalts (button) folded before Flop (didn't bet)
Seat 2: Motopompa (small blind) folded before Flop
Seat 3: Lorpugo (big blind) collected ($0.05)
Seat 4: Pwdn folded before Flop (didn't bet)
Seat 5: djthiagosilva folded before Flop
Seat 6: emanueldantaz folded before Flop (didn't bet)



PokerStars Hand #239303373071:  Hold'em No Limit ($0.01/$0.02 USD) - 2022/10/18 10:10:47 ET
Table 'Roma' 6-max Seat #2 is the button
Seat 1: SolubleSalts ($2 in chips) 
Seat 2: Motopompa ($2 in chips) 
Seat 3: Lorpugo ($1.63 in chips) 
Seat 4: Pwdn ($0.90 in chips) 
Seat 5: djthiagosilva ($0.80 in chips) 
Seat 6: emanueldantaz ($1.05 in chips) 
Lorpugo: posts small blind $0.01
Pwdn: posts big blind $0.02
*** HOLE CARDS ***
Dealt to Lorpugo [4h Jc]
djthiagosilva: folds 
emanueldantaz: folds 
SolubleSalts: folds 
Motopompa: folds 
Lorpugo: folds 
Uncalled bet ($0.01) returned to Pwdn
Pwdn collected $0.02 from pot
*** SUMMARY ***
Total pot $0.02 | Rake $0 
Seat 1: SolubleSalts folded before Flop (didn't bet)
Seat 2: Motopompa (button) folded before Flop (didn't bet)
Seat 3: Lorpugo (small blind) folded before Flop
Seat 4: Pwdn (big blind) collected ($0.02)
Seat 5: djthiagosilva folded before Flop (didn't bet)
Seat 6: emanueldantaz folded before Flop (didn't bet)



PokerStars Hand #239303375827:  Hold'em No Limit ($0.01/$0.02 USD) - 2022/10/18 10:10:58 ET
Table 'Roma' 6-max Seat #3 is the button
Seat 1: SolubleSalts ($2 in chips) 
Seat 2: Motopompa ($2 in chips) 
Seat 3: Lorpugo ($1.62 in chips) 
Seat 4: Pwdn ($0.91 in chips) 
Seat 5: djthiagosilva ($0.80 in chips) 
Seat 6: emanueldantaz ($1.05 in chips) 
Pwdn: posts small blind $0.01
djthiagosilva: posts big blind $0.02
*** HOLE CARDS ***
Dealt to Lorpugo [Ac 8d]
emanueldantaz: folds 
SolubleSalts: folds 
Motopompa: folds 
Lorpugo: raises $0.04 to $0.06
Pwdn: calls $0.05
djthiagosilva: folds 
*** FLOP *** [7s 7d Js]
Pwdn: checks 
Lorpugo: bets $0.05
Pwdn: calls $0.05
*** TURN *** [7s 7d Js] [9s]
Pwdn: checks 
Lorpugo: bets $0.02
Pwdn: raises $0.14 to $0.16
Lorpugo: folds 
Uncalled bet ($0.14) returned to Pwdn
Pwdn collected $0.27 from pot
*** SUMMARY ***
Total pot $0.28 | Rake $0.01 
Board [7s 7d Js 9s]
Seat 1: SolubleSalts folded before Flop (didn't bet)
Seat 2: Motopompa folded before Flop (didn't bet)
Seat 3: Lorpugo (button) folded on the Turn
Seat 4: Pwdn (small blind) collected ($0.27)
Seat 5: djthiagosilva (big blind) folded before Flop
Seat 6: emanueldantaz folded before Flop (didn't bet)



PokerStars Hand #239303387644:  Hold'em No Limit ($0.01/$0.02 USD) - 2022/10/18 10:11:48 ET
Table 'Roma' 6-max Seat #4 is the button
Seat 1: SolubleSalts ($2 in chips) 
Seat 2: Motopompa ($2 in chips) 
Seat 3: Lorpugo ($1.60 in chips) 
Seat 4: Pwdn ($1.05 in chips) 
Seat 5: djthiagosilva ($0.78 in chips) 
Seat 6: emanueldantaz ($1.05 in chips) 
djthiagosilva: posts small blind $0.01
emanueldantaz: posts big blind $0.02
*** HOLE CARDS ***
Dealt to Lorpugo [5c As]
SolubleSalts: folds 
Motopompa: folds 
Lorpugo: raises $0.04 to $0.06
Pwdn: folds 
djthiagosilva: folds 
emanueldantaz: folds 
Uncalled bet ($0.04) returned to Lorpugo
Lorpugo collected $0.05 from pot
Lorpugo: doesn't show hand 
*** SUMMARY ***
Total pot $0.05 | Rake $0 
Seat 1: SolubleSalts folded before Flop (didn't bet)
Seat 2: Motopompa folded before Flop (didn't bet)
Seat 3: Lorpugo collected ($0.05)
Seat 4: Pwdn (button) folded before Flop (didn't bet)
Seat 5: djthiagosilva (small blind) folded before Flop
Seat 6: emanueldantaz (big blind) folded before Flop



PokerStars Hand #239303391492:  Hold'em No Limit ($0.01/$0.02 USD) - 2022/10/18 10:12:05 ET
Table 'Roma' 6-max Seat #5 is the button
Seat 2: Motopompa ($2 in chips) 
Seat 3: Lorpugo ($1.63 in chips) 
Seat 4: Pwdn ($1.05 in chips) 
Seat 5: djthiagosilva ($0.77 in chips) 
Seat 6: emanueldantaz ($1.03 in chips) 
emanueldantaz: posts small blind $0.01
SolubleSalts: is sitting out 
Motopompa: posts big blind $0.02
*** HOLE CARDS ***
Dealt to Lorpugo [4c 4h]
Lorpugo: raises $0.04 to $0.06
Pwdn: calls $0.06
djthiagosilva: calls $0.06
emanueldantaz: calls $0.05
Motopompa: folds 
*** FLOP *** [8d 5c 6d]
SolubleSalts leaves the table
emanueldantaz: checks 
Lorpugo: checks 
Pwdn: bets $0.04
Rene Lavand2020 joins the table at seat #1 
djthiagosilva: raises $0.67 to $0.71 and is all-in
emanueldantaz: folds 
Lorpugo: folds 
Pwdn: calls $0.67
*** TURN *** [8d 5c 6d] [5s]
*** RIVER *** [8d 5c 6d 5s] [Qd]
*** SHOW DOWN ***
Pwdn: shows [7c 7h] (two pair, Sevens and Fives)
djthiagosilva: shows [Ac 8s] (two pair, Eights and Fives)
djthiagosilva cashed out the hand for $0.97 | Cash Out Fee $0.01
*** SUMMARY ***
Total pot $1.68 | Rake $0.06 
Board [8d 5c 6d 5s Qd]
Seat 2: Motopompa (big blind) folded before Flop
Seat 3: Lorpugo folded on the Flop
Seat 4: Pwdn showed [7c 7h] and lost with two pair, Sevens and Fives
Seat 5: djthiagosilva (button) showed [Ac 8s] and won ($1.62) with two pair, Eights and Fives (pot not awarded as player cashed out)
Seat 6: emanueldantaz (small blind) folded on the Flop



PokerStars Hand #239303406554:  Hold'em No Limit ($0.01/$0.02 USD) - 2022/10/18 10:13:08 ET
Table 'Roma' 6-max Seat #6 is the button
Seat 2: Motopompa ($2 in chips) 
Seat 3: Lorpugo ($1.60 in chips) 
Seat 4: Pwdn ($0.28 in chips) 
Seat 5: djthiagosilva ($0.97 in chips) 
Seat 6: emanueldantaz ($0.97 in chips) 
Motopompa: posts small blind $0.01
Lorpugo: posts big blind $0.02
*** HOLE CARDS ***
Dealt to Lorpugo [9h 7h]
Pwdn: raises $0.26 to $0.28 and is all-in
djthiagosilva: folds 
emanueldantaz: folds 
Motopompa: folds 
Lorpugo: calls $0.26
*** FLOP *** [8d Qc 6h]
*** TURN *** [8d Qc 6h] [4d]
*** RIVER *** [8d Qc 6h 4d] [Kh]
*** SHOW DOWN ***
Lorpugo: shows [9h 7h] (high card King)
Pwdn: shows [Qd 7s] (a pair of Queens)
Pwdn collected $0.55 from pot
*** SUMMARY ***
Total pot $0.57 | Rake $0.02 
Board [8d Qc 6h 4d Kh]
Seat 2: Motopompa (small blind) folded before Flop
Seat 3: Lorpugo (big blind) showed [9h 7h] and lost with high card King
Seat 4: Pwdn showed [Qd 7s] and won ($0.55) with a pair of Queens
Seat 5: djthiagosilva folded before Flop (didn't bet)
Seat 6: emanueldantaz (button) folded before Flop (didn't bet)



PokerStars Hand #239303413260:  Hold'em No Limit ($0.01/$0.02 USD) - 2022/10/18 10:13:36 ET
Table 'Roma' 6-max Seat #2 is the button
Seat 2: Motopompa ($2 in chips) 
Seat 3: Lorpugo ($1.60 in chips) 
Seat 4: Pwdn ($0.55 in chips) 
Seat 5: djthiagosilva ($0.97 in chips) 
Seat 6: emanueldantaz ($0.97 in chips) 
Lorpugo: posts small blind $0.01
Pwdn: posts big blind $0.02
Rene Lavand2020: sits out 
*** HOLE CARDS ***
Dealt to Lorpugo [Jd 3h]
djthiagosilva: raises $0.04 to $0.06
emanueldantaz: raises $0.15 to $0.21
Motopompa: folds 
Lorpugo: folds 
Pwdn: folds 
djthiagosilva: raises $0.76 to $0.97 and is all-in
emanueldantaz: calls $0.76 and is all-in
*** FLOP *** [5d Ac 6s]
*** TURN *** [5d Ac 6s] [Jc]
*** RIVER *** [5d Ac 6s Jc] [5c]
*** SHOW DOWN ***
djthiagosilva: shows [9s As] (two pair, Aces and Fives)
emanueldantaz: shows [Ad Qd] (two pair, Aces and Fives - Queen kicker)
emanueldantaz collected $1.90 from pot
*** SUMMARY ***
Total pot $1.97 | Rake $0.07 
Board [5d Ac 6s Jc 5c]
Seat 2: Motopompa (button) folded before Flop (didn't bet)
Seat 3: Lorpugo (small blind) folded before Flop
Seat 4: Pwdn (big blind) folded before Flop
Seat 5: djthiagosilva showed [9s As] and lost with two pair, Aces and Fives
Seat 6: emanueldantaz showed [Ad Qd] and won ($1.90) with two pair, Aces and Fives



PokerStars Hand #239303424742:  Hold'em No Limit ($0.01/$0.02 USD) - 2022/10/18 10:14:24 ET
Table 'Roma' 6-max Seat #3 is the button
Seat 2: Motopompa ($2 in chips) 
Seat 3: Lorpugo ($1.60 in chips) 
Seat 4: Pwdn ($0.53 in chips) 
Seat 6: emanueldantaz ($1.90 in chips) 
djthiagosilva is disconnected 
Pwdn: posts small blind $0.01
emanueldantaz: posts big blind $0.02
Rene Lavand2020: sits out 
*** HOLE CARDS ***
Dealt to Lorpugo [9h Ts]
Motopompa: folds 
Lorpugo: raises $0.04 to $0.06
Pwdn: raises $0.47 to $0.53 and is all-in
emanueldantaz: folds 
Lorpugo: folds 
Uncalled bet ($0.47) returned to Pwdn
Pwdn collected $0.14 from pot
*** SUMMARY ***
Total pot $0.14 | Rake $0 
Seat 2: Motopompa folded before Flop (didn't bet)
Seat 3: Lorpugo (button) folded before Flop
Seat 4: Pwdn (small blind) collected ($0.14)
Seat 6: emanueldantaz (big blind) folded before Flop



PokerStars Hand #239303430299:  Hold'em No Limit ($0.01/$0.02 USD) - 2022/10/18 10:14:47 ET
Table 'Roma' 6-max Seat #4 is the button
Seat 1: Rene Lavand2020 ($2 in chips) 
Seat 2: Motopompa ($2 in chips) 
Seat 3: Lorpugo ($1.60 in chips) 
Seat 4: Pwdn ($0.61 in chips) 
Seat 6: emanueldantaz ($1.88 in chips) 
emanueldantaz: posts small blind $0.01
Rene Lavand2020: posts big blind $0.02
*** HOLE CARDS ***
Dealt to Lorpugo [Ad Kd]
Motopompa: folds 
Lorpugo: raises $0.04 to $0.06
Pwdn: folds 
emanueldantaz: folds 
Rene Lavand2020: calls $0.04
*** FLOP *** [Th 9d 8h]
Rene Lavand2020: checks 
Lorpugo: checks 
*** TURN *** [Th 9d 8h] [5c]
Rene Lavand2020: checks 
Lorpugo: checks 
*** RIVER *** [Th 9d 8h 5c] [2h]
Rene Lavand2020: checks 
Lorpugo: checks 
*** SHOW DOWN ***
Rene Lavand2020: shows [Jh Kc] (high card King)
Lorpugo: shows [Ad Kd] (high card Ace)
Lorpugo collected $0.13 from pot
*** SUMMARY ***
Total pot $0.13 | Rake $0 
Board [Th 9d 8h 5c 2h]
Seat 1: Rene Lavand2020 (big blind) showed [Jh Kc] and lost with high card King
Seat 2: Motopompa folded before Flop (didn't bet)
Seat 3: Lorpugo showed [Ad Kd] and won ($0.13) with high card Ace
Seat 4: Pwdn (button) folded before Flop (didn't bet)
Seat 6: emanueldantaz (small blind) folded before Flop



PokerStars Hand #239303439711:  Hold'em No Limit ($0.01/$0.02 USD) - 2022/10/18 10:15:26 ET
Table 'Roma' 6-max Seat #6 is the button
Seat 1: Rene Lavand2020 ($2 in chips) 
Seat 2: Motopompa ($2 in chips) 
Seat 3: Lorpugo ($1.67 in chips) 
Seat 4: Pwdn ($0.61 in chips) 
Seat 6: emanueldantaz ($1.87 in chips) 
Rene Lavand2020: posts small blind $0.01
Motopompa: posts big blind $0.02
*** HOLE CARDS ***
Dealt to Lorpugo [Qd Td]
Lorpugo: raises $0.04 to $0.06
Pwdn: folds 
emanueldantaz: folds 
emanueldantaz leaves the table
Rene Lavand2020: folds 
Motopompa: folds 
Uncalled bet ($0.04) returned to Lorpugo
Lorpugo collected $0.05 from pot
Lorpugo: doesn't show hand 
*** SUMMARY ***
Total pot $0.05 | Rake $0 
Seat 1: Rene Lavand2020 (small blind) folded before Flop
Seat 2: Motopompa (big blind) folded before Flop
Seat 3: Lorpugo collected ($0.05)
Seat 4: Pwdn folded before Flop (didn't bet)
Seat 6: emanueldantaz (button) folded before Flop (didn't bet)



PokerStars Hand #239303442794:  Hold'em No Limit ($0.01/$0.02 USD) - 2022/10/18 10:15:39 ET
Table 'Roma' 6-max Seat #1 is the button
Seat 1: Rene Lavand2020 ($2 in chips) 
Seat 2: Motopompa ($2 in chips) 
Seat 3: Lorpugo ($1.70 in chips) 
Seat 4: Pwdn ($0.61 in chips) 
Motopompa: posts small blind $0.01
Lorpugo: posts big blind $0.02
*** HOLE CARDS ***
Dealt to Lorpugo [Qh 7s]
kopeyka17167 joins the table at seat #6 
Pwdn: folds 
Rene Lavand2020: folds 
Motopompa: folds 
Uncalled bet ($0.01) returned to Lorpugo
Lorpugo collected $0.02 from pot
Lorpugo: doesn't show hand 
*** SUMMARY ***
Total pot $0.02 | Rake $0 
Seat 1: Rene Lavand2020 (button) folded before Flop (didn't bet)
Seat 2: Motopompa (small blind) folded before Flop
Seat 3: Lorpugo (big blind) collected ($0.02)
Seat 4: Pwdn folded before Flop (didn't bet)



PokerStars Hand #239303445563:  Hold'em No Limit ($0.01/$0.02 USD) - 2022/10/18 10:15:50 ET
Table 'Roma' 6-max Seat #2 is the button
Seat 1: Rene Lavand2020 ($2 in chips) 
Seat 2: Motopompa ($2 in chips) 
Seat 3: Lorpugo ($1.71 in chips) 
Seat 4: Pwdn ($0.61 in chips) 
Lorpugo: posts small blind $0.01
Pwdn: posts big blind $0.02
kopeyka17167: sits out 
*** HOLE CARDS ***
Dealt to Lorpugo [Kd Th]
Rene Lavand2020: folds 
Motopompa: folds 
Lorpugo: raises $0.04 to $0.06
Pwdn: folds 
Uncalled bet ($0.04) returned to Lorpugo
Lorpugo collected $0.04 from pot
Lorpugo: doesn't show hand 
*** SUMMARY ***
Total pot $0.04 | Rake $0 
Seat 1: Rene Lavand2020 folded before Flop (didn't bet)
Seat 2: Motopompa (button) folded before Flop (didn't bet)
Seat 3: Lorpugo (small blind) collected ($0.04)
Seat 4: Pwdn (big blind) folded before Flop



PokerStars Hand #239303448957:  Hold'em No Limit ($0.01/$0.02 USD) - 2022/10/18 10:16:04 ET
Table 'Roma' 6-max Seat #3 is the button
Seat 1: Rene Lavand2020 ($2 in chips) 
Seat 2: Motopompa ($2 in chips) 
Seat 3: Lorpugo ($1.73 in chips) 
Seat 4: Pwdn ($0.59 in chips) 
Seat 6: kopeyka17167 ($1.60 in chips) 
Pwdn: posts small blind $0.01
kopeyka17167: posts big blind $0.02
*** HOLE CARDS ***
Dealt to Lorpugo [3h Kd]
Rene Lavand2020: folds 
Motopompa: folds 
Lorpugo: raises $0.04 to $0.06
Pwdn: calls $0.05
kopeyka17167: calls $0.04
*** FLOP *** [Qh Ts 6s]
Pwdn: checks 
kopeyka17167: checks 
Lorpugo: checks 
*** TURN *** [Qh Ts 6s] [9s]
Pwdn: checks 
kopeyka17167: checks 
Lorpugo: checks 
*** RIVER *** [Qh Ts 6s 9s] [9d]
Pwdn: checks 
kopeyka17167: checks 
Lorpugo: bets $0.42
Pwdn: folds 
kopeyka17167: folds 
Uncalled bet ($0.42) returned to Lorpugo
Lorpugo collected $0.17 from pot
Lorpugo: doesn't show hand 
*** SUMMARY ***
Total pot $0.18 | Rake $0.01 
Board [Qh Ts 6s 9s 9d]
Seat 1: Rene Lavand2020 folded before Flop (didn't bet)
Seat 2: Motopompa folded before Flop (didn't bet)
Seat 3: Lorpugo (button) collected ($0.17)
Seat 4: Pwdn (small blind) folded on the River
Seat 6: kopeyka17167 (big blind) folded on the River



PokerStars Hand #239303463647:  Hold'em No Limit ($0.01/$0.02 USD) - 2022/10/18 10:17:05 ET
Table 'Roma' 6-max Seat #4 is the button
Seat 1: Rene Lavand2020 ($2 in chips) 
Seat 2: Motopompa ($2 in chips) 
Seat 3: Lorpugo ($1.84 in chips) 
Seat 4: Pwdn ($0.53 in chips) 
Seat 6: kopeyka17167 ($2 in chips) 
kopeyka17167: posts small blind $0.01
Rene Lavand2020: posts big blind $0.02
*** HOLE CARDS ***
Dealt to Lorpugo [7d 2h]
Motopompa: folds 
Lorpugo: folds 
Pwdn: folds 
kopeyka17167: raises $0.04 to $0.06
Rene Lavand2020: folds 
Uncalled bet ($0.04) returned to kopeyka17167
kopeyka17167 collected $0.04 from pot
kopeyka17167: doesn't show hand 
*** SUMMARY ***
Total pot $0.04 | Rake $0 
Seat 1: Rene Lavand2020 (big blind) folded before Flop
Seat 2: Motopompa folded before Flop (didn't bet)
Seat 3: Lorpugo folded before Flop (didn't bet)
Seat 4: Pwdn (button) folded before Flop (didn't bet)
Seat 6: kopeyka17167 (small blind) collected ($0.04)



PokerStars Hand #239303467797:  Hold'em No Limit ($0.01/$0.02 USD) - 2022/10/18 10:17:21 ET
Table 'Roma' 6-max Seat #6 is the button
Seat 1: Rene Lavand2020 ($2 in chips) 
Seat 2: Motopompa ($2 in chips) 
Seat 3: Lorpugo ($1.84 in chips) 
Seat 4: Pwdn ($0.53 in chips) 
Seat 6: kopeyka17167 ($2.02 in chips) 
Rene Lavand2020: posts small blind $0.01
Motopompa: posts big blind $0.02
*** HOLE CARDS ***
Dealt to Lorpugo [Tc 2c]
Lorpugo: folds 
Pwdn: raises $0.02 to $0.04
kopeyka17167: folds 
Rene Lavand2020: raises $0.10 to $0.14
Motopompa: folds 
Pwdn: calls $0.10
*** FLOP *** [7h Ts 6h]
Rene Lavand2020: bets $1.86 and is all-in
Pwdn: folds 
Uncalled bet ($1.86) returned to Rene Lavand2020
Rene Lavand2020 collected $0.29 from pot
*** SUMMARY ***
Total pot $0.30 | Rake $0.01 
Board [7h Ts 6h]
Seat 1: Rene Lavand2020 (small blind) collected ($0.29)
Seat 2: Motopompa (big blind) folded before Flop
Seat 3: Lorpugo folded before Flop (didn't bet)
Seat 4: Pwdn folded on the Flop
Seat 6: kopeyka17167 (button) folded before Flop (didn't bet)



PokerStars Hand #239303476827:  Hold'em No Limit ($0.01/$0.02 USD) - 2022/10/18 10:17:58 ET
Table 'Roma' 6-max Seat #1 is the button
Seat 1: Rene Lavand2020 ($2.15 in chips) 
Seat 2: Motopompa ($2 in chips) 
Seat 3: Lorpugo ($1.84 in chips) 
Seat 4: Pwdn ($0.39 in chips) 
Seat 6: kopeyka17167 ($2.02 in chips) 
Motopompa: posts small blind $0.01
Lorpugo: posts big blind $0.02
*** HOLE CARDS ***
Dealt to Lorpugo [3c 5c]
Pwdn: folds 
kopeyka17167: folds 
Rene Lavand2020: folds 
Motopompa: folds 
Uncalled bet ($0.01) returned to Lorpugo
Lorpugo collected $0.02 from pot
Lorpugo: doesn't show hand 
*** SUMMARY ***
Total pot $0.02 | Rake $0 
Seat 1: Rene Lavand2020 (button) folded before Flop (didn't bet)
Seat 2: Motopompa (small blind) folded before Flop
Seat 3: Lorpugo (big blind) collected ($0.02)
Seat 4: Pwdn folded before Flop (didn't bet)
Seat 6: kopeyka17167 folded before Flop (didn't bet)



PokerStars Hand #239303479413:  Hold'em No Limit ($0.01/$0.02 USD) - 2022/10/18 10:18:09 ET
Table 'Roma' 6-max Seat #2 is the button
Seat 1: Rene Lavand2020 ($2.15 in chips) 
Seat 2: Motopompa ($2 in chips) 
Seat 3: Lorpugo ($1.85 in chips) 
Seat 4: Pwdn ($0.39 in chips) 
Seat 6: kopeyka17167 ($2.02 in chips) 
Lorpugo: posts small blind $0.01
Pwdn: posts big blind $0.02
*** HOLE CARDS ***
Dealt to Lorpugo [Jc Kh]
kopeyka17167: folds 
Rene Lavand2020: folds 
Motopompa: raises $0.04 to $0.06
Lorpugo: raises $0.14 to $0.20
Pwdn: folds 
Motopompa: folds 
Uncalled bet ($0.14) returned to Lorpugo
Lorpugo collected $0.14 from pot
Lorpugo: doesn't show hand 
*** SUMMARY ***
Total pot $0.14 | Rake $0 
Seat 1: Rene Lavand2020 folded before Flop (didn't bet)
Seat 2: Motopompa (button) folded before Flop
Seat 3: Lorpugo (small blind) collected ($0.14)
Seat 4: Pwdn (big blind) folded before Flop
Seat 6: kopeyka17167 folded before Flop (didn't bet)



PokerStars Hand #239303485060:  Hold'em No Limit ($0.01/$0.02 USD) - 2022/10/18 10:18:32 ET
Table 'Roma' 6-max Seat #3 is the button
Seat 1: Rene Lavand2020 ($2.15 in chips) 
Seat 2: Motopompa ($2 in chips) 
Seat 3: Lorpugo ($1.93 in chips) 
Seat 4: Pwdn ($0.37 in chips) 
Seat 6: kopeyka17167 ($2.02 in chips) 
Pwdn: posts small blind $0.01
kopeyka17167: posts big blind $0.02
*** HOLE CARDS ***
Dealt to Lorpugo [3c 2d]
Rene Lavand2020: raises $0.04 to $0.06
Motopompa: folds 
Lorpugo: folds 
Pwdn: folds 
kopeyka17167: folds 
Uncalled bet ($0.04) returned to Rene Lavand2020
Rene Lavand2020 collected $0.05 from pot
*** SUMMARY ***
Total pot $0.05 | Rake $0 
Seat 1: Rene Lavand2020 collected ($0.05)
Seat 2: Motopompa folded before Flop (didn't bet)
Seat 3: Lorpugo (button) folded before Flop (didn't bet)
Seat 4: Pwdn (small blind) folded before Flop
Seat 6: kopeyka17167 (big blind) folded before Flop



PokerStars Hand #239303489662:  Hold'em No Limit ($0.01/$0.02 USD) - 2022/10/18 10:18:51 ET
Table 'Roma' 6-max Seat #4 is the button
Seat 1: Rene Lavand2020 ($2.18 in chips) 
Seat 2: Motopompa ($2 in chips) 
Seat 3: Lorpugo ($1.93 in chips) 
Seat 4: Pwdn ($0.36 in chips) 
Seat 6: kopeyka17167 ($2 in chips) 
kopeyka17167: posts small blind $0.01
Rene Lavand2020: posts big blind $0.02
*** HOLE CARDS ***
Dealt to Lorpugo [Qh 3d]
Motopompa: folds 
Lorpugo: folds 
Pwdn: raises $0.34 to $0.36 and is all-in
kopeyka17167: folds 
Rene Lavand2020: folds 
Uncalled bet ($0.34) returned to Pwdn
Pwdn collected $0.05 from pot
*** SUMMARY ***
Total pot $0.05 | Rake $0 
Seat 1: Rene Lavand2020 (big blind) folded before Flop
Seat 2: Motopompa folded before Flop (didn't bet)
Seat 3: Lorpugo folded before Flop (didn't bet)
Seat 4: Pwdn (button) collected ($0.05)
Seat 6: kopeyka17167 (small blind) folded before Flop



PokerStars Hand #239303493315:  Hold'em No Limit ($0.01/$0.02 USD) - 2022/10/18 10:19:07 ET
Table 'Roma' 6-max Seat #6 is the button
Seat 1: Rene Lavand2020 ($2.16 in chips) 
Seat 2: Motopompa ($2 in chips) 
Seat 3: Lorpugo ($1.93 in chips) 
Seat 4: Pwdn ($0.39 in chips) 
Seat 6: kopeyka17167 ($1.99 in chips) 
Rene Lavand2020: posts small blind $0.01
Motopompa: posts big blind $0.02
*** HOLE CARDS ***
Dealt to Lorpugo [5s Ac]
Lorpugo: folds 
Pwdn: raises $0.02 to $0.04
kopeyka17167: folds 
Rene Lavand2020: folds 
Motopompa: folds 
Uncalled bet ($0.02) returned to Pwdn
Pwdn collected $0.05 from pot
*** SUMMARY ***
Total pot $0.05 | Rake $0 
Seat 1: Rene Lavand2020 (small blind) folded before Flop
Seat 2: Motopompa (big blind) folded before Flop
Seat 3: Lorpugo folded before Flop (didn't bet)
Seat 4: Pwdn collected ($0.05)
Seat 6: kopeyka17167 (button) folded before Flop (didn't bet)



PokerStars Hand #239303497585:  Hold'em No Limit ($0.01/$0.02 USD) - 2022/10/18 10:19:24 ET
Table 'Roma' 6-max Seat #1 is the button
Seat 1: Rene Lavand2020 ($2.15 in chips) 
Seat 2: Motopompa ($2 in chips) 
Seat 3: Lorpugo ($1.93 in chips) 
Seat 4: Pwdn ($0.42 in chips) 
Seat 6: kopeyka17167 ($1.99 in chips) 
Motopompa: posts small blind $0.01
Lorpugo: posts big blind $0.02
*** HOLE CARDS ***
Dealt to Lorpugo [5s 4h]
Pwdn: calls $0.02
kopeyka17167: raises $0.08 to $0.10
Rene Lavand2020: calls $0.10
Motopompa: folds 
Lorpugo: folds 
Pwdn: calls $0.08
*** FLOP *** [9c 2c Js]
Pwdn: bets $0.32 and is all-in
kopeyka17167: folds 
Rene Lavand2020: calls $0.32
*** TURN *** [9c 2c Js] [8d]
*** RIVER *** [9c 2c Js 8d] [Ah]
*** SHOW DOWN ***
Pwdn: shows [Th Qh] (a straight, Eight to Queen)
Rene Lavand2020: shows [Jd Td] (a pair of Jacks)
Pwdn collected $0.94 from pot
Rene Lavand2020 cashed out the hand for $0.53 | Cash Out Fee $0.01
*** SUMMARY ***
Total pot $0.97 | Rake $0.03 
Board [9c 2c Js 8d Ah]
Seat 1: Rene Lavand2020 (button) showed [Jd Td] and lost with a pair of Jacks (cashed out).
Seat 2: Motopompa (small blind) folded before Flop
Seat 3: Lorpugo (big blind) folded before Flop
Seat 4: Pwdn showed [Th Qh] and won ($0.94) with a straight, Eight to Queen
Seat 6: kopeyka17167 folded on the Flop



PokerStars Hand #239303510679:  Hold'em No Limit ($0.01/$0.02 USD) - 2022/10/18 10:20:19 ET
Table 'Roma' 6-max Seat #2 is the button
Seat 1: Rene Lavand2020 ($2.26 in chips) 
Seat 2: Motopompa ($2 in chips) 
Seat 3: Lorpugo ($1.91 in chips) 
Seat 4: Pwdn ($0.94 in chips) 
Seat 6: kopeyka17167 ($1.89 in chips) 
Lorpugo: posts small blind $0.01
Pwdn: posts big blind $0.02
*** HOLE CARDS ***
Dealt to Lorpugo [9d Jc]
kopeyka17167: folds 
Rene Lavand2020: folds 
Motopompa: folds 
Lorpugo: raises $0.04 to $0.06
Pwdn: folds 
Uncalled bet ($0.04) returned to Lorpugo
Lorpugo collected $0.04 from pot
Lorpugo: doesn't show hand 
*** SUMMARY ***
Total pot $0.04 | Rake $0 
Seat 1: Rene Lavand2020 folded before Flop (didn't bet)
Seat 2: Motopompa (button) folded before Flop (didn't bet)
Seat 3: Lorpugo (small blind) collected ($0.04)
Seat 4: Pwdn (big blind) folded before Flop
Seat 6: kopeyka17167 folded before Flop (didn't bet)



PokerStars Hand #239303517997:  Hold'em No Limit ($0.01/$0.02 USD) - 2022/10/18 10:20:49 ET
Table 'Roma' 6-max Seat #3 is the button
Seat 1: Rene Lavand2020 ($2.26 in chips) 
Seat 2: Motopompa ($2 in chips) 
Seat 3: Lorpugo ($1.93 in chips) 
Seat 4: Pwdn ($0.92 in chips) 
Seat 6: kopeyka17167 ($1.89 in chips) 
Pwdn: posts small blind $0.01
kopeyka17167: posts big blind $0.02
*** HOLE CARDS ***
Dealt to Lorpugo [4d 6h]
Rene Lavand2020: folds 
Motopompa: folds 
Lorpugo: folds 
Pwdn: folds 
Uncalled bet ($0.01) returned to kopeyka17167
kopeyka17167 collected $0.02 from pot
djthiagosilva leaves the table
kopeyka17167: doesn't show hand 
Pwdn leaves the table
*** SUMMARY ***
Total pot $0.02 | Rake $0 
Seat 1: Rene Lavand2020 folded before Flop (didn't bet)
Seat 2: Motopompa folded before Flop (didn't bet)
Seat 3: Lorpugo (button) folded before Flop (didn't bet)
Seat 4: Pwdn (small blind) folded before Flop
Seat 6: kopeyka17167 (big blind) collected ($0.02)



PokerStars Hand #239303521183:  Hold'em No Limit ($0.01/$0.02 USD) - 2022/10/18 10:21:03 ET
Table 'Roma' 6-max Seat #6 is the button
Seat 1: Rene Lavand2020 ($2.26 in chips) 
Seat 2: Motopompa ($2 in chips) 
Seat 3: Lorpugo ($1.93 in chips) 
Seat 6: kopeyka17167 ($1.90 in chips) 
Rene Lavand2020: posts small blind $0.01
Motopompa: posts big blind $0.02
*** HOLE CARDS ***
Dealt to Lorpugo [5h 8c]
Bob Dylan 1000 joins the table at seat #4 
Augusto1185 joins the table at seat #5 
Bob Dylan 1000 leaves the table
Lorpugo: folds 
kopeyka17167: folds 
Rene Lavand2020: folds 
Uncalled bet ($0.01) returned to Motopompa
Motopompa collected $0.02 from pot
Motopompa: doesn't show hand 
*** SUMMARY ***
Total pot $0.02 | Rake $0 
Seat 1: Rene Lavand2020 (small blind) folded before Flop
Seat 2: Motopompa (big blind) collected ($0.02)
Seat 3: Lorpugo folded before Flop (didn't bet)
Seat 6: kopeyka17167 (button) folded before Flop (didn't bet)



PokerStars Hand #239303525874:  Hold'em No Limit ($0.01/$0.02 USD) - 2022/10/18 10:21:22 ET
Table 'Roma' 6-max Seat #1 is the button
Seat 1: Rene Lavand2020 ($2.25 in chips) 
Seat 2: Motopompa ($2.01 in chips) 
Seat 3: Lorpugo ($1.93 in chips) 
Seat 5: Augusto1185 ($0.80 in chips) 
Seat 6: kopeyka17167 ($1.90 in chips) 
Motopompa: posts small blind $0.01
Lorpugo: posts big blind $0.02
Augusto1185: posts big blind $0.02
*** HOLE CARDS ***
Dealt to Lorpugo [4c Qh]
Augusto1185: checks 
kopeyka17167: folds 
Rene Lavand2020: raises $0.12 to $0.14
Motopompa: folds 
Lorpugo: folds 
Augusto1185: folds 
Uncalled bet ($0.12) returned to Rene Lavand2020
Rene Lavand2020 collected $0.07 from pot
*** SUMMARY ***
Total pot $0.07 | Rake $0 
Seat 1: Rene Lavand2020 (button) collected ($0.07)
Seat 2: Motopompa (small blind) folded before Flop
Seat 3: Lorpugo (big blind) folded before Flop
Seat 5: Augusto1185 folded before Flop (didn't bet)
Seat 6: kopeyka17167 folded before Flop (didn't bet)



PokerStars Hand #239303530968:  Hold'em No Limit ($0.01/$0.02 USD) - 2022/10/18 10:21:43 ET
Table 'Roma' 6-max Seat #2 is the button
Seat 1: Rene Lavand2020 ($2.30 in chips) 
Seat 2: Motopompa ($2 in chips) 
Seat 3: Lorpugo ($1.91 in chips) 
Seat 5: Augusto1185 ($0.78 in chips) 
Seat 6: kopeyka17167 ($1.90 in chips) 
Lorpugo: posts small blind $0.01
Augusto1185: posts big blind $0.02
*** HOLE CARDS ***
Dealt to Lorpugo [6d 5c]
kopeyka17167: folds 
Rene Lavand2020: folds 
Trubista joins the table at seat #4 
Motopompa: folds 
Lorpugo: calls $0.01
Augusto1185: checks 
*** FLOP *** [Jh 4c 8h]
Lorpugo: checks 
Augusto1185: checks 
*** TURN *** [Jh 4c 8h] [7h]
Lorpugo: bets $0.04
Augusto1185: folds 
Uncalled bet ($0.04) returned to Lorpugo
Lorpugo collected $0.04 from pot
Lorpugo: doesn't show hand 
*** SUMMARY ***
Total pot $0.04 | Rake $0 
Board [Jh 4c 8h 7h]
Seat 1: Rene Lavand2020 folded before Flop (didn't bet)
Seat 2: Motopompa (button) folded before Flop (didn't bet)
Seat 3: Lorpugo (small blind) collected ($0.04)
Seat 5: Augusto1185 (big blind) folded on the Turn
Seat 6: kopeyka17167 folded before Flop (didn't bet)



PokerStars Hand #239303538253:  Hold'em No Limit ($0.01/$0.02 USD) - 2022/10/18 10:22:13 ET
Table 'Roma' 6-max Seat #3 is the button
Seat 1: Rene Lavand2020 ($2.30 in chips) 
Seat 2: Motopompa ($2 in chips) 
Seat 3: Lorpugo ($1.93 in chips) 
Seat 5: Augusto1185 ($0.76 in chips) 
Seat 6: kopeyka17167 ($1.90 in chips) 
Augusto1185: posts small blind $0.01
kopeyka17167: posts big blind $0.02
*** HOLE CARDS ***
Dealt to Lorpugo [4s 6h]
Rene Lavand2020: raises $0.04 to $0.06
Motopompa: folds 
Lorpugo: folds 
Augusto1185: folds 
kopeyka17167: folds 
Uncalled bet ($0.04) returned to Rene Lavand2020
Rene Lavand2020 collected $0.05 from pot
*** SUMMARY ***
Total pot $0.05 | Rake $0 
Seat 1: Rene Lavand2020 collected ($0.05)
Seat 2: Motopompa folded before Flop (didn't bet)
Seat 3: Lorpugo (button) folded before Flop (didn't bet)
Seat 5: Augusto1185 (small blind) folded before Flop
Seat 6: kopeyka17167 (big blind) folded before Flop



PokerStars Hand #239303543708:  Hold'em No Limit ($0.01/$0.02 USD) - 2022/10/18 10:22:35 ET
Table 'Roma' 6-max Seat #5 is the button
Seat 1: Rene Lavand2020 ($2.33 in chips) 
Seat 2: Motopompa ($2 in chips) 
Seat 3: Lorpugo ($1.93 in chips) 
Seat 5: Augusto1185 ($0.75 in chips) 
Seat 6: kopeyka17167 ($1.88 in chips) 
kopeyka17167: posts small blind $0.01
Rene Lavand2020: posts big blind $0.02
Trubista: sits out 
*** HOLE CARDS ***
Dealt to Lorpugo [Qs 4h]
Motopompa: folds 
Lorpugo: folds 
Augusto1185: calls $0.02
kopeyka17167: folds 
Rene Lavand2020: raises $0.08 to $0.10
Augusto1185: calls $0.08
*** FLOP *** [5d 9s As]
Rene Lavand2020: bets $0.10
Augusto1185: folds 
Uncalled bet ($0.10) returned to Rene Lavand2020
Rene Lavand2020 collected $0.20 from pot
*** SUMMARY ***
Total pot $0.21 | Rake $0.01 
Board [5d 9s As]
Seat 1: Rene Lavand2020 (big blind) collected ($0.20)
Seat 2: Motopompa folded before Flop (didn't bet)
Seat 3: Lorpugo folded before Flop (didn't bet)
Seat 5: Augusto1185 (button) folded on the Flop
Seat 6: kopeyka17167 (small blind) folded before Flop



PokerStars Hand #239303552037:  Hold'em No Limit ($0.01/$0.02 USD) - 2022/10/18 10:23:10 ET
Table 'Roma' 6-max Seat #6 is the button
Seat 1: Rene Lavand2020 ($2.43 in chips) 
Seat 2: Motopompa ($2 in chips) 
Seat 3: Lorpugo ($1.93 in chips) 
Seat 5: Augusto1185 ($0.65 in chips) 
Seat 6: kopeyka17167 ($1.87 in chips) 
Rene Lavand2020: posts small blind $0.01
Motopompa: posts big blind $0.02
Trubista: sits out 
*** HOLE CARDS ***
Dealt to Lorpugo [8d 6s]
Lorpugo: raises $0.04 to $0.06
Augusto1185: folds 
kopeyka17167: folds 
Rene Lavand2020: folds 
Motopompa: folds 
Uncalled bet ($0.04) returned to Lorpugo
Lorpugo collected $0.05 from pot
Lorpugo: doesn't show hand 
*** SUMMARY ***
Total pot $0.05 | Rake $0 
Seat 1: Rene Lavand2020 (small blind) folded before Flop
Seat 2: Motopompa (big blind) folded before Flop
Seat 3: Lorpugo collected ($0.05)
Seat 5: Augusto1185 folded before Flop (didn't bet)
Seat 6: kopeyka17167 (button) folded before Flop (didn't bet)



PokerStars Hand #239303556674:  Hold'em No Limit ($0.01/$0.02 USD) - 2022/10/18 10:23:30 ET
Table 'Roma' 6-max Seat #1 is the button
Seat 1: Rene Lavand2020 ($2.42 in chips) 
Seat 2: Motopompa ($2 in chips) 
Seat 3: Lorpugo ($1.96 in chips) 
Seat 5: Augusto1185 ($0.65 in chips) 
Seat 6: kopeyka17167 ($1.87 in chips) 
Motopompa: posts small blind $0.01
Lorpugo: posts big blind $0.02
Trubista: sits out 
*** HOLE CARDS ***
Dealt to Lorpugo [Ah Kd]
Augusto1185: calls $0.02
kopeyka17167: folds 
Rene Lavand2020: folds 
Motopompa: raises $0.10 to $0.12
Lorpugo: calls $0.10
Augusto1185: calls $0.10
*** FLOP *** [5c Tc 8d]
Motopompa: bets $0.18
Lorpugo: calls $0.18
Augusto1185: calls $0.18
*** TURN *** [5c Tc 8d] [5d]
Motopompa: checks 
Lorpugo: checks 
Augusto1185: checks 
*** RIVER *** [5c Tc 8d 5d] [2c]
Motopompa: bets $0.72
Lorpugo: folds 
Augusto1185: folds 
Uncalled bet ($0.72) returned to Motopompa
Motopompa collected $0.87 from pot
Motopompa: doesn't show hand 
*** SUMMARY ***
Total pot $0.90 | Rake $0.03 
Board [5c Tc 8d 5d 2c]
Seat 1: Rene Lavand2020 (button) folded before Flop (didn't bet)
Seat 2: Motopompa (small blind) collected ($0.87)
Seat 3: Lorpugo (big blind) folded on the River
Seat 5: Augusto1185 folded on the River
Seat 6: kopeyka17167 folded before Flop (didn't bet)



PokerStars Hand #239303568955:  Hold'em No Limit ($0.01/$0.02 USD) - 2022/10/18 10:24:21 ET
Table 'Roma' 6-max Seat #2 is the button
Seat 1: Rene Lavand2020 ($2.42 in chips) 
Seat 2: Motopompa ($2.57 in chips) 
Seat 3: Lorpugo ($1.66 in chips) 
Seat 4: Trubista ($1.60 in chips) 
Seat 5: Augusto1185 ($0.35 in chips) 
Seat 6: kopeyka17167 ($1.87 in chips) 
Lorpugo: posts small blind $0.01
Trubista: posts big blind $0.02
*** HOLE CARDS ***
Dealt to Lorpugo [2h Kh]
Augusto1185: calls $0.02
kopeyka17167: folds 
Rene Lavand2020: raises $0.10 to $0.12
Motopompa: folds 
Lorpugo: folds 
Trubista: folds 
Augusto1185: folds 
Uncalled bet ($0.10) returned to Rene Lavand2020
Rene Lavand2020 collected $0.07 from pot
*** SUMMARY ***
Total pot $0.07 | Rake $0 
Seat 1: Rene Lavand2020 collected ($0.07)
Seat 2: Motopompa (button) folded before Flop (didn't bet)
Seat 3: Lorpugo (small blind) folded before Flop
Seat 4: Trubista (big blind) folded before Flop
Seat 5: Augusto1185 folded before Flop
Seat 6: kopeyka17167 folded before Flop (didn't bet)



PokerStars Hand #239303574713:  Hold'em No Limit ($0.01/$0.02 USD) - 2022/10/18 10:24:45 ET
Table 'Roma' 6-max Seat #3 is the button
Seat 1: Rene Lavand2020 ($2.47 in chips) 
Seat 2: Motopompa ($2.57 in chips) 
Seat 3: Lorpugo ($1.65 in chips) 
Seat 4: Trubista ($1.58 in chips) 
Seat 5: Augusto1185 ($0.33 in chips) 
Seat 6: kopeyka17167 ($1.87 in chips) 
Trubista: posts small blind $0.01
Augusto1185: posts big blind $0.02
*** HOLE CARDS ***
Dealt to Lorpugo [4d 5s]
kopeyka17167: folds 
Rene Lavand2020: raises $0.04 to $0.06
Motopompa: folds 
Lorpugo: folds 
Trubista: folds 
Augusto1185: folds 
Uncalled bet ($0.04) returned to Rene Lavand2020
Rene Lavand2020 collected $0.05 from pot
*** SUMMARY ***
Total pot $0.05 | Rake $0 
Seat 1: Rene Lavand2020 collected ($0.05)
Seat 2: Motopompa folded before Flop (didn't bet)
Seat 3: Lorpugo (button) folded before Flop (didn't bet)
Seat 4: Trubista (small blind) folded before Flop
Seat 5: Augusto1185 (big blind) folded before Flop
Seat 6: kopeyka17167 folded before Flop (didn't bet)



PokerStars Hand #239303580358:  Hold'em No Limit ($0.01/$0.02 USD) - 2022/10/18 10:25:07 ET
Table 'Roma' 6-max Seat #4 is the button
Seat 1: Rene Lavand2020 ($2.50 in chips) 
Seat 2: Motopompa ($2.57 in chips) 
Seat 3: Lorpugo ($1.65 in chips) 
Seat 4: Trubista ($1.57 in chips) 
Seat 5: Augusto1185 ($0.31 in chips) 
Seat 6: kopeyka17167 ($1.87 in chips) 
Augusto1185: posts small blind $0.01
kopeyka17167: posts big blind $0.02
*** HOLE CARDS ***
Dealt to Lorpugo [3d 3h]
Rene Lavand2020: folds 
Motopompa: folds 
Lorpugo: raises $0.04 to $0.06
Trubista: folds 
Augusto1185: calls $0.05
kopeyka17167: folds 
*** FLOP *** [Kh Jd 6s]
Augusto1185: bets $0.25 and is all-in
Lorpugo: folds 
Uncalled bet ($0.25) returned to Augusto1185
Augusto1185 collected $0.14 from pot
Augusto1185: doesn't show hand 
*** SUMMARY ***
Total pot $0.14 | Rake $0 
Board [Kh Jd 6s]
Seat 1: Rene Lavand2020 folded before Flop (didn't bet)
Seat 2: Motopompa folded before Flop (didn't bet)
Seat 3: Lorpugo folded on the Flop
Seat 4: Trubista (button) folded before Flop (didn't bet)
Seat 5: Augusto1185 (small blind) collected ($0.14)
Seat 6: kopeyka17167 (big blind) folded before Flop



PokerStars Hand #239303589776:  Hold'em No Limit ($0.01/$0.02 USD) - 2022/10/18 10:25:46 ET
Table 'Roma' 6-max Seat #5 is the button
Seat 1: Rene Lavand2020 ($2.50 in chips) 
Seat 2: Motopompa ($2.57 in chips) 
Seat 3: Lorpugo ($1.60 in chips) 
Seat 4: Trubista ($1.57 in chips) 
Seat 5: Augusto1185 ($0.39 in chips) 
Seat 6: kopeyka17167 ($1.85 in chips) 
kopeyka17167: posts small blind $0.01
Rene Lavand2020: posts big blind $0.02
*** HOLE CARDS ***
Dealt to Lorpugo [9h Kh]
Motopompa: folds 
Lorpugo: raises $0.04 to $0.06
Trubista: folds 
Augusto1185: calls $0.06
kopeyka17167: folds 
Rene Lavand2020: folds 
*** FLOP *** [5d 7c Jd]
Lorpugo: checks 
Augusto1185: checks 
*** TURN *** [5d 7c Jd] [5h]
Lorpugo: bets $0.05
Augusto1185: folds 
Uncalled bet ($0.05) returned to Lorpugo
Lorpugo collected $0.14 from pot
Lorpugo: doesn't show hand 
*** SUMMARY ***
Total pot $0.15 | Rake $0.01 
Board [5d 7c Jd 5h]
Seat 1: Rene Lavand2020 (big blind) folded before Flop
Seat 2: Motopompa folded before Flop (didn't bet)
Seat 3: Lorpugo collected ($0.14)
Seat 4: Trubista folded before Flop (didn't bet)
Seat 5: Augusto1185 (button) folded on the Turn
Seat 6: kopeyka17167 (small blind) folded before Flop



PokerStars Hand #239303597033:  Hold'em No Limit ($0.01/$0.02 USD) - 2022/10/18 10:26:15 ET
Table 'Roma' 6-max Seat #6 is the button
Seat 1: Rene Lavand2020 ($2.48 in chips) 
Seat 2: Motopompa ($2.57 in chips) 
Seat 3: Lorpugo ($1.68 in chips) 
Seat 4: Trubista ($1.57 in chips) 
Seat 5: Augusto1185 ($0.33 in chips) 
Seat 6: kopeyka17167 ($1.84 in chips) 
Rene Lavand2020: posts small blind $0.01
Motopompa: posts big blind $0.02
*** HOLE CARDS ***
Dealt to Lorpugo [Jd 5h]
Lorpugo: folds 
Trubista: folds 
Augusto1185: folds 
kopeyka17167: folds 
Rene Lavand2020: folds 
Uncalled bet ($0.01) returned to Motopompa
Motopompa collected $0.02 from pot
Motopompa: doesn't show hand 
*** SUMMARY ***
Total pot $0.02 | Rake $0 
Seat 1: Rene Lavand2020 (small blind) folded before Flop
Seat 2: Motopompa (big blind) collected ($0.02)
Seat 3: Lorpugo folded before Flop (didn't bet)
Seat 4: Trubista folded before Flop (didn't bet)
Seat 5: Augusto1185 folded before Flop (didn't bet)
Seat 6: kopeyka17167 (button) folded before Flop (didn't bet)



PokerStars Hand #239303600365:  Hold'em No Limit ($0.01/$0.02 USD) - 2022/10/18 10:26:29 ET
Table 'Roma' 6-max Seat #1 is the button
Seat 1: Rene Lavand2020 ($2.47 in chips) 
Seat 2: Motopompa ($2.58 in chips) 
Seat 3: Lorpugo ($1.68 in chips) 
Seat 4: Trubista ($1.57 in chips) 
Seat 5: Augusto1185 ($0.33 in chips) 
Seat 6: kopeyka17167 ($1.84 in chips) 
Motopompa: posts small blind $0.01
Lorpugo: posts big blind $0.02
*** HOLE CARDS ***
Dealt to Lorpugo [8s 6c]
Trubista: calls $0.02
Augusto1185: folds 
kopeyka17167: folds 
Rene Lavand2020: raises $0.08 to $0.10
Motopompa: folds 
Lorpugo: folds 
Trubista: calls $0.08
*** FLOP *** [Td Ad 8h]
Trubista: checks 
Rene Lavand2020: bets $0.12
Trubista: calls $0.12
*** TURN *** [Td Ad 8h] [Kd]
Trubista: checks 
Rene Lavand2020: checks 
*** RIVER *** [Td Ad 8h Kd] [Tc]
Trubista: checks 
Rene Lavand2020: checks 
*** SHOW DOWN ***
Trubista: shows [Kc Jd] (two pair, Kings and Tens)
Rene Lavand2020: shows [As Qs] (two pair, Aces and Tens)
Rene Lavand2020 collected $0.45 from pot
*** SUMMARY ***
Total pot $0.47 | Rake $0.02 
Board [Td Ad 8h Kd Tc]
Seat 1: Rene Lavand2020 (button) showed [As Qs] and won ($0.45) with two pair, Aces and Tens
Seat 2: Motopompa (small blind) folded before Flop
Seat 3: Lorpugo (big blind) folded before Flop
Seat 4: Trubista showed [Kc Jd] and lost with two pair, Kings and Tens
Seat 5: Augusto1185 folded before Flop (didn't bet)
Seat 6: kopeyka17167 folded before Flop (didn't bet)



PokerStars Hand #239303611926:  Hold'em No Limit ($0.01/$0.02 USD) - 2022/10/18 10:27:17 ET
Table 'Roma' 6-max Seat #2 is the button
Seat 1: Rene Lavand2020 ($2.70 in chips) 
Seat 2: Motopompa ($2.57 in chips) 
Seat 3: Lorpugo ($1.66 in chips) 
Seat 4: Trubista ($1.35 in chips) 
Seat 5: Augusto1185 ($0.33 in chips) 
Seat 6: kopeyka17167 ($1.84 in chips) 
Lorpugo: posts small blind $0.01
Trubista: posts big blind $0.02
*** HOLE CARDS ***
Dealt to Lorpugo [9h 6c]
Augusto1185: calls $0.02
kopeyka17167: folds 
Rene Lavand2020: raises $0.08 to $0.10
Motopompa: folds 
Lorpugo: folds 
Trubista: calls $0.08
Augusto1185: calls $0.08
*** FLOP *** [Jd 5s 6h]
Trubista: checks 
Augusto1185: checks 
Rene Lavand2020: checks 
*** TURN *** [Jd 5s 6h] [5d]
Trubista: checks 
Augusto1185: bets $0.23 and is all-in
Rene Lavand2020: folds 
Trubista: folds 
Uncalled bet ($0.23) returned to Augusto1185
Augusto1185 collected $0.30 from pot
Augusto1185: doesn't show hand 
*** SUMMARY ***
Total pot $0.31 | Rake $0.01 
Board [Jd 5s 6h 5d]
Seat 1: Rene Lavand2020 folded on the Turn
Seat 2: Motopompa (button) folded before Flop (didn't bet)
Seat 3: Lorpugo (small blind) folded before Flop
Seat 4: Trubista (big blind) folded on the Turn
Seat 5: Augusto1185 collected ($0.30)
Seat 6: kopeyka17167 folded before Flop (didn't bet)



PokerStars Hand #239303625347:  Hold'em No Limit ($0.01/$0.02 USD) - 2022/10/18 10:28:13 ET
Table 'Roma' 6-max Seat #3 is the button
Seat 1: Rene Lavand2020 ($2.60 in chips) 
Seat 2: Motopompa ($2.57 in chips) 
Seat 3: Lorpugo ($1.65 in chips) 
Seat 4: Trubista ($1.25 in chips) 
Seat 5: Augusto1185 ($0.53 in chips) 
Seat 6: kopeyka17167 ($1.84 in chips) 
Trubista: posts small blind $0.01
Augusto1185: posts big blind $0.02
*** HOLE CARDS ***
Dealt to Lorpugo [5s 3h]
kopeyka17167: folds 
Rene Lavand2020: folds 
Motopompa: folds 
Lorpugo: folds 
Trubista: calls $0.01
Augusto1185: checks 
*** FLOP *** [Ad 9s Ah]
Trubista: checks 
Augusto1185: checks 
*** TURN *** [Ad 9s Ah] [4s]
Trubista: checks 
Augusto1185: bets $0.02
Trubista: folds 
Uncalled bet ($0.02) returned to Augusto1185
Augusto1185 collected $0.04 from pot
Augusto1185: doesn't show hand 
*** SUMMARY ***
Total pot $0.04 | Rake $0 
Board [Ad 9s Ah 4s]
Seat 1: Rene Lavand2020 folded before Flop (didn't bet)
Seat 2: Motopompa folded before Flop (didn't bet)
Seat 3: Lorpugo (button) folded before Flop (didn't bet)
Seat 4: Trubista (small blind) folded on the Turn
Seat 5: Augusto1185 (big blind) collected ($0.04)
Seat 6: kopeyka17167 folded before Flop (didn't bet)



PokerStars Hand #239303632053:  Hold'em No Limit ($0.01/$0.02 USD) - 2022/10/18 10:28:41 ET
Table 'Roma' 6-max Seat #4 is the button
Seat 1: Rene Lavand2020 ($2.60 in chips) 
Seat 2: Motopompa ($2.57 in chips) 
Seat 3: Lorpugo ($1.65 in chips) 
Seat 4: Trubista ($1.23 in chips) 
Seat 5: Augusto1185 ($0.55 in chips) 
Seat 6: kopeyka17167 ($1.84 in chips) 
Augusto1185: posts small blind $0.01
kopeyka17167: posts big blind $0.02
*** HOLE CARDS ***
Dealt to Lorpugo [Jh 3h]
Rene Lavand2020: folds 
Motopompa: raises $0.04 to $0.06
Lorpugo: folds 
Trubista: calls $0.06
Augusto1185: calls $0.05
kopeyka17167: folds 
*** FLOP *** [As Ac 2d]
Augusto1185: checks 
Motopompa: bets $0.08
Trubista: folds 
Augusto1185: folds 
Uncalled bet ($0.08) returned to Motopompa
Motopompa collected $0.19 from pot
Motopompa: doesn't show hand 
*** SUMMARY ***
Total pot $0.20 | Rake $0.01 
Board [As Ac 2d]
Seat 1: Rene Lavand2020 folded before Flop (didn't bet)
Seat 2: Motopompa collected ($0.19)
Seat 3: Lorpugo folded before Flop (didn't bet)
Seat 4: Trubista (button) folded on the Flop
Seat 5: Augusto1185 (small blind) folded on the Flop
Seat 6: kopeyka17167 (big blind) folded before Flop



PokerStars Hand #239303640099:  Hold'em No Limit ($0.01/$0.02 USD) - 2022/10/18 10:29:14 ET
Table 'Roma' 6-max Seat #5 is the button
Seat 1: Rene Lavand2020 ($2.60 in chips) 
Seat 2: Motopompa ($2.70 in chips) 
Seat 3: Lorpugo ($1.65 in chips) 
Seat 4: Trubista ($1.17 in chips) 
Seat 5: Augusto1185 ($0.49 in chips) 
Seat 6: kopeyka17167 ($1.82 in chips) 
kopeyka17167: posts small blind $0.01
Rene Lavand2020: posts big blind $0.02
*** HOLE CARDS ***
Dealt to Lorpugo [Ac 9h]
Motopompa: folds 
Lorpugo: raises $0.04 to $0.06
Trubista: calls $0.06
Augusto1185: calls $0.06
kopeyka17167: folds 
Rene Lavand2020: calls $0.04
*** FLOP *** [2c Kd 8s]
Rene Lavand2020: checks 
Lorpugo: checks 
Trubista: checks 
Augusto1185: bets $0.10
Rene Lavand2020: calls $0.10
Lorpugo: folds 
Trubista: folds 
*** TURN *** [2c Kd 8s] [Qc]
Rene Lavand2020: checks 
Augusto1185: bets $0.06
Rene Lavand2020: folds 
Uncalled bet ($0.06) returned to Augusto1185
Augusto1185 collected $0.43 from pot
Augusto1185: doesn't show hand 
*** SUMMARY ***
Total pot $0.45 | Rake $0.02 
Board [2c Kd 8s Qc]
Seat 1: Rene Lavand2020 (big blind) folded on the Turn
Seat 2: Motopompa folded before Flop (didn't bet)
Seat 3: Lorpugo folded on the Flop
Seat 4: Trubista folded on the Flop
Seat 5: Augusto1185 (button) collected ($0.43)
Seat 6: kopeyka17167 (small blind) folded before Flop



