PokerStars Hand #239469469134:  Hold'em No Limit ($0.02/$0.05 USD) - 2022/10/26 15:36:31 ET
Table 'Lumen III' 6-max Seat #5 is the button
Seat 1: Lorpugo ($4 in chips) 
Seat 2: nhrl1979 ($4.88 in chips) 
Seat 4: JWeeeiii ($5.20 in chips) 
Seat 5: Juanji5418 ($6.24 in chips) 
Seat 6: bonanno31 ($5.09 in chips) 
bonanno31: posts small blind $0.02
Lorpugo: posts big blind $0.05
*** HOLE CARDS ***
Dealt to Lorpugo [Ts 9s]
nhrl1979: folds 
JWeeeiii: folds 
Juanji5418: folds 
JGatte leaves the table
bonanno31: raises $0.07 to $0.12
Moriteru joins the table at seat #3 
Lorpugo: raises $0.24 to $0.36
bonanno31: calls $0.24
*** FLOP *** [7d 6c 7c]
bonanno31: checks 
Lorpugo: bets $0.55
nhrl1979 leaves the table
Moneytalks0202 joins the table at seat #2 
bonanno31: folds 
Uncalled bet ($0.55) returned to Lorpugo
Lorpugo collected $0.69 from pot
Lorpugo: doesn't show hand 
*** SUMMARY ***
Total pot $0.72 | Rake $0.03 
Board [7d 6c 7c]
Seat 1: Lorpugo (big blind) collected ($0.69)
Seat 2: nhrl1979 folded before Flop (didn't bet)
Seat 4: JWeeeiii folded before Flop (didn't bet)
Seat 5: Juanji5418 (button) folded before Flop (didn't bet)
Seat 6: bonanno31 (small blind) folded on the Flop



PokerStars Hand #239469492269:  Hold'em No Limit ($0.02/$0.05 USD) - 2022/10/26 15:37:31 ET
Table 'Lumen III' 6-max Seat #6 is the button
Seat 1: Lorpugo ($4.33 in chips) 
Seat 2: Moneytalks0202 ($5 in chips) 
Seat 3: Moriteru ($4 in chips) 
Seat 4: JWeeeiii ($5.20 in chips) 
Seat 5: Juanji5418 ($6.24 in chips) 
Seat 6: bonanno31 ($5 in chips) 
Lorpugo: posts small blind $0.02
Moneytalks0202: posts big blind $0.05
Moriteru: posts big blind $0.05
*** HOLE CARDS ***
Dealt to Lorpugo [5c 8s]
Moriteru: checks 
JWeeeiii: folds 
Juanji5418: folds 
bonanno31: folds 
Lorpugo: folds 
Moneytalks0202: checks 
*** FLOP *** [9d 6h Ks]
Moneytalks0202: checks 
Moriteru: bets $0.12
Moneytalks0202: folds 
Uncalled bet ($0.12) returned to Moriteru
Moriteru collected $0.12 from pot
*** SUMMARY ***
Total pot $0.12 | Rake $0 
Board [9d 6h Ks]
Seat 1: Lorpugo (small blind) folded before Flop
Seat 2: Moneytalks0202 (big blind) folded on the Flop
Seat 3: Moriteru collected ($0.12)
Seat 4: JWeeeiii folded before Flop (didn't bet)
Seat 5: Juanji5418 folded before Flop (didn't bet)
Seat 6: bonanno31 (button) folded before Flop (didn't bet)



PokerStars Hand #239469500447:  Hold'em No Limit ($0.02/$0.05 USD) - 2022/10/26 15:37:51 ET
Table 'Lumen III' 6-max Seat #1 is the button
Seat 1: Lorpugo ($4.31 in chips) 
Seat 2: Moneytalks0202 ($5 in chips) 
Seat 3: Moriteru ($4.07 in chips) 
Seat 4: JWeeeiii ($5.20 in chips) 
Seat 5: Juanji5418 ($6.24 in chips) 
Seat 6: bonanno31 ($5 in chips) 
Moneytalks0202: posts small blind $0.02
Moriteru: posts big blind $0.05
*** HOLE CARDS ***
Dealt to Lorpugo [2s 3c]
JWeeeiii: folds 
Juanji5418: folds 
bonanno31: raises $0.10 to $0.15
Lorpugo: folds 
Moneytalks0202: folds 
Moriteru: calls $0.10
*** FLOP *** [8d Jh Ts]
Moriteru: checks 
bonanno31: bets $0.17
Moriteru: folds 
Uncalled bet ($0.17) returned to bonanno31
bonanno31 collected $0.31 from pot
bonanno31: doesn't show hand 
*** SUMMARY ***
Total pot $0.32 | Rake $0.01 
Board [8d Jh Ts]
Seat 1: Lorpugo (button) folded before Flop (didn't bet)
Seat 2: Moneytalks0202 (small blind) folded before Flop
Seat 3: Moriteru (big blind) folded on the Flop
Seat 4: JWeeeiii folded before Flop (didn't bet)
Seat 5: Juanji5418 folded before Flop (didn't bet)
Seat 6: bonanno31 collected ($0.31)



PokerStars Hand #239469509480:  Hold'em No Limit ($0.02/$0.05 USD) - 2022/10/26 15:38:15 ET
Table 'Lumen III' 6-max Seat #2 is the button
Seat 1: Lorpugo ($4.31 in chips) 
Seat 2: Moneytalks0202 ($5 in chips) 
Seat 3: Moriteru ($3.92 in chips) 
Seat 5: Juanji5418 ($6.24 in chips) 
Seat 6: bonanno31 ($5.16 in chips) 
Moriteru: posts small blind $0.02
JWeeeiii: is sitting out 
Juanji5418: posts big blind $0.05
*** HOLE CARDS ***
Dealt to Lorpugo [7d 9d]
bonanno31: folds 
JWeeeiii leaves the table
Lorpugo: raises $0.10 to $0.15
Moneytalks0202: folds 
Moriteru: calls $0.13
praver80 joins the table at seat #4 
Juanji5418 has timed out
Juanji5418: folds 
*** FLOP *** [Qh Tc 4d]
Moriteru: checks 
Lorpugo: bets $0.17
Moriteru: raises $0.17 to $0.34
Lorpugo: folds 
Uncalled bet ($0.17) returned to Moriteru
Moriteru collected $0.66 from pot
*** SUMMARY ***
Total pot $0.69 | Rake $0.03 
Board [Qh Tc 4d]
Seat 1: Lorpugo folded on the Flop
Seat 2: Moneytalks0202 (button) folded before Flop (didn't bet)
Seat 3: Moriteru (small blind) collected ($0.66)
Seat 5: Juanji5418 (big blind) folded before Flop
Seat 6: bonanno31 folded before Flop (didn't bet)



PokerStars Hand #239469528375:  Hold'em No Limit ($0.02/$0.05 USD) - 2022/10/26 15:39:03 ET
Table 'Lumen III' 6-max Seat #3 is the button
Seat 1: Lorpugo ($4 in chips) 
Seat 2: Moneytalks0202 ($5 in chips) 
Seat 3: Moriteru ($4.26 in chips) 
Seat 5: Juanji5418 ($6.19 in chips) 
Seat 6: bonanno31 ($5.16 in chips) 
Juanji5418: posts small blind $0.02
bonanno31: posts big blind $0.05
*** HOLE CARDS ***
Dealt to Lorpugo [3h Js]
Lorpugo: folds 
Moneytalks0202: folds 
Moriteru: calls $0.05
Juanji5418 has timed out
Juanji5418: folds 
bonanno31: checks 
*** FLOP *** [Td Kc 3s]
bonanno31: checks 
Moriteru: checks 
*** TURN *** [Td Kc 3s] [5s]
bonanno31: checks 
Moriteru: bets $0.15
bonanno31: folds 
Uncalled bet ($0.15) returned to Moriteru
Moriteru collected $0.12 from pot
*** SUMMARY ***
Total pot $0.12 | Rake $0 
Board [Td Kc 3s 5s]
Seat 1: Lorpugo folded before Flop (didn't bet)
Seat 2: Moneytalks0202 folded before Flop (didn't bet)
Seat 3: Moriteru (button) collected ($0.12)
Seat 5: Juanji5418 (small blind) folded before Flop
Seat 6: bonanno31 (big blind) folded on the Turn



PokerStars Hand #239469543936:  Hold'em No Limit ($0.02/$0.05 USD) - 2022/10/26 15:39:43 ET
Table 'Lumen III' 6-max Seat #6 is the button
Seat 1: Lorpugo ($4 in chips) 
Seat 2: Moneytalks0202 ($5 in chips) 
Seat 3: Moriteru ($4.33 in chips) 
Seat 6: bonanno31 ($5.11 in chips) 
Lorpugo: posts small blind $0.02
Moneytalks0202: posts big blind $0.05
praver80: sits out 
*** HOLE CARDS ***
Dealt to Lorpugo [8h 7d]
Moriteru: calls $0.05
bonanno31: folds 
Lorpugo: calls $0.03
Moneytalks0202: checks 
*** FLOP *** [Qc 9d Th]
Lorpugo: checks 
Juanji5418 is disconnected 
Moneytalks0202: bets $0.05
Moriteru: folds 
Lorpugo: raises $0.16 to $0.21
Moneytalks0202: calls $0.16
*** TURN *** [Qc 9d Th] [6h]
Lorpugo: bets $0.65
Moneytalks0202: calls $0.65
*** RIVER *** [Qc 9d Th 6h] [6c]
Lorpugo: bets $2.45
Moneytalks0202: calls $2.45
*** SHOW DOWN ***
Lorpugo: shows [8h 7d] (a straight, Six to Ten)
Moneytalks0202: shows [Jh 8d] (a straight, Eight to Queen)
Moneytalks0202 collected $6.49 from pot
*** SUMMARY ***
Total pot $6.77 | Rake $0.28 
Board [Qc 9d Th 6h 6c]
Seat 1: Lorpugo (small blind) showed [8h 7d] and lost with a straight, Six to Ten
Seat 2: Moneytalks0202 (big blind) showed [Jh 8d] and won ($6.49) with a straight, Eight to Queen
Seat 3: Moriteru folded on the Flop
Seat 6: bonanno31 (button) folded before Flop (didn't bet)



