PokerStars Hand #239469505857:  Hold'em No Limit ($0.02/$0.05 USD) - 2022/10/26 15:38:06 ET
Table 'Deimos III' 6-max Seat #4 is the button
Seat 1: Lorpugo ($4 in chips) 
Seat 2: penzkocsi ($5 in chips) 
Seat 3: 4eis ($5.39 in chips) 
Seat 4: ahti2000 ($8.71 in chips) 
Seat 6: PAMEGERA ($6.52 in chips) 
PAMEGERA: posts small blind $0.02
Lorpugo: posts big blind $0.05
*** HOLE CARDS ***
Dealt to Lorpugo [7h Js]
penzkocsi: folds 
4eis: folds 
LagutikAV joins the table at seat #5 
ahti2000: folds 
PAMEGERA: raises $0.10 to $0.15
Lorpugo: calls $0.10
*** FLOP *** [3d Td 7d]
PAMEGERA: checks 
Lorpugo: bets $0.45
PAMEGERA: folds 
Uncalled bet ($0.45) returned to Lorpugo
Lorpugo collected $0.29 from pot
Lorpugo: doesn't show hand 
*** SUMMARY ***
Total pot $0.30 | Rake $0.01 
Board [3d Td 7d]
Seat 1: Lorpugo (big blind) collected ($0.29)
Seat 2: penzkocsi folded before Flop (didn't bet)
Seat 3: 4eis folded before Flop (didn't bet)
Seat 4: ahti2000 (button) folded before Flop (didn't bet)
Seat 6: PAMEGERA (small blind) folded on the Flop



PokerStars Hand #239469518819:  Hold'em No Limit ($0.02/$0.05 USD) - 2022/10/26 15:38:39 ET
Table 'Deimos III' 6-max Seat #6 is the button
Seat 1: Lorpugo ($4.14 in chips) 
Seat 3: 4eis ($5.39 in chips) 
Seat 4: ahti2000 ($8.71 in chips) 
Seat 6: PAMEGERA ($6.37 in chips) 
Lorpugo: posts small blind $0.02
penzkocsi: is sitting out 
4eis: posts big blind $0.05
LagutikAV: sits out 
*** HOLE CARDS ***
Dealt to Lorpugo [3d Jc]
ahti2000: folds 
PAMEGERA: folds 
Lorpugo: folds 
Uncalled bet ($0.03) returned to 4eis
4eis collected $0.04 from pot
4eis: doesn't show hand 
*** SUMMARY ***
Total pot $0.04 | Rake $0 
Seat 1: Lorpugo (small blind) folded before Flop
Seat 3: 4eis (big blind) collected ($0.04)
Seat 4: ahti2000 folded before Flop (didn't bet)
Seat 6: PAMEGERA (button) folded before Flop (didn't bet)



PokerStars Hand #239469527391:  Hold'em No Limit ($0.02/$0.05 USD) - 2022/10/26 15:39:01 ET
Table 'Deimos III' 6-max Seat #1 is the button
Seat 1: Lorpugo ($4.12 in chips) 
Seat 3: 4eis ($5.41 in chips) 
Seat 4: ahti2000 ($8.71 in chips) 
Seat 6: PAMEGERA ($6.37 in chips) 
4eis: posts small blind $0.02
ahti2000: posts big blind $0.05
LagutikAV: sits out 
*** HOLE CARDS ***
Dealt to Lorpugo [Qs Th]
PAMEGERA: folds 
Lorpugo: raises $0.10 to $0.15
4eis: folds 
ahti2000: folds 
Uncalled bet ($0.10) returned to Lorpugo
Lorpugo collected $0.12 from pot
Lorpugo: doesn't show hand 
*** SUMMARY ***
Total pot $0.12 | Rake $0 
Seat 1: Lorpugo (button) collected ($0.12)
Seat 3: 4eis (small blind) folded before Flop
Seat 4: ahti2000 (big blind) folded before Flop
Seat 6: PAMEGERA folded before Flop (didn't bet)



PokerStars Hand #239469532061:  Hold'em No Limit ($0.02/$0.05 USD) - 2022/10/26 15:39:13 ET
Table 'Deimos III' 6-max Seat #3 is the button
Seat 1: Lorpugo ($4.19 in chips) 
Seat 3: 4eis ($5.39 in chips) 
Seat 4: ahti2000 ($8.66 in chips) 
Seat 5: LagutikAV ($5 in chips) 
Seat 6: PAMEGERA ($6.37 in chips) 
ahti2000: posts small blind $0.02
LagutikAV: posts big blind $0.05
*** HOLE CARDS ***
Dealt to Lorpugo [Ks Ad]
PAMEGERA: folds 
Lorpugo: raises $0.10 to $0.15
4eis: folds 
ahti2000: raises $0.35 to $0.50
LagutikAV: folds 
Lorpugo: raises $3.69 to $4.19 and is all-in
ahti2000: folds 
Uncalled bet ($3.69) returned to Lorpugo
Lorpugo collected $1.05 from pot
Lorpugo: doesn't show hand 
*** SUMMARY ***
Total pot $1.05 | Rake $0 
Seat 1: Lorpugo collected ($1.05)
Seat 3: 4eis (button) folded before Flop (didn't bet)
Seat 4: ahti2000 (small blind) folded before Flop
Seat 5: LagutikAV (big blind) folded before Flop
Seat 6: PAMEGERA folded before Flop (didn't bet)



PokerStars Hand #239469543340:  Hold'em No Limit ($0.02/$0.05 USD) - 2022/10/26 15:39:42 ET
Table 'Deimos III' 6-max Seat #4 is the button
Seat 1: Lorpugo ($4.74 in chips) 
Seat 3: 4eis ($5.39 in chips) 
Seat 4: ahti2000 ($8.16 in chips) 
Seat 5: LagutikAV ($5 in chips) 
Seat 6: PAMEGERA ($6.37 in chips) 
LagutikAV: posts small blind $0.02
PAMEGERA: posts big blind $0.05
penzkocsi: sits out 
*** HOLE CARDS ***
Dealt to Lorpugo [Qs 9h]
Lorpugo: folds 
4eis: folds 
ahti2000: folds 
LagutikAV: folds 
Uncalled bet ($0.03) returned to PAMEGERA
PAMEGERA collected $0.04 from pot
PAMEGERA: doesn't show hand 
*** SUMMARY ***
Total pot $0.04 | Rake $0 
Seat 1: Lorpugo folded before Flop (didn't bet)
Seat 3: 4eis folded before Flop (didn't bet)
Seat 4: ahti2000 (button) folded before Flop (didn't bet)
Seat 5: LagutikAV (small blind) folded before Flop
Seat 6: PAMEGERA (big blind) collected ($0.04)



PokerStars Hand #239469552815:  Hold'em No Limit ($0.02/$0.05 USD) - 2022/10/26 15:40:06 ET
Table 'Deimos III' 6-max Seat #5 is the button
Seat 1: Lorpugo ($4.74 in chips) 
Seat 3: 4eis ($5.39 in chips) 
Seat 4: ahti2000 ($8.16 in chips) 
Seat 5: LagutikAV ($5 in chips) 
Seat 6: PAMEGERA ($6.39 in chips) 
PAMEGERA: posts small blind $0.02
Lorpugo: posts big blind $0.05
penzkocsi: sits out 
*** HOLE CARDS ***
Dealt to Lorpugo [Qs 6h]
4eis: folds 
ahti2000: folds 
LagutikAV: folds 
PAMEGERA: raises $0.10 to $0.15
Lorpugo: folds 
Uncalled bet ($0.10) returned to PAMEGERA
PAMEGERA collected $0.10 from pot
PAMEGERA: doesn't show hand 
*** SUMMARY ***
Total pot $0.10 | Rake $0 
Seat 1: Lorpugo (big blind) folded before Flop
Seat 3: 4eis folded before Flop (didn't bet)
Seat 4: ahti2000 folded before Flop (didn't bet)
Seat 5: LagutikAV (button) folded before Flop (didn't bet)
Seat 6: PAMEGERA (small blind) collected ($0.10)



PokerStars Hand #239469560352:  Hold'em No Limit ($0.02/$0.05 USD) - 2022/10/26 15:40:26 ET
Table 'Deimos III' 6-max Seat #6 is the button
Seat 1: Lorpugo ($4.69 in chips) 
Seat 2: penzkocsi ($5 in chips) 
Seat 3: 4eis ($5.39 in chips) 
Seat 4: ahti2000 ($8.16 in chips) 
Seat 5: LagutikAV ($5 in chips) 
Seat 6: PAMEGERA ($6.44 in chips) 
Lorpugo: posts small blind $0.02
penzkocsi: posts big blind $0.05
*** HOLE CARDS ***
Dealt to Lorpugo [Ks Jc]
4eis: folds 
ahti2000: folds 
LagutikAV: folds 
PAMEGERA: raises $0.06 to $0.11
Lorpugo: raises $0.27 to $0.38
penzkocsi: folds 
PAMEGERA: folds 
Uncalled bet ($0.27) returned to Lorpugo
Lorpugo collected $0.27 from pot
Lorpugo: doesn't show hand 
*** SUMMARY ***
Total pot $0.27 | Rake $0 
Seat 1: Lorpugo (small blind) collected ($0.27)
Seat 2: penzkocsi (big blind) folded before Flop
Seat 3: 4eis folded before Flop (didn't bet)
Seat 4: ahti2000 folded before Flop (didn't bet)
Seat 5: LagutikAV folded before Flop (didn't bet)
Seat 6: PAMEGERA (button) folded before Flop



PokerStars Hand #239469570331:  Hold'em No Limit ($0.02/$0.05 USD) - 2022/10/26 15:40:51 ET
Table 'Deimos III' 6-max Seat #1 is the button
Seat 1: Lorpugo ($4.85 in chips) 
Seat 2: penzkocsi ($5 in chips) 
Seat 3: 4eis ($5.39 in chips) 
Seat 4: ahti2000 ($8.16 in chips) 
Seat 5: LagutikAV ($5 in chips) 
Seat 6: PAMEGERA ($6.33 in chips) 
penzkocsi: posts small blind $0.02
4eis: posts big blind $0.05
*** HOLE CARDS ***
Dealt to Lorpugo [3s Th]
ahti2000: folds 
LagutikAV: folds 
PAMEGERA: folds 
Lorpugo: folds 
penzkocsi: folds 
Uncalled bet ($0.03) returned to 4eis
4eis collected $0.04 from pot
4eis: doesn't show hand 
*** SUMMARY ***
Total pot $0.04 | Rake $0 
Seat 1: Lorpugo (button) folded before Flop (didn't bet)
Seat 2: penzkocsi (small blind) folded before Flop
Seat 3: 4eis (big blind) collected ($0.04)
Seat 4: ahti2000 folded before Flop (didn't bet)
Seat 5: LagutikAV folded before Flop (didn't bet)
Seat 6: PAMEGERA folded before Flop (didn't bet)



