PokerStars Hand #239303381181:  Hold'em No Limit ($0.01/$0.02 USD) - 2022/10/18 10:11:21 ET
Table 'Tynka II' 6-max Seat #5 is the button
Seat 1: Lorpugo ($1.60 in chips) 
Seat 2: Smoking_Ly ($2.46 in chips) 
Seat 3: TomasSolidCabj ($2.27 in chips) 
Seat 4: King Puzzle ($4.18 in chips) 
Seat 5: Marola93 ($2 in chips) 
Seat 6: intentii ($2 in chips) 
intentii: posts small blind $0.01
Lorpugo: posts big blind $0.02
*** HOLE CARDS ***
Dealt to Lorpugo [7d 9h]
Smoking_Ly: folds 
TomasSolidCabj: folds 
King Puzzle: folds 
Marola93: folds 
intentii: raises $0.04 to $0.06
Lorpugo: calls $0.04
*** FLOP *** [8h 6h 4h]
intentii: checks 
Lorpugo: bets $0.16
intentii: raises $0.22 to $0.38
Lorpugo: calls $0.22
*** TURN *** [8h 6h 4h] [Jh]
intentii: checks 
Lorpugo: checks 
*** RIVER *** [8h 6h 4h Jh] [Kd]
intentii: bets $0.64
Lorpugo has timed out
Lorpugo: folds 
Uncalled bet ($0.64) returned to intentii
intentii collected $0.85 from pot
intentii: doesn't show hand 
*** SUMMARY ***
Total pot $0.88 | Rake $0.03 
Board [8h 6h 4h Jh Kd]
Seat 1: Lorpugo (big blind) folded on the River
Seat 2: Smoking_Ly folded before Flop (didn't bet)
Seat 3: TomasSolidCabj folded before Flop (didn't bet)
Seat 4: King Puzzle folded before Flop (didn't bet)
Seat 5: Marola93 (button) folded before Flop (didn't bet)
Seat 6: intentii (small blind) collected ($0.85)



PokerStars Hand #239303396103:  Hold'em No Limit ($0.01/$0.02 USD) - 2022/10/18 10:12:25 ET
Table 'Tynka II' 6-max Seat #6 is the button
Seat 1: Lorpugo ($1.60 in chips) 
Seat 2: Smoking_Ly ($2.46 in chips) 
Seat 3: TomasSolidCabj ($2.27 in chips) 
Seat 4: King Puzzle ($4.18 in chips) 
Seat 5: Marola93 ($2 in chips) 
Seat 6: intentii ($2.41 in chips) 
Lorpugo: posts small blind $0.01
Smoking_Ly: posts big blind $0.02
*** HOLE CARDS ***
Dealt to Lorpugo [3c As]
TomasSolidCabj: raises $0.04 to $0.06
King Puzzle: folds 
Marola93: folds 
intentii: folds 
Lorpugo: folds 
Smoking_Ly: calls $0.04
*** FLOP *** [Jh 5c 8d]
Smoking_Ly: bets $0.10
TomasSolidCabj: calls $0.10
*** TURN *** [Jh 5c 8d] [3d]
Smoking_Ly: bets $0.16
TomasSolidCabj: calls $0.16
*** RIVER *** [Jh 5c 8d 3d] [4c]
Smoking_Ly: checks 
TomasSolidCabj: bets $0.47
Smoking_Ly: folds 
Uncalled bet ($0.47) returned to TomasSolidCabj
TomasSolidCabj collected $0.63 from pot
*** SUMMARY ***
Total pot $0.65 | Rake $0.02 
Board [Jh 5c 8d 3d 4c]
Seat 1: Lorpugo (small blind) folded before Flop
Seat 2: Smoking_Ly (big blind) folded on the River
Seat 3: TomasSolidCabj collected ($0.63)
Seat 4: King Puzzle folded before Flop (didn't bet)
Seat 5: Marola93 folded before Flop (didn't bet)
Seat 6: intentii (button) folded before Flop (didn't bet)



PokerStars Hand #239303415144:  Hold'em No Limit ($0.01/$0.02 USD) - 2022/10/18 10:13:44 ET
Table 'Tynka II' 6-max Seat #1 is the button
Seat 1: Lorpugo ($1.60 in chips) 
Seat 2: Smoking_Ly ($2.14 in chips) 
Seat 3: TomasSolidCabj ($2.58 in chips) 
Seat 4: King Puzzle ($4.18 in chips) 
Seat 5: Marola93 ($2 in chips) 
Seat 6: intentii ($2.41 in chips) 
Smoking_Ly: posts small blind $0.01
TomasSolidCabj: posts big blind $0.02
*** HOLE CARDS ***
Dealt to Lorpugo [Js Ac]
King Puzzle: folds 
Marola93: folds 
intentii: folds 
Lorpugo: raises $0.04 to $0.06
Smoking_Ly: folds 
TomasSolidCabj: folds 
Uncalled bet ($0.04) returned to Lorpugo
Lorpugo collected $0.05 from pot
Lorpugo: doesn't show hand 
*** SUMMARY ***
Total pot $0.05 | Rake $0 
Seat 1: Lorpugo (button) collected ($0.05)
Seat 2: Smoking_Ly (small blind) folded before Flop
Seat 3: TomasSolidCabj (big blind) folded before Flop
Seat 4: King Puzzle folded before Flop (didn't bet)
Seat 5: Marola93 folded before Flop (didn't bet)
Seat 6: intentii folded before Flop (didn't bet)



PokerStars Hand #239303419859:  Hold'em No Limit ($0.01/$0.02 USD) - 2022/10/18 10:14:03 ET
Table 'Tynka II' 6-max Seat #2 is the button
Seat 1: Lorpugo ($1.63 in chips) 
Seat 2: Smoking_Ly ($2.13 in chips) 
Seat 3: TomasSolidCabj ($2.56 in chips) 
Seat 4: King Puzzle ($4.18 in chips) 
Seat 5: Marola93 ($2 in chips) 
Seat 6: intentii ($2.41 in chips) 
TomasSolidCabj: posts small blind $0.01
King Puzzle: posts big blind $0.02
*** HOLE CARDS ***
Dealt to Lorpugo [2c Ks]
Marola93: folds 
intentii: folds 
Lorpugo: folds 
Smoking_Ly: folds 
TomasSolidCabj: folds 
Uncalled bet ($0.01) returned to King Puzzle
King Puzzle collected $0.02 from pot
*** SUMMARY ***
Total pot $0.02 | Rake $0 
Seat 1: Lorpugo folded before Flop (didn't bet)
Seat 2: Smoking_Ly (button) folded before Flop (didn't bet)
Seat 3: TomasSolidCabj (small blind) folded before Flop
Seat 4: King Puzzle (big blind) collected ($0.02)
Seat 5: Marola93 folded before Flop (didn't bet)
Seat 6: intentii folded before Flop (didn't bet)



PokerStars Hand #239303422467:  Hold'em No Limit ($0.01/$0.02 USD) - 2022/10/18 10:14:14 ET
Table 'Tynka II' 6-max Seat #3 is the button
Seat 1: Lorpugo ($1.63 in chips) 
Seat 2: Smoking_Ly ($2.13 in chips) 
Seat 3: TomasSolidCabj ($2.55 in chips) 
Seat 4: King Puzzle ($4.19 in chips) 
Seat 5: Marola93 ($2 in chips) 
Seat 6: intentii ($2.41 in chips) 
King Puzzle: posts small blind $0.01
Marola93: posts big blind $0.02
*** HOLE CARDS ***
Dealt to Lorpugo [6s 2c]
intentii: folds 
Lorpugo: folds 
Smoking_Ly: folds 
TomasSolidCabj: raises $0.03 to $0.05
King Puzzle: calls $0.04
Marola93: calls $0.03
*** FLOP *** [7s 9h Kh]
King Puzzle: bets $0.14
Marola93: folds 
TomasSolidCabj: calls $0.14
*** TURN *** [7s 9h Kh] [Ah]
King Puzzle: checks 
TomasSolidCabj: bets $0.36
King Puzzle: raises $0.36 to $0.72
TomasSolidCabj: calls $0.36
*** RIVER *** [7s 9h Kh Ah] [As]
King Puzzle: bets $1.80
TomasSolidCabj: folds 
Uncalled bet ($1.80) returned to King Puzzle
King Puzzle collected $1.80 from pot
*** SUMMARY ***
Total pot $1.87 | Rake $0.07 
Board [7s 9h Kh Ah As]
Seat 1: Lorpugo folded before Flop (didn't bet)
Seat 2: Smoking_Ly folded before Flop (didn't bet)
Seat 3: TomasSolidCabj (button) folded on the River
Seat 4: King Puzzle (small blind) collected ($1.80)
Seat 5: Marola93 (big blind) folded on the Flop
Seat 6: intentii folded before Flop (didn't bet)



PokerStars Hand #239303437649:  Hold'em No Limit ($0.01/$0.02 USD) - 2022/10/18 10:15:17 ET
Table 'Tynka II' 6-max Seat #4 is the button
Seat 1: Lorpugo ($1.63 in chips) 
Seat 2: Smoking_Ly ($2.13 in chips) 
Seat 3: TomasSolidCabj ($2 in chips) 
Seat 4: King Puzzle ($5.08 in chips) 
Seat 5: Marola93 ($2 in chips) 
Seat 6: intentii ($2.41 in chips) 
Marola93: posts small blind $0.01
intentii: posts big blind $0.02
*** HOLE CARDS ***
Dealt to Lorpugo [7d 5s]
Lorpugo: folds 
Smoking_Ly: raises $0.04 to $0.06
TomasSolidCabj: folds 
King Puzzle: folds 
Marola93: folds 
intentii: raises $0.20 to $0.26
Smoking_Ly: calls $0.20
*** FLOP *** [Jc 4c 8c]
intentii: bets $0.17
Smoking_Ly: raises $0.27 to $0.44
intentii: folds 
Uncalled bet ($0.27) returned to Smoking_Ly
Smoking_Ly collected $0.84 from pot
Smoking_Ly: doesn't show hand 
*** SUMMARY ***
Total pot $0.87 | Rake $0.03 
Board [Jc 4c 8c]
Seat 1: Lorpugo folded before Flop (didn't bet)
Seat 2: Smoking_Ly collected ($0.84)
Seat 3: TomasSolidCabj folded before Flop (didn't bet)
Seat 4: King Puzzle (button) folded before Flop (didn't bet)
Seat 5: Marola93 (small blind) folded before Flop
Seat 6: intentii (big blind) folded on the Flop



PokerStars Hand #239303447515:  Hold'em No Limit ($0.01/$0.02 USD) - 2022/10/18 10:15:58 ET
Table 'Tynka II' 6-max Seat #5 is the button
Seat 1: Lorpugo ($1.63 in chips) 
Seat 2: Smoking_Ly ($2.54 in chips) 
Seat 3: TomasSolidCabj ($2 in chips) 
Seat 4: King Puzzle ($5.08 in chips) 
Seat 5: Marola93 ($2 in chips) 
Seat 6: intentii ($2 in chips) 
intentii: posts small blind $0.01
Lorpugo: posts big blind $0.02
*** HOLE CARDS ***
Dealt to Lorpugo [6h Qs]
Smoking_Ly: raises $0.04 to $0.06
TomasSolidCabj: folds 
King Puzzle: folds 
Marola93: folds 
intentii: folds 
Lorpugo: folds 
Uncalled bet ($0.04) returned to Smoking_Ly
Smoking_Ly collected $0.05 from pot
Smoking_Ly: doesn't show hand 
*** SUMMARY ***
Total pot $0.05 | Rake $0 
Seat 1: Lorpugo (big blind) folded before Flop
Seat 2: Smoking_Ly collected ($0.05)
Seat 3: TomasSolidCabj folded before Flop (didn't bet)
Seat 4: King Puzzle folded before Flop (didn't bet)
Seat 5: Marola93 (button) folded before Flop (didn't bet)
Seat 6: intentii (small blind) folded before Flop



PokerStars Hand #239303450203:  Hold'em No Limit ($0.01/$0.02 USD) - 2022/10/18 10:16:09 ET
Table 'Tynka II' 6-max Seat #6 is the button
Seat 1: Lorpugo ($1.61 in chips) 
Seat 2: Smoking_Ly ($2.57 in chips) 
Seat 3: TomasSolidCabj ($2 in chips) 
Seat 4: King Puzzle ($5.08 in chips) 
Seat 5: Marola93 ($2 in chips) 
Seat 6: intentii ($2 in chips) 
Lorpugo: posts small blind $0.01
Smoking_Ly: posts big blind $0.02
*** HOLE CARDS ***
Dealt to Lorpugo [5h Qs]
TomasSolidCabj: folds 
King Puzzle: raises $0.02 to $0.04
Marola93: folds 
intentii: folds 
Lorpugo: folds 
Smoking_Ly: folds 
Uncalled bet ($0.02) returned to King Puzzle
King Puzzle collected $0.05 from pot
*** SUMMARY ***
Total pot $0.05 | Rake $0 
Seat 1: Lorpugo (small blind) folded before Flop
Seat 2: Smoking_Ly (big blind) folded before Flop
Seat 3: TomasSolidCabj folded before Flop (didn't bet)
Seat 4: King Puzzle collected ($0.05)
Seat 5: Marola93 folded before Flop (didn't bet)
Seat 6: intentii (button) folded before Flop (didn't bet)



PokerStars Hand #239303452916:  Hold'em No Limit ($0.01/$0.02 USD) - 2022/10/18 10:16:20 ET
Table 'Tynka II' 6-max Seat #1 is the button
Seat 1: Lorpugo ($1.60 in chips) 
Seat 2: Smoking_Ly ($2.55 in chips) 
Seat 3: TomasSolidCabj ($2 in chips) 
Seat 4: King Puzzle ($5.11 in chips) 
Seat 5: Marola93 ($2 in chips) 
Seat 6: intentii ($2 in chips) 
Smoking_Ly: posts small blind $0.01
TomasSolidCabj: posts big blind $0.02
*** HOLE CARDS ***
Dealt to Lorpugo [Td 2c]
King Puzzle: raises $0.03 to $0.05
Marola93: folds 
intentii: folds 
Lorpugo: folds 
Smoking_Ly: folds 
TomasSolidCabj: folds 
Uncalled bet ($0.03) returned to King Puzzle
King Puzzle collected $0.05 from pot
*** SUMMARY ***
Total pot $0.05 | Rake $0 
Seat 1: Lorpugo (button) folded before Flop (didn't bet)
Seat 2: Smoking_Ly (small blind) folded before Flop
Seat 3: TomasSolidCabj (big blind) folded before Flop
Seat 4: King Puzzle collected ($0.05)
Seat 5: Marola93 folded before Flop (didn't bet)
Seat 6: intentii folded before Flop (didn't bet)



PokerStars Hand #239303456129:  Hold'em No Limit ($0.01/$0.02 USD) - 2022/10/18 10:16:34 ET
Table 'Tynka II' 6-max Seat #2 is the button
Seat 1: Lorpugo ($1.60 in chips) 
Seat 2: Smoking_Ly ($2.54 in chips) 
Seat 3: TomasSolidCabj ($2 in chips) 
Seat 4: King Puzzle ($5.14 in chips) 
Seat 5: Marola93 ($2 in chips) 
Seat 6: intentii ($2 in chips) 
TomasSolidCabj: posts small blind $0.01
King Puzzle: posts big blind $0.02
*** HOLE CARDS ***
Dealt to Lorpugo [Qs 3h]
Marola93: folds 
intentii: folds 
intentii leaves the table
Lorpugo: folds 
Smoking_Ly: raises $0.04 to $0.06
Esprit11 joins the table at seat #6 
TomasSolidCabj: folds 
King Puzzle: calls $0.04
*** FLOP *** [8c 2h 8d]
King Puzzle: checks 
Smoking_Ly: bets $0.06
King Puzzle: calls $0.06
*** TURN *** [8c 2h 8d] [5h]
King Puzzle: checks 
Smoking_Ly: checks 
*** RIVER *** [8c 2h 8d 5h] [Jh]
King Puzzle: bets $0.12
Smoking_Ly: folds 
Uncalled bet ($0.12) returned to King Puzzle
King Puzzle collected $0.24 from pot
*** SUMMARY ***
Total pot $0.25 | Rake $0.01 
Board [8c 2h 8d 5h Jh]
Seat 1: Lorpugo folded before Flop (didn't bet)
Seat 2: Smoking_Ly (button) folded on the River
Seat 3: TomasSolidCabj (small blind) folded before Flop
Seat 4: King Puzzle (big blind) collected ($0.24)
Seat 5: Marola93 folded before Flop (didn't bet)
Seat 6: intentii folded before Flop (didn't bet)



PokerStars Hand #239303468026:  Hold'em No Limit ($0.01/$0.02 USD) - 2022/10/18 10:17:22 ET
Table 'Tynka II' 6-max Seat #3 is the button
Seat 1: Lorpugo ($1.60 in chips) 
Seat 2: Smoking_Ly ($2.42 in chips) 
Seat 3: TomasSolidCabj ($2 in chips) 
Seat 4: King Puzzle ($5.26 in chips) 
Seat 5: Marola93 ($2 in chips) 
King Puzzle: posts small blind $0.01
Marola93: posts big blind $0.02
Esprit11: sits out 
*** HOLE CARDS ***
Dealt to Lorpugo [Qc 2h]
Lorpugo: folds 
Smoking_Ly: folds 
TomasSolidCabj: raises $0.03 to $0.05
King Puzzle: folds 
Marola93: folds 
Uncalled bet ($0.03) returned to TomasSolidCabj
TomasSolidCabj collected $0.05 from pot
*** SUMMARY ***
Total pot $0.05 | Rake $0 
Seat 1: Lorpugo folded before Flop (didn't bet)
Seat 2: Smoking_Ly folded before Flop (didn't bet)
Seat 3: TomasSolidCabj (button) collected ($0.05)
Seat 4: King Puzzle (small blind) folded before Flop
Seat 5: Marola93 (big blind) folded before Flop



PokerStars Hand #239303471654:  Hold'em No Limit ($0.01/$0.02 USD) - 2022/10/18 10:17:37 ET
Table 'Tynka II' 6-max Seat #4 is the button
Seat 1: Lorpugo ($1.60 in chips) 
Seat 2: Smoking_Ly ($2.42 in chips) 
Seat 3: TomasSolidCabj ($2.03 in chips) 
Seat 4: King Puzzle ($5.25 in chips) 
Seat 5: Marola93 ($2 in chips) 
Seat 6: Esprit11 ($2 in chips) 
Marola93: posts small blind $0.01
Esprit11: posts big blind $0.02
*** HOLE CARDS ***
Dealt to Lorpugo [Qd As]
Lorpugo has timed out
Lorpugo: folds 
Smoking_Ly: folds 
TomasSolidCabj: folds 
King Puzzle: folds 
Marola93: raises $0.04 to $0.06
Esprit11: folds 
Uncalled bet ($0.04) returned to Marola93
Marola93 collected $0.04 from pot
Marola93: doesn't show hand 
*** SUMMARY ***
Total pot $0.04 | Rake $0 
Seat 1: Lorpugo folded before Flop (didn't bet)
Seat 2: Smoking_Ly folded before Flop (didn't bet)
Seat 3: TomasSolidCabj folded before Flop (didn't bet)
Seat 4: King Puzzle (button) folded before Flop (didn't bet)
Seat 5: Marola93 (small blind) collected ($0.04)
Seat 6: Esprit11 (big blind) folded before Flop



PokerStars Hand #239303476516:  Hold'em No Limit ($0.01/$0.02 USD) - 2022/10/18 10:17:57 ET
Table 'Tynka II' 6-max Seat #5 is the button
Seat 1: Lorpugo ($1.60 in chips) 
Seat 2: Smoking_Ly ($2.42 in chips) 
Seat 3: TomasSolidCabj ($2.03 in chips) 
Seat 4: King Puzzle ($5.25 in chips) 
Seat 5: Marola93 ($2.02 in chips) 
Seat 6: Esprit11 ($1.98 in chips) 
Esprit11: posts small blind $0.01
Lorpugo: posts big blind $0.02
*** HOLE CARDS ***
Dealt to Lorpugo [Ac 4c]
Smoking_Ly: folds 
TomasSolidCabj: folds 
King Puzzle: raises $0.02 to $0.04
Marola93: folds 
Esprit11: folds 
Lorpugo: raises $0.09 to $0.13
King Puzzle: calls $0.09
*** FLOP *** [Jc As Kh]
Lorpugo: bets $0.17
King Puzzle: folds 
Uncalled bet ($0.17) returned to Lorpugo
Lorpugo collected $0.26 from pot
Lorpugo: doesn't show hand 
*** SUMMARY ***
Total pot $0.27 | Rake $0.01 
Board [Jc As Kh]
Seat 1: Lorpugo (big blind) collected ($0.26)
Seat 2: Smoking_Ly folded before Flop (didn't bet)
Seat 3: TomasSolidCabj folded before Flop (didn't bet)
Seat 4: King Puzzle folded on the Flop
Seat 5: Marola93 (button) folded before Flop (didn't bet)
Seat 6: Esprit11 (small blind) folded before Flop



PokerStars Hand #239303483917:  Hold'em No Limit ($0.01/$0.02 USD) - 2022/10/18 10:18:27 ET
Table 'Tynka II' 6-max Seat #6 is the button
Seat 1: Lorpugo ($1.73 in chips) 
Seat 2: Smoking_Ly ($2.42 in chips) 
Seat 3: TomasSolidCabj ($2.03 in chips) 
Seat 4: King Puzzle ($5.12 in chips) 
Seat 5: Marola93 ($2.02 in chips) 
Seat 6: Esprit11 ($1.97 in chips) 
Lorpugo: posts small blind $0.01
Smoking_Ly: posts big blind $0.02
*** HOLE CARDS ***
Dealt to Lorpugo [9s Tc]
TomasSolidCabj: folds 
King Puzzle: folds 
Marola93: folds 
Esprit11: folds 
Lorpugo: raises $0.04 to $0.06
Smoking_Ly: folds 
Uncalled bet ($0.04) returned to Lorpugo
Lorpugo collected $0.04 from pot
Lorpugo: doesn't show hand 
*** SUMMARY ***
Total pot $0.04 | Rake $0 
Seat 1: Lorpugo (small blind) collected ($0.04)
Seat 2: Smoking_Ly (big blind) folded before Flop
Seat 3: TomasSolidCabj folded before Flop (didn't bet)
Seat 4: King Puzzle folded before Flop (didn't bet)
Seat 5: Marola93 folded before Flop (didn't bet)
Seat 6: Esprit11 (button) folded before Flop (didn't bet)



PokerStars Hand #239303488185:  Hold'em No Limit ($0.01/$0.02 USD) - 2022/10/18 10:18:45 ET
Table 'Tynka II' 6-max Seat #1 is the button
Seat 1: Lorpugo ($1.75 in chips) 
Seat 2: Smoking_Ly ($2.40 in chips) 
Seat 3: TomasSolidCabj ($2.03 in chips) 
Seat 4: King Puzzle ($5.12 in chips) 
Seat 5: Marola93 ($2.02 in chips) 
Seat 6: Esprit11 ($1.97 in chips) 
Smoking_Ly: posts small blind $0.01
TomasSolidCabj: posts big blind $0.02
*** HOLE CARDS ***
Dealt to Lorpugo [2h 2d]
King Puzzle: folds 
Marola93: folds 
Esprit11: folds 
Lorpugo: raises $0.04 to $0.06
Smoking_Ly: folds 
TomasSolidCabj: calls $0.04
*** FLOP *** [2s 7c 7h]
TomasSolidCabj: checks 
Lorpugo: bets $0.13
TomasSolidCabj: calls $0.13
*** TURN *** [2s 7c 7h] [3d]
TomasSolidCabj: checks 
Lorpugo: bets $0.25
TomasSolidCabj: folds 
Uncalled bet ($0.25) returned to Lorpugo
Lorpugo collected $0.38 from pot
Lorpugo: doesn't show hand 
*** SUMMARY ***
Total pot $0.39 | Rake $0.01 
Board [2s 7c 7h 3d]
Seat 1: Lorpugo (button) collected ($0.38)
Seat 2: Smoking_Ly (small blind) folded before Flop
Seat 3: TomasSolidCabj (big blind) folded on the Turn
Seat 4: King Puzzle folded before Flop (didn't bet)
Seat 5: Marola93 folded before Flop (didn't bet)
Seat 6: Esprit11 folded before Flop (didn't bet)



PokerStars Hand #239303497818:  Hold'em No Limit ($0.01/$0.02 USD) - 2022/10/18 10:19:25 ET
Table 'Tynka II' 6-max Seat #2 is the button
Seat 1: Lorpugo ($1.94 in chips) 
Seat 2: Smoking_Ly ($2.39 in chips) 
Seat 3: TomasSolidCabj ($2 in chips) 
Seat 4: King Puzzle ($5.12 in chips) 
Seat 5: Marola93 ($2.02 in chips) 
Seat 6: Esprit11 ($1.97 in chips) 
TomasSolidCabj: posts small blind $0.01
King Puzzle: posts big blind $0.02
*** HOLE CARDS ***
Dealt to Lorpugo [Ts 2s]
Marola93: folds 
Esprit11: folds 
Lorpugo: folds 
Smoking_Ly: folds 
TomasSolidCabj: folds 
Uncalled bet ($0.01) returned to King Puzzle
King Puzzle collected $0.02 from pot
*** SUMMARY ***
Total pot $0.02 | Rake $0 
Seat 1: Lorpugo folded before Flop (didn't bet)
Seat 2: Smoking_Ly (button) folded before Flop (didn't bet)
Seat 3: TomasSolidCabj (small blind) folded before Flop
Seat 4: King Puzzle (big blind) collected ($0.02)
Seat 5: Marola93 folded before Flop (didn't bet)
Seat 6: Esprit11 folded before Flop (didn't bet)



PokerStars Hand #239303500167:  Hold'em No Limit ($0.01/$0.02 USD) - 2022/10/18 10:19:35 ET
Table 'Tynka II' 6-max Seat #3 is the button
Seat 1: Lorpugo ($1.94 in chips) 
Seat 2: Smoking_Ly ($2.39 in chips) 
Seat 3: TomasSolidCabj ($2 in chips) 
Seat 4: King Puzzle ($5.13 in chips) 
Seat 5: Marola93 ($2.02 in chips) 
Seat 6: Esprit11 ($1.97 in chips) 
King Puzzle: posts small blind $0.01
Marola93: posts big blind $0.02
*** HOLE CARDS ***
Dealt to Lorpugo [2h 8h]
Esprit11: folds 
Lorpugo: folds 
Smoking_Ly: raises $0.04 to $0.06
TomasSolidCabj: folds 
King Puzzle: folds 
Marola93: folds 
Uncalled bet ($0.04) returned to Smoking_Ly
Smoking_Ly collected $0.05 from pot
Smoking_Ly: doesn't show hand 
*** SUMMARY ***
Total pot $0.05 | Rake $0 
Seat 1: Lorpugo folded before Flop (didn't bet)
Seat 2: Smoking_Ly collected ($0.05)
Seat 3: TomasSolidCabj (button) folded before Flop (didn't bet)
Seat 4: King Puzzle (small blind) folded before Flop
Seat 5: Marola93 (big blind) folded before Flop
Seat 6: Esprit11 folded before Flop (didn't bet)



PokerStars Hand #239303503309:  Hold'em No Limit ($0.01/$0.02 USD) - 2022/10/18 10:19:48 ET
Table 'Tynka II' 6-max Seat #4 is the button
Seat 1: Lorpugo ($1.94 in chips) 
Seat 2: Smoking_Ly ($2.42 in chips) 
Seat 3: TomasSolidCabj ($2 in chips) 
Seat 4: King Puzzle ($5.12 in chips) 
Seat 5: Marola93 ($2 in chips) 
Seat 6: Esprit11 ($1.97 in chips) 
Marola93: posts small blind $0.01
Esprit11: posts big blind $0.02
*** HOLE CARDS ***
Dealt to Lorpugo [3h 6s]
Lorpugo: folds 
Smoking_Ly: raises $0.04 to $0.06
TomasSolidCabj: folds 
King Puzzle: folds 
Marola93: folds 
Esprit11: folds 
Uncalled bet ($0.04) returned to Smoking_Ly
Smoking_Ly collected $0.05 from pot
Smoking_Ly: doesn't show hand 
*** SUMMARY ***
Total pot $0.05 | Rake $0 
Seat 1: Lorpugo folded before Flop (didn't bet)
Seat 2: Smoking_Ly collected ($0.05)
Seat 3: TomasSolidCabj folded before Flop (didn't bet)
Seat 4: King Puzzle (button) folded before Flop (didn't bet)
Seat 5: Marola93 (small blind) folded before Flop
Seat 6: Esprit11 (big blind) folded before Flop



PokerStars Hand #239303507486:  Hold'em No Limit ($0.01/$0.02 USD) - 2022/10/18 10:20:05 ET
Table 'Tynka II' 6-max Seat #5 is the button
Seat 1: Lorpugo ($1.94 in chips) 
Seat 2: Smoking_Ly ($2.45 in chips) 
Seat 3: TomasSolidCabj ($2 in chips) 
Seat 4: King Puzzle ($5.12 in chips) 
Seat 5: Marola93 ($2 in chips) 
Seat 6: Esprit11 ($1.95 in chips) 
Esprit11: posts small blind $0.01
Lorpugo: posts big blind $0.02
*** HOLE CARDS ***
Dealt to Lorpugo [4d Th]
Smoking_Ly: folds 
TomasSolidCabj: folds 
King Puzzle: raises $0.02 to $0.04
Marola93: folds 
Esprit11: folds 
Lorpugo: calls $0.02
*** FLOP *** [Js Ah 3d]
Lorpugo: checks 
King Puzzle: checks 
*** TURN *** [Js Ah 3d] [4h]
Lorpugo: bets $0.07
King Puzzle: calls $0.07
*** RIVER *** [Js Ah 3d 4h] [3s]
Lorpugo: checks 
King Puzzle: bets $0.22
Lorpugo: folds 
Uncalled bet ($0.22) returned to King Puzzle
King Puzzle collected $0.22 from pot
*** SUMMARY ***
Total pot $0.23 | Rake $0.01 
Board [Js Ah 3d 4h 3s]
Seat 1: Lorpugo (big blind) folded on the River
Seat 2: Smoking_Ly folded before Flop (didn't bet)
Seat 3: TomasSolidCabj folded before Flop (didn't bet)
Seat 4: King Puzzle collected ($0.22)
Seat 5: Marola93 (button) folded before Flop (didn't bet)
Seat 6: Esprit11 (small blind) folded before Flop



PokerStars Hand #239303517305:  Hold'em No Limit ($0.01/$0.02 USD) - 2022/10/18 10:20:46 ET
Table 'Tynka II' 6-max Seat #6 is the button
Seat 1: Lorpugo ($1.83 in chips) 
Seat 2: Smoking_Ly ($2.45 in chips) 
Seat 3: TomasSolidCabj ($2 in chips) 
Seat 4: King Puzzle ($5.23 in chips) 
Seat 5: Marola93 ($2 in chips) 
Seat 6: Esprit11 ($1.94 in chips) 
Lorpugo: posts small blind $0.01
Smoking_Ly: posts big blind $0.02
*** HOLE CARDS ***
Dealt to Lorpugo [9s Kd]
TomasSolidCabj: folds 
King Puzzle: folds 
Marola93: folds 
Esprit11: folds 
Lorpugo: raises $0.04 to $0.06
Smoking_Ly: calls $0.04
*** FLOP *** [4d 8d 7h]
Lorpugo: bets $0.04
Smoking_Ly: calls $0.04
*** TURN *** [4d 8d 7h] [2s]
Lorpugo: checks 
Smoking_Ly: bets $0.16
Lorpugo: folds 
Uncalled bet ($0.16) returned to Smoking_Ly
Smoking_Ly collected $0.19 from pot
Smoking_Ly: doesn't show hand 
*** SUMMARY ***
Total pot $0.20 | Rake $0.01 
Board [4d 8d 7h 2s]
Seat 1: Lorpugo (small blind) folded on the Turn
Seat 2: Smoking_Ly (big blind) collected ($0.19)
Seat 3: TomasSolidCabj folded before Flop (didn't bet)
Seat 4: King Puzzle folded before Flop (didn't bet)
Seat 5: Marola93 folded before Flop (didn't bet)
Seat 6: Esprit11 (button) folded before Flop (didn't bet)



PokerStars Hand #239303529041:  Hold'em No Limit ($0.01/$0.02 USD) - 2022/10/18 10:21:35 ET
Table 'Tynka II' 6-max Seat #1 is the button
Seat 1: Lorpugo ($1.73 in chips) 
Seat 2: Smoking_Ly ($2.54 in chips) 
Seat 3: TomasSolidCabj ($2 in chips) 
Seat 4: King Puzzle ($5.23 in chips) 
Seat 5: Marola93 ($2 in chips) 
Seat 6: Esprit11 ($1.94 in chips) 
Smoking_Ly: posts small blind $0.01
TomasSolidCabj: posts big blind $0.02
*** HOLE CARDS ***
Dealt to Lorpugo [Ah Jd]
King Puzzle: folds 
Marola93: raises $0.04 to $0.06
Esprit11: folds 
Lorpugo: calls $0.06
Smoking_Ly: folds 
TomasSolidCabj: folds 
*** FLOP *** [9d Qd 4s]
Marola93: bets $0.07
Lorpugo: calls $0.07
*** TURN *** [9d Qd 4s] [7c]
Marola93: bets $0.14
Lorpugo: folds 
Uncalled bet ($0.14) returned to Marola93
Marola93 collected $0.28 from pot
Marola93: doesn't show hand 
*** SUMMARY ***
Total pot $0.29 | Rake $0.01 
Board [9d Qd 4s 7c]
Seat 1: Lorpugo (button) folded on the Turn
Seat 2: Smoking_Ly (small blind) folded before Flop
Seat 3: TomasSolidCabj (big blind) folded before Flop
Seat 4: King Puzzle folded before Flop (didn't bet)
Seat 5: Marola93 collected ($0.28)
Seat 6: Esprit11 folded before Flop (didn't bet)



PokerStars Hand #239303535796:  Hold'em No Limit ($0.01/$0.02 USD) - 2022/10/18 10:22:03 ET
Table 'Tynka II' 6-max Seat #2 is the button
Seat 1: Lorpugo ($1.60 in chips) 
Seat 2: Smoking_Ly ($2.53 in chips) 
Seat 3: TomasSolidCabj ($2 in chips) 
Seat 4: King Puzzle ($5.23 in chips) 
Seat 5: Marola93 ($2.15 in chips) 
Seat 6: Esprit11 ($1.94 in chips) 
TomasSolidCabj: posts small blind $0.01
King Puzzle: posts big blind $0.02
*** HOLE CARDS ***
Dealt to Lorpugo [8s 2s]
Marola93: raises $0.04 to $0.06
Esprit11: folds 
Lorpugo: folds 
Smoking_Ly: folds 
TomasSolidCabj: raises $0.12 to $0.18
King Puzzle: folds 
Marola93: folds 
Uncalled bet ($0.12) returned to TomasSolidCabj
TomasSolidCabj collected $0.14 from pot
*** SUMMARY ***
Total pot $0.14 | Rake $0 
Seat 1: Lorpugo folded before Flop (didn't bet)
Seat 2: Smoking_Ly (button) folded before Flop (didn't bet)
Seat 3: TomasSolidCabj (small blind) collected ($0.14)
Seat 4: King Puzzle (big blind) folded before Flop
Seat 5: Marola93 folded before Flop
Seat 6: Esprit11 folded before Flop (didn't bet)



PokerStars Hand #239303541020:  Hold'em No Limit ($0.01/$0.02 USD) - 2022/10/18 10:22:24 ET
Table 'Tynka II' 6-max Seat #3 is the button
Seat 1: Lorpugo ($1.60 in chips) 
Seat 2: Smoking_Ly ($2.53 in chips) 
Seat 3: TomasSolidCabj ($2.08 in chips) 
Seat 4: King Puzzle ($5.21 in chips) 
Seat 5: Marola93 ($2.09 in chips) 
Seat 6: Esprit11 ($1.94 in chips) 
King Puzzle: posts small blind $0.01
Marola93: posts big blind $0.02
*** HOLE CARDS ***
Dealt to Lorpugo [Jd 9d]
Esprit11: folds 
Lorpugo: raises $0.04 to $0.06
Smoking_Ly: folds 
TomasSolidCabj: folds 
King Puzzle: folds 
Marola93: folds 
Uncalled bet ($0.04) returned to Lorpugo
Lorpugo collected $0.05 from pot
Lorpugo: doesn't show hand 
*** SUMMARY ***
Total pot $0.05 | Rake $0 
Seat 1: Lorpugo collected ($0.05)
Seat 2: Smoking_Ly folded before Flop (didn't bet)
Seat 3: TomasSolidCabj (button) folded before Flop (didn't bet)
Seat 4: King Puzzle (small blind) folded before Flop
Seat 5: Marola93 (big blind) folded before Flop
Seat 6: Esprit11 folded before Flop (didn't bet)



PokerStars Hand #239303545009:  Hold'em No Limit ($0.01/$0.02 USD) - 2022/10/18 10:22:41 ET
Table 'Tynka II' 6-max Seat #4 is the button
Seat 1: Lorpugo ($1.63 in chips) 
Seat 2: Smoking_Ly ($2.53 in chips) 
Seat 3: TomasSolidCabj ($2.08 in chips) 
Seat 4: King Puzzle ($5.20 in chips) 
Seat 5: Marola93 ($2.07 in chips) 
Seat 6: Esprit11 ($1.94 in chips) 
Marola93: posts small blind $0.01
Esprit11: posts big blind $0.02
*** HOLE CARDS ***
Dealt to Lorpugo [9c As]
Lorpugo: raises $0.04 to $0.06
Smoking_Ly: folds 
TomasSolidCabj: folds 
King Puzzle: folds 
Marola93: folds 
Esprit11: calls $0.04
*** FLOP *** [4h Ac 6h]
Esprit11: checks 
Lorpugo: bets $0.09
Esprit11: folds 
Uncalled bet ($0.09) returned to Lorpugo
Lorpugo collected $0.13 from pot
Lorpugo: doesn't show hand 
*** SUMMARY ***
Total pot $0.13 | Rake $0 
Board [4h Ac 6h]
Seat 1: Lorpugo collected ($0.13)
Seat 2: Smoking_Ly folded before Flop (didn't bet)
Seat 3: TomasSolidCabj folded before Flop (didn't bet)
Seat 4: King Puzzle (button) folded before Flop (didn't bet)
Seat 5: Marola93 (small blind) folded before Flop
Seat 6: Esprit11 (big blind) folded on the Flop



PokerStars Hand #239303549282:  Hold'em No Limit ($0.01/$0.02 USD) - 2022/10/18 10:22:59 ET
Table 'Tynka II' 6-max Seat #5 is the button
Seat 1: Lorpugo ($1.70 in chips) 
Seat 2: Smoking_Ly ($2.53 in chips) 
Seat 3: TomasSolidCabj ($2.08 in chips) 
Seat 4: King Puzzle ($5.20 in chips) 
Seat 5: Marola93 ($2.06 in chips) 
Seat 6: Esprit11 ($1.88 in chips) 
Esprit11: posts small blind $0.01
Lorpugo: posts big blind $0.02
*** HOLE CARDS ***
Dealt to Lorpugo [3d 6c]
Smoking_Ly has timed out
Smoking_Ly: folds 
TomasSolidCabj: folds 
King Puzzle: folds 
Marola93: raises $0.04 to $0.06
Esprit11: folds 
Lorpugo: folds 
Uncalled bet ($0.04) returned to Marola93
Marola93 collected $0.05 from pot
Marola93: doesn't show hand 
*** SUMMARY ***
Total pot $0.05 | Rake $0 
Seat 1: Lorpugo (big blind) folded before Flop
Seat 2: Smoking_Ly folded before Flop (didn't bet)
Seat 3: TomasSolidCabj folded before Flop (didn't bet)
Seat 4: King Puzzle folded before Flop (didn't bet)
Seat 5: Marola93 (button) collected ($0.05)
Seat 6: Esprit11 (small blind) folded before Flop



PokerStars Hand #239303554460:  Hold'em No Limit ($0.01/$0.02 USD) - 2022/10/18 10:23:20 ET
Table 'Tynka II' 6-max Seat #6 is the button
Seat 1: Lorpugo ($1.68 in chips) 
Seat 2: Smoking_Ly ($2.53 in chips) 
Seat 3: TomasSolidCabj ($2.08 in chips) 
Seat 4: King Puzzle ($5.20 in chips) 
Seat 5: Marola93 ($2.09 in chips) 
Seat 6: Esprit11 ($1.87 in chips) 
Lorpugo: posts small blind $0.01
Smoking_Ly: posts big blind $0.02
*** HOLE CARDS ***
Dealt to Lorpugo [5c Kh]
TomasSolidCabj: folds 
King Puzzle: calls $0.02
Marola93: folds 
Esprit11: folds 
Lorpugo: calls $0.01
Smoking_Ly: checks 
*** FLOP *** [2d 8d Td]
Lorpugo: checks 
Smoking_Ly: checks 
King Puzzle: checks 
*** TURN *** [2d 8d Td] [6c]
Lorpugo: checks 
Smoking_Ly: bets $0.04
King Puzzle: calls $0.04
Lorpugo: folds 
*** RIVER *** [2d 8d Td 6c] [Kc]
Smoking_Ly: checks 
King Puzzle: bets $0.14
Smoking_Ly: calls $0.14
*** SHOW DOWN ***
King Puzzle: shows [6s Ks] (two pair, Kings and Sixes)
Smoking_Ly: mucks hand 
King Puzzle collected $0.41 from pot
*** SUMMARY ***
Total pot $0.42 | Rake $0.01 
Board [2d 8d Td 6c Kc]
Seat 1: Lorpugo (small blind) folded on the Turn
Seat 2: Smoking_Ly (big blind) mucked [4d 6h]
Seat 3: TomasSolidCabj folded before Flop (didn't bet)
Seat 4: King Puzzle showed [6s Ks] and won ($0.41) with two pair, Kings and Sixes
Seat 5: Marola93 folded before Flop (didn't bet)
Seat 6: Esprit11 (button) folded before Flop (didn't bet)



PokerStars Hand #239303570373:  Hold'em No Limit ($0.01/$0.02 USD) - 2022/10/18 10:24:27 ET
Table 'Tynka II' 6-max Seat #1 is the button
Seat 1: Lorpugo ($1.66 in chips) 
Seat 2: Smoking_Ly ($2.33 in chips) 
Seat 3: TomasSolidCabj ($2.08 in chips) 
Seat 4: King Puzzle ($5.41 in chips) 
Seat 5: Marola93 ($2.09 in chips) 
Seat 6: Esprit11 ($1.87 in chips) 
Smoking_Ly: posts small blind $0.01
TomasSolidCabj: posts big blind $0.02
*** HOLE CARDS ***
Dealt to Lorpugo [5c Ts]
King Puzzle: raises $0.02 to $0.04
Marola93: folds 
Esprit11: raises $0.12 to $0.16
Lorpugo: folds 
Smoking_Ly: folds 
TomasSolidCabj: folds 
King Puzzle: folds 
Uncalled bet ($0.12) returned to Esprit11
Esprit11 collected $0.11 from pot
Esprit11: doesn't show hand 
*** SUMMARY ***
Total pot $0.11 | Rake $0 
Seat 1: Lorpugo (button) folded before Flop (didn't bet)
Seat 2: Smoking_Ly (small blind) folded before Flop
Seat 3: TomasSolidCabj (big blind) folded before Flop
Seat 4: King Puzzle folded before Flop
Seat 5: Marola93 folded before Flop (didn't bet)
Seat 6: Esprit11 collected ($0.11)



PokerStars Hand #239303574684:  Hold'em No Limit ($0.01/$0.02 USD) - 2022/10/18 10:24:44 ET
Table 'Tynka II' 6-max Seat #2 is the button
Seat 1: Lorpugo ($1.66 in chips) 
Seat 2: Smoking_Ly ($2.32 in chips) 
Seat 3: TomasSolidCabj ($2.06 in chips) 
Seat 4: King Puzzle ($5.37 in chips) 
Seat 5: Marola93 ($2.09 in chips) 
Seat 6: Esprit11 ($1.94 in chips) 
TomasSolidCabj: posts small blind $0.01
King Puzzle: posts big blind $0.02
*** HOLE CARDS ***
Dealt to Lorpugo [Qh 8h]
Marola93: folds 
Esprit11: folds 
Lorpugo: raises $0.04 to $0.06
Smoking_Ly: folds 
TomasSolidCabj: folds 
King Puzzle: calls $0.04
*** FLOP *** [2s 8d 9h]
King Puzzle: checks 
Lorpugo: bets $0.09
King Puzzle: folds 
Uncalled bet ($0.09) returned to Lorpugo
Lorpugo collected $0.13 from pot
Lorpugo: doesn't show hand 
*** SUMMARY ***
Total pot $0.13 | Rake $0 
Board [2s 8d 9h]
Seat 1: Lorpugo collected ($0.13)
Seat 2: Smoking_Ly (button) folded before Flop (didn't bet)
Seat 3: TomasSolidCabj (small blind) folded before Flop
Seat 4: King Puzzle (big blind) folded on the Flop
Seat 5: Marola93 folded before Flop (didn't bet)
Seat 6: Esprit11 folded before Flop (didn't bet)



PokerStars Hand #239303580725:  Hold'em No Limit ($0.01/$0.02 USD) - 2022/10/18 10:25:09 ET
Table 'Tynka II' 6-max Seat #3 is the button
Seat 1: Lorpugo ($1.73 in chips) 
Seat 2: Smoking_Ly ($2.32 in chips) 
Seat 3: TomasSolidCabj ($2.05 in chips) 
Seat 4: King Puzzle ($5.31 in chips) 
Seat 5: Marola93 ($2.09 in chips) 
Seat 6: Esprit11 ($1.94 in chips) 
King Puzzle: posts small blind $0.01
Marola93: posts big blind $0.02
*** HOLE CARDS ***
Dealt to Lorpugo [2d 5c]
Esprit11: folds 
Lorpugo: folds 
Smoking_Ly: folds 
TomasSolidCabj: folds 
King Puzzle: raises $0.02 to $0.04
Marola93: calls $0.02
*** FLOP *** [5s 6h 2h]
King Puzzle: checks 
Marola93: checks 
*** TURN *** [5s 6h 2h] [Ts]
King Puzzle: bets $0.02
Marola93: calls $0.02
*** RIVER *** [5s 6h 2h Ts] [8c]
King Puzzle: checks 
Marola93: checks 
*** SHOW DOWN ***
King Puzzle: shows [Ah 4s] (high card Ace)
Marola93: shows [2s Qs] (a pair of Deuces)
Marola93 collected $0.12 from pot
*** SUMMARY ***
Total pot $0.12 | Rake $0 
Board [5s 6h 2h Ts 8c]
Seat 1: Lorpugo folded before Flop (didn't bet)
Seat 2: Smoking_Ly folded before Flop (didn't bet)
Seat 3: TomasSolidCabj (button) folded before Flop (didn't bet)
Seat 4: King Puzzle (small blind) showed [Ah 4s] and lost with high card Ace
Seat 5: Marola93 (big blind) showed [2s Qs] and won ($0.12) with a pair of Deuces
Seat 6: Esprit11 folded before Flop (didn't bet)



PokerStars Hand #239303588170:  Hold'em No Limit ($0.01/$0.02 USD) - 2022/10/18 10:25:40 ET
Table 'Tynka II' 6-max Seat #4 is the button
Seat 1: Lorpugo ($1.73 in chips) 
Seat 2: Smoking_Ly ($2.32 in chips) 
Seat 3: TomasSolidCabj ($2.05 in chips) 
Seat 4: King Puzzle ($5.25 in chips) 
Seat 5: Marola93 ($2.15 in chips) 
Seat 6: Esprit11 ($1.94 in chips) 
Marola93: posts small blind $0.01
Esprit11: posts big blind $0.02
*** HOLE CARDS ***
Dealt to Lorpugo [5c Td]
Lorpugo: folds 
Smoking_Ly: calls $0.02
TomasSolidCabj: raises $0.08 to $0.10
King Puzzle: folds 
Marola93: folds 
Esprit11: folds 
Smoking_Ly: folds 
Uncalled bet ($0.08) returned to TomasSolidCabj
TomasSolidCabj collected $0.07 from pot
*** SUMMARY ***
Total pot $0.07 | Rake $0 
Seat 1: Lorpugo folded before Flop (didn't bet)
Seat 2: Smoking_Ly folded before Flop
Seat 3: TomasSolidCabj collected ($0.07)
Seat 4: King Puzzle (button) folded before Flop (didn't bet)
Seat 5: Marola93 (small blind) folded before Flop
Seat 6: Esprit11 (big blind) folded before Flop



PokerStars Hand #239303594383:  Hold'em No Limit ($0.01/$0.02 USD) - 2022/10/18 10:26:05 ET
Table 'Tynka II' 6-max Seat #5 is the button
Seat 1: Lorpugo ($1.73 in chips) 
Seat 2: Smoking_Ly ($2.30 in chips) 
Seat 3: TomasSolidCabj ($2.10 in chips) 
Seat 4: King Puzzle ($5.25 in chips) 
Seat 5: Marola93 ($2.14 in chips) 
Seat 6: Esprit11 ($1.92 in chips) 
Esprit11: posts small blind $0.01
Lorpugo: posts big blind $0.02
*** HOLE CARDS ***
Dealt to Lorpugo [8d 2h]
Smoking_Ly: folds 
TomasSolidCabj: raises $0.04 to $0.06
King Puzzle: folds 
Marola93: folds 
Esprit11: folds 
Lorpugo: folds 
Uncalled bet ($0.04) returned to TomasSolidCabj
TomasSolidCabj collected $0.05 from pot
*** SUMMARY ***
Total pot $0.05 | Rake $0 
Seat 1: Lorpugo (big blind) folded before Flop
Seat 2: Smoking_Ly folded before Flop (didn't bet)
Seat 3: TomasSolidCabj collected ($0.05)
Seat 4: King Puzzle folded before Flop (didn't bet)
Seat 5: Marola93 (button) folded before Flop (didn't bet)
Seat 6: Esprit11 (small blind) folded before Flop



PokerStars Hand #239303597852:  Hold'em No Limit ($0.01/$0.02 USD) - 2022/10/18 10:26:19 ET
Table 'Tynka II' 6-max Seat #6 is the button
Seat 1: Lorpugo ($1.71 in chips) 
Seat 2: Smoking_Ly ($2.30 in chips) 
Seat 3: TomasSolidCabj ($2.13 in chips) 
Seat 4: King Puzzle ($5.25 in chips) 
Seat 5: Marola93 ($2.14 in chips) 
Seat 6: Esprit11 ($1.91 in chips) 
Lorpugo: posts small blind $0.01
Smoking_Ly: posts big blind $0.02
*** HOLE CARDS ***
Dealt to Lorpugo [Kd 8s]
TomasSolidCabj: folds 
King Puzzle: folds 
Marola93: folds 
Esprit11: raises $0.02 to $0.04
Lorpugo: calls $0.03
Smoking_Ly: folds 
*** FLOP *** [Qh Ad Td]
Lorpugo: checks 
Esprit11: bets $0.08
Lorpugo: folds 
Uncalled bet ($0.08) returned to Esprit11
Esprit11 collected $0.10 from pot
Esprit11: doesn't show hand 
*** SUMMARY ***
Total pot $0.10 | Rake $0 
Board [Qh Ad Td]
Seat 1: Lorpugo (small blind) folded on the Flop
Seat 2: Smoking_Ly (big blind) folded before Flop
Seat 3: TomasSolidCabj folded before Flop (didn't bet)
Seat 4: King Puzzle folded before Flop (didn't bet)
Seat 5: Marola93 folded before Flop (didn't bet)
Seat 6: Esprit11 (button) collected ($0.10)



PokerStars Hand #239303608096:  Hold'em No Limit ($0.01/$0.02 USD) - 2022/10/18 10:27:01 ET
Table 'Tynka II' 6-max Seat #1 is the button
Seat 1: Lorpugo ($1.67 in chips) 
Seat 2: Smoking_Ly ($2.28 in chips) 
Seat 3: TomasSolidCabj ($2.13 in chips) 
Seat 4: King Puzzle ($5.25 in chips) 
Seat 5: Marola93 ($2.14 in chips) 
Seat 6: Esprit11 ($1.97 in chips) 
Smoking_Ly: posts small blind $0.01
TomasSolidCabj: posts big blind $0.02
*** HOLE CARDS ***
Dealt to Lorpugo [8h Ac]
King Puzzle: raises $0.02 to $0.04
Marola93: folds 
Esprit11: calls $0.04
Lorpugo: calls $0.04
Smoking_Ly: calls $0.03
TomasSolidCabj: calls $0.02
*** FLOP *** [3h 4h 2c]
Smoking_Ly: checks 
TomasSolidCabj: bets $0.14
King Puzzle: folds 
Esprit11: folds 
Lorpugo: calls $0.14
Smoking_Ly: folds 
*** TURN *** [3h 4h 2c] [8c]
TomasSolidCabj: checks 
Lorpugo: bets $0.46
TomasSolidCabj: calls $0.46
*** RIVER *** [3h 4h 2c 8c] [Qd]
TomasSolidCabj: checks 
Lorpugo: checks 
*** SHOW DOWN ***
TomasSolidCabj: shows [9h Th] (high card Queen)
Lorpugo: shows [8h Ac] (a pair of Eights)
Lorpugo collected $1.35 from pot
*** SUMMARY ***
Total pot $1.40 | Rake $0.05 
Board [3h 4h 2c 8c Qd]
Seat 1: Lorpugo (button) showed [8h Ac] and won ($1.35) with a pair of Eights
Seat 2: Smoking_Ly (small blind) folded on the Flop
Seat 3: TomasSolidCabj (big blind) showed [9h Th] and lost with high card Queen
Seat 4: King Puzzle folded on the Flop
Seat 5: Marola93 folded before Flop (didn't bet)
Seat 6: Esprit11 folded on the Flop



PokerStars Hand #239303625053:  Hold'em No Limit ($0.01/$0.02 USD) - 2022/10/18 10:28:11 ET
Table 'Tynka II' 6-max Seat #2 is the button
Seat 1: Lorpugo ($2.38 in chips) 
Seat 2: Smoking_Ly ($2.24 in chips) 
Seat 3: TomasSolidCabj ($2 in chips) 
Seat 4: King Puzzle ($5.21 in chips) 
Seat 5: Marola93 ($2.14 in chips) 
Seat 6: Esprit11 ($1.93 in chips) 
TomasSolidCabj: posts small blind $0.01
King Puzzle: posts big blind $0.02
*** HOLE CARDS ***
Dealt to Lorpugo [Ac Th]
Marola93: raises $0.04 to $0.06
Esprit11: calls $0.06
Lorpugo: calls $0.06
Smoking_Ly: calls $0.06
TomasSolidCabj: folds 
King Puzzle: calls $0.04
*** FLOP *** [3c 2d Ks]
King Puzzle: checks 
Marola93: checks 
Esprit11: bets $0.23
Lorpugo: folds 
Smoking_Ly: calls $0.23
King Puzzle: folds 
Marola93: folds 
*** TURN *** [3c 2d Ks] [2s]
Esprit11: bets $0.49
Smoking_Ly: calls $0.49
*** RIVER *** [3c 2d Ks 2s] [Qd]
Esprit11: bets $0.84
Smoking_Ly: folds 
Uncalled bet ($0.84) returned to Esprit11
Esprit11 collected $1.67 from pot
Esprit11: doesn't show hand 
*** SUMMARY ***
Total pot $1.75 | Rake $0.08 
Board [3c 2d Ks 2s Qd]
Seat 1: Lorpugo folded on the Flop
Seat 2: Smoking_Ly (button) folded on the River
Seat 3: TomasSolidCabj (small blind) folded before Flop
Seat 4: King Puzzle (big blind) folded on the Flop
Seat 5: Marola93 folded on the Flop
Seat 6: Esprit11 collected ($1.67)



PokerStars Hand #239303643716:  Hold'em No Limit ($0.01/$0.02 USD) - 2022/10/18 10:29:29 ET
Table 'Tynka II' 6-max Seat #3 is the button
Seat 1: Lorpugo ($2.32 in chips) 
Seat 2: Smoking_Ly ($1.46 in chips) 
Seat 3: TomasSolidCabj ($2 in chips) 
Seat 4: King Puzzle ($5.15 in chips) 
Seat 5: Marola93 ($2.08 in chips) 
Seat 6: Esprit11 ($2.82 in chips) 
King Puzzle: posts small blind $0.01
Marola93: posts big blind $0.02
*** HOLE CARDS ***
Dealt to Lorpugo [8h Qc]
Esprit11: folds 
Lorpugo: folds 
Smoking_Ly: folds 
TomasSolidCabj: folds 
King Puzzle: raises $0.04 to $0.06
Marola93: calls $0.04
*** FLOP *** [Jc Jh 9h]
King Puzzle: checks 
Marola93: checks 
*** TURN *** [Jc Jh 9h] [7d]
King Puzzle: bets $0.06
Marola93: raises $0.12 to $0.18
King Puzzle: folds 
Uncalled bet ($0.12) returned to Marola93
Marola93 collected $0.23 from pot
Marola93: doesn't show hand 
*** SUMMARY ***
Total pot $0.24 | Rake $0.01 
Board [Jc Jh 9h 7d]
Seat 1: Lorpugo folded before Flop (didn't bet)
Seat 2: Smoking_Ly folded before Flop (didn't bet)
Seat 3: TomasSolidCabj (button) folded before Flop (didn't bet)
Seat 4: King Puzzle (small blind) folded on the Turn
Seat 5: Marola93 (big blind) collected ($0.23)
Seat 6: Esprit11 folded before Flop (didn't bet)



PokerStars Hand #239303650723:  Hold'em No Limit ($0.01/$0.02 USD) - 2022/10/18 10:29:58 ET
Table 'Tynka II' 6-max Seat #4 is the button
Seat 1: Lorpugo ($2.32 in chips) 
Seat 2: Smoking_Ly ($1.46 in chips) 
Seat 3: TomasSolidCabj ($2 in chips) 
Seat 4: King Puzzle ($5.03 in chips) 
Seat 5: Marola93 ($2.19 in chips) 
Seat 6: Esprit11 ($2.82 in chips) 
Marola93: posts small blind $0.01
Esprit11: posts big blind $0.02
*** HOLE CARDS ***
Dealt to Lorpugo [9d Kd]
Lorpugo: raises $0.02 to $0.04
Smoking_Ly: folds 
TomasSolidCabj: calls $0.04
King Puzzle: folds 
Marola93: calls $0.03
Esprit11: folds 
*** FLOP *** [6h 4c Td]
Marola93: checks 
Lorpugo: checks 
TomasSolidCabj: bets $0.05
Marola93: calls $0.05
Lorpugo: calls $0.05
*** TURN *** [6h 4c Td] [Th]
Marola93: checks 
Lorpugo: checks 
TomasSolidCabj: checks 
*** RIVER *** [6h 4c Td Th] [Ks]
Marola93: checks 
Lorpugo: bets $0.14
TomasSolidCabj: raises $0.20 to $0.34
Marola93: folds 
Lorpugo: folds 
Uncalled bet ($0.20) returned to TomasSolidCabj
TomasSolidCabj collected $0.55 from pot
*** SUMMARY ***
Total pot $0.57 | Rake $0.02 
Board [6h 4c Td Th Ks]
Seat 1: Lorpugo folded on the River
Seat 2: Smoking_Ly folded before Flop (didn't bet)
Seat 3: TomasSolidCabj collected ($0.55)
Seat 4: King Puzzle (button) folded before Flop (didn't bet)
Seat 5: Marola93 (small blind) folded on the River
Seat 6: Esprit11 (big blind) folded before Flop



