PokerStars Hand #239564493842:  Hold'em No Limit ($0.01/$0.02 USD) - 2022/10/31 11:41:30 ET
Table 'Tergeste II' 6-max Seat #3 is the button
Seat 1: uidman ($1.77 in chips) 
Seat 2: juanrod39 ($2 in chips) 
Seat 3: Kalmanoid ($0.75 in chips) 
Seat 4: cucho0310 ($2.01 in chips) 
Seat 5: Lorpugo ($1.60 in chips) 
Seat 6: S.Artsiom.O. ($2 in chips) 
cucho0310: posts small blind $0.01
Lorpugo: posts big blind $0.02
*** HOLE CARDS ***
Dealt to Lorpugo [4c 6c]
S.Artsiom.O.: raises $0.04 to $0.06
uidman: folds 
juanrod39: folds 
Kalmanoid: folds 
cucho0310: folds 
Lorpugo: folds 
Uncalled bet ($0.04) returned to S.Artsiom.O.
S.Artsiom.O. collected $0.05 from pot
*** SUMMARY ***
Total pot $0.05 | Rake $0 
Seat 1: uidman folded before Flop (didn't bet)
Seat 2: juanrod39 folded before Flop (didn't bet)
Seat 3: Kalmanoid (button) folded before Flop (didn't bet)
Seat 4: cucho0310 (small blind) folded before Flop
Seat 5: Lorpugo (big blind) folded before Flop
Seat 6: S.Artsiom.O. collected ($0.05)



PokerStars Hand #239564499896:  Hold'em No Limit ($0.01/$0.02 USD) - 2022/10/31 11:41:53 ET
Table 'Tergeste II' 6-max Seat #4 is the button
Seat 1: uidman ($1.77 in chips) 
Seat 2: juanrod39 ($2 in chips) 
Seat 3: Kalmanoid ($0.75 in chips) 
Seat 4: cucho0310 ($2 in chips) 
Seat 5: Lorpugo ($1.58 in chips) 
Seat 6: S.Artsiom.O. ($2.03 in chips) 
Lorpugo: posts small blind $0.01
S.Artsiom.O.: posts big blind $0.02
*** HOLE CARDS ***
Dealt to Lorpugo [Qh 4h]
uidman: calls $0.02
juanrod39: folds 
Kalmanoid: folds 
cucho0310: raises $0.06 to $0.08
Lorpugo: folds 
S.Artsiom.O.: folds 
uidman: folds 
Uncalled bet ($0.06) returned to cucho0310
cucho0310 collected $0.07 from pot
*** SUMMARY ***
Total pot $0.07 | Rake $0 
Seat 1: uidman folded before Flop
Seat 2: juanrod39 folded before Flop (didn't bet)
Seat 3: Kalmanoid folded before Flop (didn't bet)
Seat 4: cucho0310 (button) collected ($0.07)
Seat 5: Lorpugo (small blind) folded before Flop
Seat 6: S.Artsiom.O. (big blind) folded before Flop



PokerStars Hand #239564505859:  Hold'em No Limit ($0.01/$0.02 USD) - 2022/10/31 11:42:15 ET
Table 'Tergeste II' 6-max Seat #5 is the button
Seat 1: uidman ($1.75 in chips) 
Seat 2: juanrod39 ($2 in chips) 
Seat 3: Kalmanoid ($0.75 in chips) 
Seat 4: cucho0310 ($2.05 in chips) 
Seat 5: Lorpugo ($1.57 in chips) 
Seat 6: S.Artsiom.O. ($2.01 in chips) 
S.Artsiom.O.: posts small blind $0.01
uidman: posts big blind $0.02
*** HOLE CARDS ***
Dealt to Lorpugo [2h Ks]
juanrod39: folds 
Kalmanoid: folds 
cucho0310: raises $0.04 to $0.06
Lorpugo: folds 
S.Artsiom.O.: folds 
uidman: folds 
Uncalled bet ($0.04) returned to cucho0310
cucho0310 collected $0.05 from pot
*** SUMMARY ***
Total pot $0.05 | Rake $0 
Seat 1: uidman (big blind) folded before Flop
Seat 2: juanrod39 folded before Flop (didn't bet)
Seat 3: Kalmanoid folded before Flop (didn't bet)
Seat 4: cucho0310 collected ($0.05)
Seat 5: Lorpugo (button) folded before Flop (didn't bet)
Seat 6: S.Artsiom.O. (small blind) folded before Flop



PokerStars Hand #239564510119:  Hold'em No Limit ($0.01/$0.02 USD) - 2022/10/31 11:42:31 ET
Table 'Tergeste II' 6-max Seat #6 is the button
Seat 1: uidman ($1.73 in chips) 
Seat 2: juanrod39 ($2 in chips) 
Seat 3: Kalmanoid ($0.75 in chips) 
Seat 4: cucho0310 ($2.08 in chips) 
Seat 5: Lorpugo ($1.57 in chips) 
Seat 6: S.Artsiom.O. ($2 in chips) 
uidman: posts small blind $0.01
juanrod39: posts big blind $0.02
*** HOLE CARDS ***
Dealt to Lorpugo [9c 2s]
Kalmanoid: folds 
cucho0310: folds 
Lorpugo: folds 
S.Artsiom.O.: folds 
uidman: calls $0.01
juanrod39: checks 
*** FLOP *** [4c 6c As]
uidman: checks 
juanrod39: checks 
*** TURN *** [4c 6c As] [4s]
uidman: checks 
juanrod39: checks 
*** RIVER *** [4c 6c As 4s] [6d]
uidman: bets $0.02
juanrod39: folds 
Uncalled bet ($0.02) returned to uidman
uidman collected $0.04 from pot
*** SUMMARY ***
Total pot $0.04 | Rake $0 
Board [4c 6c As 4s 6d]
Seat 1: uidman (small blind) collected ($0.04)
Seat 2: juanrod39 (big blind) folded on the River
Seat 3: Kalmanoid folded before Flop (didn't bet)
Seat 4: cucho0310 folded before Flop (didn't bet)
Seat 5: Lorpugo folded before Flop (didn't bet)
Seat 6: S.Artsiom.O. (button) folded before Flop (didn't bet)



PokerStars Hand #239564517757:  Hold'em No Limit ($0.01/$0.02 USD) - 2022/10/31 11:42:59 ET
Table 'Tergeste II' 6-max Seat #1 is the button
Seat 1: uidman ($1.75 in chips) 
Seat 2: juanrod39 ($2 in chips) 
Seat 3: Kalmanoid ($0.75 in chips) 
Seat 4: cucho0310 ($2.08 in chips) 
Seat 5: Lorpugo ($1.57 in chips) 
Seat 6: S.Artsiom.O. ($2 in chips) 
juanrod39: posts small blind $0.01
Kalmanoid: posts big blind $0.02
*** HOLE CARDS ***
Dealt to Lorpugo [Ah 6s]
cucho0310: folds 
Lorpugo: folds 
S.Artsiom.O.: raises $0.04 to $0.06
uidman: folds 
juanrod39: folds 
Kalmanoid: folds 
Uncalled bet ($0.04) returned to S.Artsiom.O.
S.Artsiom.O. collected $0.05 from pot
*** SUMMARY ***
Total pot $0.05 | Rake $0 
Seat 1: uidman (button) folded before Flop (didn't bet)
Seat 2: juanrod39 (small blind) folded before Flop
Seat 3: Kalmanoid (big blind) folded before Flop
Seat 4: cucho0310 folded before Flop (didn't bet)
Seat 5: Lorpugo folded before Flop (didn't bet)
Seat 6: S.Artsiom.O. collected ($0.05)



PokerStars Hand #239564522249:  Hold'em No Limit ($0.01/$0.02 USD) - 2022/10/31 11:43:16 ET
Table 'Tergeste II' 6-max Seat #2 is the button
Seat 1: uidman ($1.75 in chips) 
Seat 2: juanrod39 ($2 in chips) 
Seat 3: Kalmanoid ($0.73 in chips) 
Seat 4: cucho0310 ($2.08 in chips) 
Seat 5: Lorpugo ($1.57 in chips) 
Seat 6: S.Artsiom.O. ($2.03 in chips) 
Kalmanoid: posts small blind $0.01
cucho0310: posts big blind $0.02
*** HOLE CARDS ***
Dealt to Lorpugo [Ad 2c]
Lorpugo: folds 
S.Artsiom.O.: folds 
uidman: raises $0.03 to $0.05
juanrod39: folds 
Kalmanoid: folds 
cucho0310: folds 
Uncalled bet ($0.03) returned to uidman
uidman collected $0.05 from pot
*** SUMMARY ***
Total pot $0.05 | Rake $0 
Seat 1: uidman collected ($0.05)
Seat 2: juanrod39 (button) folded before Flop (didn't bet)
Seat 3: Kalmanoid (small blind) folded before Flop
Seat 4: cucho0310 (big blind) folded before Flop
Seat 5: Lorpugo folded before Flop (didn't bet)
Seat 6: S.Artsiom.O. folded before Flop (didn't bet)



