PokerStars Hand #239649046937:  Hold'em No Limit ($0.01/$0.02 USD) - 2022/11/04 15:11:21 ET
Table 'Aoluta III' 6-max Seat #2 is the button
Seat 1: HECTOR1500 ($2.04 in chips) 
Seat 2: NorganNoyors ($2.02 in chips) 
Seat 3: Reinvest83 ($2.44 in chips) 
Seat 4: Lorpugo ($1.60 in chips) 
Seat 5: paul3014 ($3.01 in chips) 
Seat 6: bienwolf ($0.61 in chips) 
Reinvest83: posts small blind $0.01
Lorpugo: posts big blind $0.02
*** HOLE CARDS ***
Dealt to Lorpugo [2d 7s]
paul3014: folds 
bienwolf: folds 
HECTOR1500: raises $0.04 to $0.06
NorganNoyors: folds 
Reinvest83: folds 
Lorpugo: folds 
Uncalled bet ($0.04) returned to HECTOR1500
HECTOR1500 collected $0.05 from pot
HECTOR1500: doesn't show hand 
*** SUMMARY ***
Total pot $0.05 | Rake $0 
Seat 1: HECTOR1500 collected ($0.05)
Seat 2: NorganNoyors (button) folded before Flop (didn't bet)
Seat 3: Reinvest83 (small blind) folded before Flop
Seat 4: Lorpugo (big blind) folded before Flop
Seat 5: paul3014 folded before Flop (didn't bet)
Seat 6: bienwolf folded before Flop (didn't bet)



PokerStars Hand #239649056699:  Hold'em No Limit ($0.01/$0.02 USD) - 2022/11/04 15:11:47 ET
Table 'Aoluta III' 6-max Seat #3 is the button
Seat 1: HECTOR1500 ($2.07 in chips) 
Seat 2: NorganNoyors ($2.02 in chips) 
Seat 3: Reinvest83 ($2.43 in chips) 
Seat 4: Lorpugo ($1.58 in chips) 
Seat 5: paul3014 ($3.01 in chips) 
Seat 6: bienwolf ($0.61 in chips) 
Lorpugo: posts small blind $0.01
paul3014: posts big blind $0.02
*** HOLE CARDS ***
Dealt to Lorpugo [7h 6h]
bienwolf: folds 
HECTOR1500: folds 
NorganNoyors: folds 
Reinvest83: raises $0.04 to $0.06
Lorpugo: calls $0.05
paul3014: calls $0.04
*** FLOP *** [3c Qc 8d]
Lorpugo: checks 
paul3014: checks 
Reinvest83: checks 
*** TURN *** [3c Qc 8d] [3d]
Lorpugo: checks 
paul3014: bets $0.17
Reinvest83: raises $0.17 to $0.34
Lorpugo: folds 
paul3014: folds 
Uncalled bet ($0.17) returned to Reinvest83
Reinvest83 collected $0.50 from pot
Reinvest83: doesn't show hand 
*** SUMMARY ***
Total pot $0.52 | Rake $0.02 
Board [3c Qc 8d 3d]
Seat 1: HECTOR1500 folded before Flop (didn't bet)
Seat 2: NorganNoyors folded before Flop (didn't bet)
Seat 3: Reinvest83 (button) collected ($0.50)
Seat 4: Lorpugo (small blind) folded on the Turn
Seat 5: paul3014 (big blind) folded on the Turn
Seat 6: bienwolf folded before Flop (didn't bet)



PokerStars Hand #239649075832:  Hold'em No Limit ($0.01/$0.02 USD) - 2022/11/04 15:12:38 ET
Table 'Aoluta III' 6-max Seat #4 is the button
Seat 1: HECTOR1500 ($2.07 in chips) 
Seat 2: NorganNoyors ($2.02 in chips) 
Seat 3: Reinvest83 ($2.70 in chips) 
Seat 4: Lorpugo ($1.52 in chips) 
Seat 6: bienwolf ($0.61 in chips) 
bienwolf: posts small blind $0.01
paul3014 leaves the table
HECTOR1500: posts big blind $0.02
*** HOLE CARDS ***
Dealt to Lorpugo [3d 3s]
NorganNoyors: raises $0.04 to $0.06
Reinvest83: folds 
Lorpugo: calls $0.06
bienwolf: folds 
HECTOR1500: folds 
*** FLOP *** [5h Kc Qc]
NorganNoyors: bets $0.07
Lorpugo: folds 
Uncalled bet ($0.07) returned to NorganNoyors
NorganNoyors collected $0.14 from pot
NorganNoyors: doesn't show hand 
*** SUMMARY ***
Total pot $0.15 | Rake $0.01 
Board [5h Kc Qc]
Seat 1: HECTOR1500 (big blind) folded before Flop
Seat 2: NorganNoyors collected ($0.14)
Seat 3: Reinvest83 folded before Flop (didn't bet)
Seat 4: Lorpugo (button) folded on the Flop
Seat 6: bienwolf (small blind) folded before Flop



PokerStars Hand #239649084666:  Hold'em No Limit ($0.01/$0.02 USD) - 2022/11/04 15:13:02 ET
Table 'Aoluta III' 6-max Seat #6 is the button
Seat 1: HECTOR1500 ($2.05 in chips) 
Seat 2: NorganNoyors ($2.10 in chips) 
Seat 3: Reinvest83 ($2.70 in chips) 
Seat 4: Lorpugo ($1.46 in chips) 
Seat 6: bienwolf ($0.60 in chips) 
HECTOR1500: posts small blind $0.01
dddenki joins the table at seat #5 
NorganNoyors: posts big blind $0.02
*** HOLE CARDS ***
Dealt to Lorpugo [Th Kc]
Reinvest83: folds 
Lorpugo: raises $0.04 to $0.06
bienwolf: folds 
HECTOR1500: folds 
NorganNoyors: folds 
Uncalled bet ($0.04) returned to Lorpugo
Lorpugo collected $0.05 from pot
Lorpugo: doesn't show hand 
*** SUMMARY ***
Total pot $0.05 | Rake $0 
Seat 1: HECTOR1500 (small blind) folded before Flop
Seat 2: NorganNoyors (big blind) folded before Flop
Seat 3: Reinvest83 folded before Flop (didn't bet)
Seat 4: Lorpugo collected ($0.05)
Seat 6: bienwolf (button) folded before Flop (didn't bet)



PokerStars Hand #239649091190:  Hold'em No Limit ($0.01/$0.02 USD) - 2022/11/04 15:13:19 ET
Table 'Aoluta III' 6-max Seat #1 is the button
Seat 1: HECTOR1500 ($2.04 in chips) 
Seat 2: NorganNoyors ($2.08 in chips) 
Seat 3: Reinvest83 ($2.70 in chips) 
Seat 4: Lorpugo ($1.49 in chips) 
Seat 5: dddenki ($1.60 in chips) 
Seat 6: bienwolf ($0.60 in chips) 
NorganNoyors: posts small blind $0.01
Reinvest83: posts big blind $0.02
dddenki: posts big blind $0.02
*** HOLE CARDS ***
Dealt to Lorpugo [5d Qs]
Lorpugo: folds 
dddenki: checks 
bienwolf: folds 
HECTOR1500: folds 
NorganNoyors: folds 
Reinvest83: checks 
*** FLOP *** [4d 3d 2h]
Reinvest83: checks 
dddenki: checks 
*** TURN *** [4d 3d 2h] [Kh]
Reinvest83: bets $0.03
dddenki: folds 
Uncalled bet ($0.03) returned to Reinvest83
Reinvest83 collected $0.05 from pot
Reinvest83: doesn't show hand 
*** SUMMARY ***
Total pot $0.05 | Rake $0 
Board [4d 3d 2h Kh]
Seat 1: HECTOR1500 (button) folded before Flop (didn't bet)
Seat 2: NorganNoyors (small blind) folded before Flop
Seat 3: Reinvest83 (big blind) collected ($0.05)
Seat 4: Lorpugo folded before Flop (didn't bet)
Seat 5: dddenki folded on the Turn (didn't bet)
Seat 6: bienwolf folded before Flop (didn't bet)



PokerStars Hand #239649100310:  Hold'em No Limit ($0.01/$0.02 USD) - 2022/11/04 15:13:44 ET
Table 'Aoluta III' 6-max Seat #2 is the button
Seat 1: HECTOR1500 ($2.04 in chips) 
Seat 2: NorganNoyors ($2.07 in chips) 
Seat 3: Reinvest83 ($2.73 in chips) 
Seat 4: Lorpugo ($1.49 in chips) 
Seat 5: dddenki ($1.58 in chips) 
Seat 6: bienwolf ($0.60 in chips) 
Reinvest83: posts small blind $0.01
Lorpugo: posts big blind $0.02
*** HOLE CARDS ***
Dealt to Lorpugo [3d Ad]
dddenki: folds 
bienwolf: folds 
HECTOR1500: folds 
NorganNoyors: raises $0.03 to $0.05
Reinvest83: raises $0.17 to $0.22
Lorpugo: folds 
NorganNoyors: folds 
Uncalled bet ($0.17) returned to Reinvest83
Reinvest83 collected $0.12 from pot
Reinvest83: doesn't show hand 
*** SUMMARY ***
Total pot $0.12 | Rake $0 
Seat 1: HECTOR1500 folded before Flop (didn't bet)
Seat 2: NorganNoyors (button) folded before Flop
Seat 3: Reinvest83 (small blind) collected ($0.12)
Seat 4: Lorpugo (big blind) folded before Flop
Seat 5: dddenki folded before Flop (didn't bet)
Seat 6: bienwolf folded before Flop (didn't bet)



PokerStars Hand #239649107531:  Hold'em No Limit ($0.01/$0.02 USD) - 2022/11/04 15:14:03 ET
Table 'Aoluta III' 6-max Seat #3 is the button
Seat 1: HECTOR1500 ($2.04 in chips) 
Seat 2: NorganNoyors ($2.02 in chips) 
Seat 3: Reinvest83 ($2.80 in chips) 
Seat 4: Lorpugo ($1.47 in chips) 
Seat 5: dddenki ($1.58 in chips) 
Seat 6: bienwolf ($0.60 in chips) 
Lorpugo: posts small blind $0.01
dddenki: posts big blind $0.02
*** HOLE CARDS ***
Dealt to Lorpugo [Qs Kc]
bienwolf: folds 
HECTOR1500: folds 
NorganNoyors: folds 
Reinvest83: raises $0.04 to $0.06
Lorpugo: raises $0.14 to $0.20
dddenki: calls $0.18
Reinvest83: raises $0.76 to $0.96
Lorpugo: raises $0.51 to $1.47 and is all-in
dddenki: folds 
Reinvest83: calls $0.51
*** FLOP *** [Ac 5s 9h]
*** TURN *** [Ac 5s 9h] [Th]
*** RIVER *** [Ac 5s 9h Th] [Td]
*** SHOW DOWN ***
Lorpugo: shows [Qs Kc] (a pair of Tens)
Reinvest83: shows [Qd Qc] (two pair, Queens and Tens)
Reinvest83 collected $3.03 from pot
*** SUMMARY ***
Total pot $3.14 | Rake $0.11 
Board [Ac 5s 9h Th Td]
Seat 1: HECTOR1500 folded before Flop (didn't bet)
Seat 2: NorganNoyors folded before Flop (didn't bet)
Seat 3: Reinvest83 (button) showed [Qd Qc] and won ($3.03) with two pair, Queens and Tens
Seat 4: Lorpugo (small blind) showed [Qs Kc] and lost with a pair of Tens
Seat 5: dddenki (big blind) folded before Flop
Seat 6: bienwolf folded before Flop (didn't bet)



PokerStars Hand #239649129595:  Hold'em No Limit ($0.01/$0.02 USD) - 2022/11/04 15:15:02 ET
Table 'Aoluta III' 6-max Seat #6 is the button
Seat 1: HECTOR1500 ($2.02 in chips) 
Seat 2: NorganNoyors ($2.15 in chips) 
Seat 3: Reinvest83 ($4.36 in chips) 
Seat 4: Lorpugo ($1.60 in chips) 
Seat 5: dddenki ($1.32 in chips) 
Seat 6: bienwolf ($0.54 in chips) 
HECTOR1500: posts small blind $0.01
NorganNoyors: posts big blind $0.02
*** HOLE CARDS ***
Dealt to Lorpugo [Jc 6c]
Reinvest83: folds 
Lorpugo: folds 
dddenki: calls $0.02
bienwolf: calls $0.02
HECTOR1500: folds 
NorganNoyors: checks 
*** FLOP *** [4s 6d Ad]
NorganNoyors: checks 
dddenki: checks 
bienwolf: checks 
*** TURN *** [4s 6d Ad] [6h]
NorganNoyors: checks 
dddenki: checks 
bienwolf: checks 
*** RIVER *** [4s 6d Ad 6h] [Qd]
NorganNoyors: checks 
dddenki: bets $0.04
bienwolf: calls $0.04
NorganNoyors: folds 
*** SHOW DOWN ***
dddenki: shows [8d Kd] (a flush, Ace high)
bienwolf: mucks hand 
dddenki collected $0.14 from pot
*** SUMMARY ***
Total pot $0.15 | Rake $0.01 
Board [4s 6d Ad 6h Qd]
Seat 1: HECTOR1500 (small blind) folded before Flop
Seat 2: NorganNoyors (big blind) folded on the River
Seat 3: Reinvest83 folded before Flop (didn't bet)
Seat 4: Lorpugo folded before Flop (didn't bet)
Seat 5: dddenki showed [8d Kd] and won ($0.14) with a flush, Ace high
Seat 6: bienwolf (button) mucked [Ah 8h]



PokerStars Hand #239649143799:  Hold'em No Limit ($0.01/$0.02 USD) - 2022/11/04 15:15:39 ET
Table 'Aoluta III' 6-max Seat #1 is the button
Seat 1: HECTOR1500 ($2.01 in chips) 
Seat 2: NorganNoyors ($2.13 in chips) 
Seat 3: Reinvest83 ($4.36 in chips) 
Seat 4: Lorpugo ($1.60 in chips) 
Seat 5: dddenki ($1.40 in chips) 
Seat 6: bienwolf ($0.48 in chips) 
NorganNoyors: posts small blind $0.01
Reinvest83: posts big blind $0.02
*** HOLE CARDS ***
Dealt to Lorpugo [Qh 9s]
Lorpugo: folds 
dddenki: calls $0.02
bienwolf: folds 
HECTOR1500: raises $0.08 to $0.10
NorganNoyors: folds 
Reinvest83: folds 
dddenki: calls $0.08
*** FLOP *** [4c 6d Qc]
dddenki: checks 
HECTOR1500: bets $0.07
dddenki: folds 
Uncalled bet ($0.07) returned to HECTOR1500
HECTOR1500 collected $0.22 from pot
HECTOR1500: doesn't show hand 
*** SUMMARY ***
Total pot $0.23 | Rake $0.01 
Board [4c 6d Qc]
Seat 1: HECTOR1500 (button) collected ($0.22)
Seat 2: NorganNoyors (small blind) folded before Flop
Seat 3: Reinvest83 (big blind) folded before Flop
Seat 4: Lorpugo folded before Flop (didn't bet)
Seat 5: dddenki folded on the Flop
Seat 6: bienwolf folded before Flop (didn't bet)



PokerStars Hand #239649158804:  Hold'em No Limit ($0.01/$0.02 USD) - 2022/11/04 15:16:19 ET
Table 'Aoluta III' 6-max Seat #2 is the button
Seat 1: HECTOR1500 ($2.13 in chips) 
Seat 2: NorganNoyors ($2.12 in chips) 
Seat 3: Reinvest83 ($4.34 in chips) 
Seat 4: Lorpugo ($1.60 in chips) 
Seat 5: dddenki ($1.30 in chips) 
Seat 6: bienwolf ($0.48 in chips) 
Reinvest83: posts small blind $0.01
Lorpugo: posts big blind $0.02
*** HOLE CARDS ***
Dealt to Lorpugo [8h Ac]
dddenki: folds 
bienwolf: folds 
HECTOR1500: folds 
NorganNoyors: folds 
Reinvest83: folds 
Uncalled bet ($0.01) returned to Lorpugo
Lorpugo collected $0.02 from pot
Lorpugo: doesn't show hand 
*** SUMMARY ***
Total pot $0.02 | Rake $0 
Seat 1: HECTOR1500 folded before Flop (didn't bet)
Seat 2: NorganNoyors (button) folded before Flop (didn't bet)
Seat 3: Reinvest83 (small blind) folded before Flop
Seat 4: Lorpugo (big blind) collected ($0.02)
Seat 5: dddenki folded before Flop (didn't bet)
Seat 6: bienwolf folded before Flop (didn't bet)



PokerStars Hand #239649165256:  Hold'em No Limit ($0.01/$0.02 USD) - 2022/11/04 15:16:36 ET
Table 'Aoluta III' 6-max Seat #3 is the button
Seat 1: HECTOR1500 ($2.13 in chips) 
Seat 2: NorganNoyors ($2.12 in chips) 
Seat 3: Reinvest83 ($4.33 in chips) 
Seat 4: Lorpugo ($1.61 in chips) 
Seat 5: dddenki ($1.30 in chips) 
Seat 6: bienwolf ($0.48 in chips) 
Lorpugo: posts small blind $0.01
dddenki: posts big blind $0.02
*** HOLE CARDS ***
Dealt to Lorpugo [7c 3d]
bienwolf: folds 
HECTOR1500: folds 
NorganNoyors: folds 
Reinvest83: raises $0.04 to $0.06
Lorpugo: folds 
dddenki: calls $0.04
*** FLOP *** [Qs 9s 4c]
dddenki: checks 
Reinvest83: bets $0.07
dddenki: folds 
Uncalled bet ($0.07) returned to Reinvest83
Reinvest83 collected $0.13 from pot
Reinvest83: doesn't show hand 
*** SUMMARY ***
Total pot $0.13 | Rake $0 
Board [Qs 9s 4c]
Seat 1: HECTOR1500 folded before Flop (didn't bet)
Seat 2: NorganNoyors folded before Flop (didn't bet)
Seat 3: Reinvest83 (button) collected ($0.13)
Seat 4: Lorpugo (small blind) folded before Flop
Seat 5: dddenki (big blind) folded on the Flop
Seat 6: bienwolf folded before Flop (didn't bet)



PokerStars Hand #239649175245:  Hold'em No Limit ($0.01/$0.02 USD) - 2022/11/04 15:17:02 ET
Table 'Aoluta III' 6-max Seat #4 is the button
Seat 1: HECTOR1500 ($2.13 in chips) 
Seat 3: Reinvest83 ($4.40 in chips) 
Seat 4: Lorpugo ($1.60 in chips) 
Seat 5: dddenki ($1.24 in chips) 
Seat 6: bienwolf ($0.48 in chips) 
dddenki: posts small blind $0.01
bienwolf: posts big blind $0.02
*** HOLE CARDS ***
Dealt to Lorpugo [4c 9s]
HECTOR1500: folds 
Reinvest83: raises $0.04 to $0.06
Lorpugo: folds 
dddenki: calls $0.05
bienwolf: folds 
*** FLOP *** [5s Ah 6s]
dddenki: bets $0.07
Reinvest83: folds 
Uncalled bet ($0.07) returned to dddenki
dddenki collected $0.14 from pot
*** SUMMARY ***
Total pot $0.14 | Rake $0 
Board [5s Ah 6s]
Seat 1: HECTOR1500 folded before Flop (didn't bet)
Seat 3: Reinvest83 folded on the Flop
Seat 4: Lorpugo (button) folded before Flop (didn't bet)
Seat 5: dddenki (small blind) collected ($0.14)
Seat 6: bienwolf (big blind) folded before Flop



PokerStars Hand #239649186151:  Hold'em No Limit ($0.01/$0.02 USD) - 2022/11/04 15:17:32 ET
Table 'Aoluta III' 6-max Seat #5 is the button
Seat 1: HECTOR1500 ($2.13 in chips) 
Seat 3: Reinvest83 ($4.34 in chips) 
Seat 4: Lorpugo ($1.60 in chips) 
Seat 5: dddenki ($1.32 in chips) 
Seat 6: bienwolf ($0.46 in chips) 
bienwolf: posts small blind $0.01
HECTOR1500: posts big blind $0.02
*** HOLE CARDS ***
Dealt to Lorpugo [3d 2s]
Reinvest83: raises $0.04 to $0.06
Lorpugo: folds 
dddenki: folds 
bienwolf: folds 
HECTOR1500: folds 
Uncalled bet ($0.04) returned to Reinvest83
Reinvest83 collected $0.05 from pot
Reinvest83: doesn't show hand 
*** SUMMARY ***
Total pot $0.05 | Rake $0 
Seat 1: HECTOR1500 (big blind) folded before Flop
Seat 3: Reinvest83 collected ($0.05)
Seat 4: Lorpugo folded before Flop (didn't bet)
Seat 5: dddenki (button) folded before Flop (didn't bet)
Seat 6: bienwolf (small blind) folded before Flop



PokerStars Hand #239649193715:  Hold'em No Limit ($0.01/$0.02 USD) - 2022/11/04 15:17:51 ET
Table 'Aoluta III' 6-max Seat #6 is the button
Seat 1: HECTOR1500 ($2.11 in chips) 
Seat 3: Reinvest83 ($4.37 in chips) 
Seat 4: Lorpugo ($1.60 in chips) 
Seat 5: dddenki ($1.32 in chips) 
Seat 6: bienwolf ($0.45 in chips) 
HECTOR1500: posts small blind $0.01
Reinvest83: posts big blind $0.02
*** HOLE CARDS ***
Dealt to Lorpugo [Kd Qc]
Lorpugo: raises $0.04 to $0.06
dddenki: calls $0.06
bienwolf: folds 
HECTOR1500: folds 
Reinvest83: folds 
*** FLOP *** [8h 5h Tc]
Lorpugo: checks 
dddenki: bets $0.14
bienwolf leaves the table
Lorpugo: folds 
Uncalled bet ($0.14) returned to dddenki
dddenki collected $0.14 from pot
*** SUMMARY ***
Total pot $0.15 | Rake $0.01 
Board [8h 5h Tc]
Seat 1: HECTOR1500 (small blind) folded before Flop
Seat 3: Reinvest83 (big blind) folded before Flop
Seat 4: Lorpugo folded on the Flop
Seat 5: dddenki collected ($0.14)
Seat 6: bienwolf (button) folded before Flop (didn't bet)



PokerStars Hand #239649206355:  Hold'em No Limit ($0.01/$0.02 USD) - 2022/11/04 15:18:25 ET
Table 'Aoluta III' 6-max Seat #1 is the button
Seat 1: HECTOR1500 ($2.10 in chips) 
Seat 3: Reinvest83 ($4.35 in chips) 
Seat 4: Lorpugo ($1.54 in chips) 
Seat 5: dddenki ($1.40 in chips) 
Reinvest83: posts small blind $0.01
Lorpugo: posts big blind $0.02
*** HOLE CARDS ***
Dealt to Lorpugo [9s Ac]
dddenki: calls $0.02
HECTOR1500: raises $0.08 to $0.10
Reinvest83: folds 
Lorpugo: folds 
dddenki: calls $0.08
*** FLOP *** [3d Jd 3s]
dddenki: bets $0.22
HECTOR1500: folds 
Uncalled bet ($0.22) returned to dddenki
dddenki collected $0.22 from pot
*** SUMMARY ***
Total pot $0.23 | Rake $0.01 
Board [3d Jd 3s]
Seat 1: HECTOR1500 (button) folded on the Flop
Seat 3: Reinvest83 (small blind) folded before Flop
Seat 4: Lorpugo (big blind) folded before Flop
Seat 5: dddenki collected ($0.22)



PokerStars Hand #239649219683:  Hold'em No Limit ($0.01/$0.02 USD) - 2022/11/04 15:19:01 ET
Table 'Aoluta III' 6-max Seat #3 is the button
Seat 1: HECTOR1500 ($2 in chips) 
Seat 3: Reinvest83 ($4.34 in chips) 
Seat 4: Lorpugo ($1.52 in chips) 
Seat 5: dddenki ($1.52 in chips) 
Lorpugo: posts small blind $0.01
dddenki: posts big blind $0.02
*** HOLE CARDS ***
Dealt to Lorpugo [6s Td]
HECTOR1500: folds 
Reinvest83: raises $0.04 to $0.06
Lorpugo: folds 
dddenki: calls $0.04
*** FLOP *** [4d 8h 3c]
dddenki: checks 
Reinvest83: bets $0.07
dddenki: folds 
Uncalled bet ($0.07) returned to Reinvest83
Reinvest83 collected $0.13 from pot
Reinvest83: doesn't show hand 
*** SUMMARY ***
Total pot $0.13 | Rake $0 
Board [4d 8h 3c]
Seat 1: HECTOR1500 folded before Flop (didn't bet)
Seat 3: Reinvest83 (button) collected ($0.13)
Seat 4: Lorpugo (small blind) folded before Flop
Seat 5: dddenki (big blind) folded on the Flop



PokerStars Hand #239649229166:  Hold'em No Limit ($0.01/$0.02 USD) - 2022/11/04 15:19:26 ET
Table 'Aoluta III' 6-max Seat #4 is the button
Seat 1: HECTOR1500 ($2 in chips) 
Seat 3: Reinvest83 ($4.41 in chips) 
Seat 4: Lorpugo ($1.51 in chips) 
Seat 5: dddenki ($1.46 in chips) 
dddenki: posts small blind $0.01
HECTOR1500: posts big blind $0.02
NorganNoyors: sits out 
*** HOLE CARDS ***
Dealt to Lorpugo [As 5c]
Reinvest83: folds 
Lorpugo: raises $0.04 to $0.06
dddenki: folds 
HECTOR1500: folds 
Uncalled bet ($0.04) returned to Lorpugo
Lorpugo collected $0.05 from pot
Lorpugo: doesn't show hand 
*** SUMMARY ***
Total pot $0.05 | Rake $0 
Seat 1: HECTOR1500 (big blind) folded before Flop
Seat 3: Reinvest83 folded before Flop (didn't bet)
Seat 4: Lorpugo (button) collected ($0.05)
Seat 5: dddenki (small blind) folded before Flop



PokerStars Hand #239649233609:  Hold'em No Limit ($0.01/$0.02 USD) - 2022/11/04 15:19:37 ET
Table 'Aoluta III' 6-max Seat #5 is the button
Seat 1: HECTOR1500 ($2 in chips) 
Seat 2: NorganNoyors ($2.12 in chips) 
Seat 3: Reinvest83 ($4.41 in chips) 
Seat 4: Lorpugo ($1.54 in chips) 
Seat 5: dddenki ($1.45 in chips) 
HECTOR1500: posts small blind $0.01
NorganNoyors: posts big blind $0.02
*** HOLE CARDS ***
Dealt to Lorpugo [3s 7d]
Reinvest83: folds 
Lorpugo: folds 
dddenki: calls $0.02
HECTOR1500: folds 
NorganNoyors: checks 
*** FLOP *** [8s 8c 5c]
NorganNoyors: checks 
dddenki: checks 
*** TURN *** [8s 8c 5c] [7h]
NorganNoyors: checks 
dddenki: checks 
*** RIVER *** [8s 8c 5c 7h] [Kh]
NorganNoyors: checks 
dddenki: checks 
*** SHOW DOWN ***
NorganNoyors: shows [4c Jh] (a pair of Eights)
dddenki: shows [Ah 2d] (a pair of Eights - Ace kicker)
dddenki collected $0.05 from pot
*** SUMMARY ***
Total pot $0.05 | Rake $0 
Board [8s 8c 5c 7h Kh]
Seat 1: HECTOR1500 (small blind) folded before Flop
Seat 2: NorganNoyors (big blind) showed [4c Jh] and lost with a pair of Eights
Seat 3: Reinvest83 folded before Flop (didn't bet)
Seat 4: Lorpugo folded before Flop (didn't bet)
Seat 5: dddenki (button) showed [Ah 2d] and won ($0.05) with a pair of Eights



PokerStars Hand #239649244679:  Hold'em No Limit ($0.01/$0.02 USD) - 2022/11/04 15:20:07 ET
Table 'Aoluta III' 6-max Seat #1 is the button
Seat 1: HECTOR1500 ($2 in chips) 
Seat 2: NorganNoyors ($2.10 in chips) 
Seat 3: Reinvest83 ($4.41 in chips) 
Seat 4: Lorpugo ($1.54 in chips) 
Seat 5: dddenki ($1.48 in chips) 
NorganNoyors: posts small blind $0.01
Reinvest83: posts big blind $0.02
*** HOLE CARDS ***
Dealt to Lorpugo [4c 6h]
Lorpugo: folds 
dddenki: calls $0.02
HECTOR1500: folds 
NorganNoyors: folds 
Reinvest83: checks 
*** FLOP *** [2d 3s 7s]
maslak270 joins the table at seat #6 
Reinvest83: checks 
dddenki: checks 
*** TURN *** [2d 3s 7s] [Ts]
Reinvest83: checks 
dddenki: checks 
*** RIVER *** [2d 3s 7s Ts] [9s]
Reinvest83: checks 
dddenki: checks 
*** SHOW DOWN ***
Reinvest83: shows [Ac 8h] (high card Ace)
dddenki: mucks hand 
Reinvest83 collected $0.05 from pot
*** SUMMARY ***
Total pot $0.05 | Rake $0 
Board [2d 3s 7s Ts 9s]
Seat 1: HECTOR1500 (button) folded before Flop (didn't bet)
Seat 2: NorganNoyors (small blind) folded before Flop
Seat 3: Reinvest83 (big blind) showed [Ac 8h] and won ($0.05) with high card Ace
Seat 4: Lorpugo folded before Flop (didn't bet)
Seat 5: dddenki mucked [Kc 6d]



PokerStars Hand #239649260000:  Hold'em No Limit ($0.01/$0.02 USD) - 2022/11/04 15:20:47 ET
Table 'Aoluta III' 6-max Seat #2 is the button
Seat 1: HECTOR1500 ($2 in chips) 
Seat 2: NorganNoyors ($2.09 in chips) 
Seat 3: Reinvest83 ($4.44 in chips) 
Seat 4: Lorpugo ($1.54 in chips) 
Seat 5: dddenki ($1.46 in chips) 
Reinvest83: posts small blind $0.01
Lorpugo: posts big blind $0.02
maslak270: sits out 
*** HOLE CARDS ***
Dealt to Lorpugo [Qc 4d]
dddenki: calls $0.02
HECTOR1500: folds 
NorganNoyors: folds 
Reinvest83: folds 
Lorpugo: checks 
*** FLOP *** [Ts Kc 7s]
Lorpugo: checks 
dddenki: checks 
*** TURN *** [Ts Kc 7s] [Ad]
Lorpugo: bets $0.02
dddenki: calls $0.02
*** RIVER *** [Ts Kc 7s Ad] [Td]
Lorpugo: checks 
dddenki: checks 
*** SHOW DOWN ***
Lorpugo: shows [Qc 4d] (a pair of Tens)
dddenki: shows [2s 7h] (two pair, Tens and Sevens)
dddenki collected $0.09 from pot
*** SUMMARY ***
Total pot $0.09 | Rake $0 
Board [Ts Kc 7s Ad Td]
Seat 1: HECTOR1500 folded before Flop (didn't bet)
Seat 2: NorganNoyors (button) folded before Flop (didn't bet)
Seat 3: Reinvest83 (small blind) folded before Flop
Seat 4: Lorpugo (big blind) showed [Qc 4d] and lost with a pair of Tens
Seat 5: dddenki showed [2s 7h] and won ($0.09) with two pair, Tens and Sevens



PokerStars Hand #239649278309:  Hold'em No Limit ($0.01/$0.02 USD) - 2022/11/04 15:21:35 ET
Table 'Aoluta III' 6-max Seat #3 is the button
Seat 1: HECTOR1500 ($2 in chips) 
Seat 2: NorganNoyors ($2.09 in chips) 
Seat 3: Reinvest83 ($4.43 in chips) 
Seat 4: Lorpugo ($1.50 in chips) 
Seat 5: dddenki ($1.51 in chips) 
Lorpugo: posts small blind $0.01
dddenki: posts big blind $0.02
maslak270: sits out 
*** HOLE CARDS ***
Dealt to Lorpugo [Ad 2c]
HECTOR1500 has timed out
HECTOR1500: folds 
NorganNoyors: folds 
Reinvest83: folds 
Lorpugo: raises $0.04 to $0.06
dddenki: calls $0.04
*** FLOP *** [Kc Ts 3d]
Lorpugo: bets $0.02
dddenki: folds 
Uncalled bet ($0.02) returned to Lorpugo
Lorpugo collected $0.12 from pot
Lorpugo: doesn't show hand 
*** SUMMARY ***
Total pot $0.12 | Rake $0 
Board [Kc Ts 3d]
Seat 1: HECTOR1500 folded before Flop (didn't bet)
Seat 2: NorganNoyors folded before Flop (didn't bet)
Seat 3: Reinvest83 (button) folded before Flop (didn't bet)
Seat 4: Lorpugo (small blind) collected ($0.12)
Seat 5: dddenki (big blind) folded on the Flop



PokerStars Hand #239649291197:  Hold'em No Limit ($0.01/$0.02 USD) - 2022/11/04 15:22:10 ET
Table 'Aoluta III' 6-max Seat #4 is the button
Seat 2: NorganNoyors ($2.09 in chips) 
Seat 3: Reinvest83 ($4.43 in chips) 
Seat 4: Lorpugo ($1.56 in chips) 
Seat 5: dddenki ($1.45 in chips) 
Seat 6: maslak270 ($2 in chips) 
dddenki: posts small blind $0.01
maslak270: posts big blind $0.02
*** HOLE CARDS ***
Dealt to Lorpugo [9h Ad]
NorganNoyors: folds 
Reinvest83: folds 
Lorpugo: raises $0.04 to $0.06
dddenki: calls $0.05
maslak270: folds 
*** FLOP *** [8s 2d 6d]
dddenki: bets $0.02
Lorpugo: raises $0.09 to $0.11
dddenki: calls $0.09
*** TURN *** [8s 2d 6d] [Tc]
dddenki: checks 
Lorpugo: bets $0.18
dddenki: calls $0.18
*** RIVER *** [8s 2d 6d Tc] [Ks]
dddenki: bets $0.02
Lorpugo: raises $0.42 to $0.44
dddenki: folds 
Uncalled bet ($0.42) returned to Lorpugo
Lorpugo collected $0.73 from pot
Lorpugo: doesn't show hand 
*** SUMMARY ***
Total pot $0.76 | Rake $0.03 
Board [8s 2d 6d Tc Ks]
Seat 2: NorganNoyors folded before Flop (didn't bet)
Seat 3: Reinvest83 folded before Flop (didn't bet)
Seat 4: Lorpugo (button) collected ($0.73)
Seat 5: dddenki (small blind) folded on the River
Seat 6: maslak270 (big blind) folded before Flop



PokerStars Hand #239649313310:  Hold'em No Limit ($0.01/$0.02 USD) - 2022/11/04 15:23:09 ET
Table 'Aoluta III' 6-max Seat #5 is the button
Seat 2: NorganNoyors ($2.09 in chips) 
Seat 3: Reinvest83 ($4.43 in chips) 
Seat 4: Lorpugo ($1.92 in chips) 
Seat 5: dddenki ($1.08 in chips) 
Seat 6: maslak270 ($2 in chips) 
maslak270: posts small blind $0.01
NorganNoyors: posts big blind $0.02
*** HOLE CARDS ***
Dealt to Lorpugo [Ad 5d]
Reinvest83: folds 
Lorpugo: raises $0.04 to $0.06
dddenki: calls $0.06
maslak270: raises $0.20 to $0.26
NorganNoyors: folds 
Lorpugo: folds 
dddenki: calls $0.20
*** FLOP *** [7c 2d 8h]
maslak270: bets $1.74 and is all-in
dddenki: calls $0.82 and is all-in
Uncalled bet ($0.92) returned to maslak270
*** TURN *** [7c 2d 8h] [6s]
*** RIVER *** [7c 2d 8h 6s] [Kd]
*** SHOW DOWN ***
maslak270: shows [Qd Qh] (a pair of Queens)
dddenki: shows [9c 5h] (a straight, Five to Nine)
dddenki collected $2.16 from pot
maslak270 cashed out the hand for $1.71 | Cash Out Fee $0.02
*** SUMMARY ***
Total pot $2.24 | Rake $0.08 
Board [7c 2d 8h 6s Kd]
Seat 2: NorganNoyors (big blind) folded before Flop
Seat 3: Reinvest83 folded before Flop (didn't bet)
Seat 4: Lorpugo folded before Flop
Seat 5: dddenki (button) showed [9c 5h] and won ($2.16) with a straight, Five to Nine
Seat 6: maslak270 (small blind) showed [Qd Qh] and lost with a pair of Queens (cashed out).



PokerStars Hand #239649325388:  Hold'em No Limit ($0.01/$0.02 USD) - 2022/11/04 15:23:41 ET
Table 'Aoluta III' 6-max Seat #6 is the button
Seat 2: NorganNoyors ($2.07 in chips) 
Seat 3: Reinvest83 ($4.43 in chips) 
Seat 4: Lorpugo ($1.86 in chips) 
Seat 5: dddenki ($2.16 in chips) 
Seat 6: maslak270 ($2.63 in chips) 
NorganNoyors: posts small blind $0.01
Reinvest83: posts big blind $0.02
*** HOLE CARDS ***
Dealt to Lorpugo [Qs Kh]
Lorpugo: raises $0.04 to $0.06
dddenki: calls $0.06
maslak270: folds 
NorganNoyors: folds 
Reinvest83: folds 
*** FLOP *** [Js 3d 2s]
Lorpugo: checks 
dddenki: checks 
*** TURN *** [Js 3d 2s] [Qh]
Lorpugo: checks 
dddenki: checks 
*** RIVER *** [Js 3d 2s Qh] [Ac]
Lorpugo: bets $0.07
dddenki: calls $0.07
*** SHOW DOWN ***
Lorpugo: shows [Qs Kh] (a pair of Queens)
dddenki: shows [As 5c] (a pair of Aces)
dddenki collected $0.28 from pot
*** SUMMARY ***
Total pot $0.29 | Rake $0.01 
Board [Js 3d 2s Qh Ac]
Seat 2: NorganNoyors (small blind) folded before Flop
Seat 3: Reinvest83 (big blind) folded before Flop
Seat 4: Lorpugo showed [Qs Kh] and lost with a pair of Queens
Seat 5: dddenki showed [As 5c] and won ($0.28) with a pair of Aces
Seat 6: maslak270 (button) folded before Flop (didn't bet)



PokerStars Hand #239649335441:  Hold'em No Limit ($0.01/$0.02 USD) - 2022/11/04 15:24:07 ET
Table 'Aoluta III' 6-max Seat #2 is the button
Seat 2: NorganNoyors ($2.06 in chips) 
Seat 3: Reinvest83 ($4.41 in chips) 
Seat 4: Lorpugo ($1.73 in chips) 
Seat 5: dddenki ($2.31 in chips) 
Seat 6: maslak270 ($2.63 in chips) 
Reinvest83: posts small blind $0.01
Lorpugo: posts big blind $0.02
HECTOR1500: sits out 
*** HOLE CARDS ***
Dealt to Lorpugo [2d 4c]
dddenki: calls $0.02
maslak270: folds 
NorganNoyors: folds 
Reinvest83: calls $0.01
Lorpugo: checks 
*** FLOP *** [9h Js 6c]
Reinvest83: checks 
Lorpugo: checks 
dddenki: checks 
*** TURN *** [9h Js 6c] [2s]
Reinvest83: checks 
Lorpugo: bets $0.06
dddenki: folds 
Reinvest83: folds 
Uncalled bet ($0.06) returned to Lorpugo
Lorpugo collected $0.06 from pot
Lorpugo: doesn't show hand 
*** SUMMARY ***
Total pot $0.06 | Rake $0 
Board [9h Js 6c 2s]
Seat 2: NorganNoyors (button) folded before Flop (didn't bet)
Seat 3: Reinvest83 (small blind) folded on the Turn
Seat 4: Lorpugo (big blind) collected ($0.06)
Seat 5: dddenki folded on the Turn
Seat 6: maslak270 folded before Flop (didn't bet)



PokerStars Hand #239649348405:  Hold'em No Limit ($0.01/$0.02 USD) - 2022/11/04 15:24:42 ET
Table 'Aoluta III' 6-max Seat #3 is the button
Seat 2: NorganNoyors ($2.06 in chips) 
Seat 3: Reinvest83 ($4.39 in chips) 
Seat 4: Lorpugo ($1.77 in chips) 
Seat 5: dddenki ($2.29 in chips) 
Seat 6: maslak270 ($2.63 in chips) 
Lorpugo: posts small blind $0.01
dddenki: posts big blind $0.02
HECTOR1500: sits out 
*** HOLE CARDS ***
Dealt to Lorpugo [9c 9d]
maslak270: folds 
NorganNoyors: folds 
Reinvest83: folds 
Lorpugo: raises $0.04 to $0.06
dddenki: calls $0.04
*** FLOP *** [Th Jc 5c]
Lorpugo: checks 
dddenki: bets $0.06
Lorpugo: calls $0.06
*** TURN *** [Th Jc 5c] [2c]
Lorpugo: checks 
dddenki: bets $0.12
Lorpugo: calls $0.12
*** RIVER *** [Th Jc 5c 2c] [3d]
Lorpugo: checks 
dddenki: bets $2.05 and is all-in
Lorpugo: folds 
Uncalled bet ($2.05) returned to dddenki
dddenki collected $0.46 from pot
*** SUMMARY ***
Total pot $0.48 | Rake $0.02 
Board [Th Jc 5c 2c 3d]
Seat 2: NorganNoyors folded before Flop (didn't bet)
Seat 3: Reinvest83 (button) folded before Flop (didn't bet)
Seat 4: Lorpugo (small blind) folded on the River
Seat 5: dddenki (big blind) collected ($0.46)
Seat 6: maslak270 folded before Flop (didn't bet)



PokerStars Hand #239649365462:  Hold'em No Limit ($0.01/$0.02 USD) - 2022/11/04 15:25:28 ET
Table 'Aoluta III' 6-max Seat #4 is the button
Seat 2: NorganNoyors ($2.06 in chips) 
Seat 3: Reinvest83 ($4.39 in chips) 
Seat 4: Lorpugo ($1.53 in chips) 
Seat 5: dddenki ($2.51 in chips) 
Seat 6: maslak270 ($2.63 in chips) 
dddenki: posts small blind $0.01
maslak270: posts big blind $0.02
HECTOR1500: sits out 
*** HOLE CARDS ***
Dealt to Lorpugo [7s 4c]
NorganNoyors: folds 
Reinvest83: raises $0.04 to $0.06
Lorpugo: folds 
dddenki: raises $2.45 to $2.51 and is all-in
maslak270: folds 
Reinvest83: calls $2.45
*** FLOP *** [Tc Ts 5h]
*** TURN *** [Tc Ts 5h] [Th]
*** RIVER *** [Tc Ts 5h Th] [4h]
*** SHOW DOWN ***
dddenki: shows [Ad Kc] (three of a kind, Tens)
Reinvest83: shows [9s 9d] (a full house, Tens full of Nines)
Reinvest83 collected $4.86 from pot
*** SUMMARY ***
Total pot $5.04 | Rake $0.18 
Board [Tc Ts 5h Th 4h]
Seat 2: NorganNoyors folded before Flop (didn't bet)
Seat 3: Reinvest83 showed [9s 9d] and won ($4.86) with a full house, Tens full of Nines
Seat 4: Lorpugo (button) folded before Flop (didn't bet)
Seat 5: dddenki (small blind) showed [Ad Kc] and lost with three of a kind, Tens
Seat 6: maslak270 (big blind) folded before Flop



PokerStars Hand #239649376237:  Hold'em No Limit ($0.01/$0.02 USD) - 2022/11/04 15:25:57 ET
Table 'Aoluta III' 6-max Seat #6 is the button
Seat 2: NorganNoyors ($2.06 in chips) 
Seat 3: Reinvest83 ($6.74 in chips) 
Seat 4: Lorpugo ($1.53 in chips) 
Seat 6: maslak270 ($2.61 in chips) 
NorganNoyors: posts small blind $0.01
Reinvest83: posts big blind $0.02
*** HOLE CARDS ***
Dealt to Lorpugo [Js 3h]
Lorpugo has timed out
Lorpugo: folds 
maslak270: raises $0.02 to $0.04
NorganNoyors: folds 
Reinvest83: calls $0.02
*** FLOP *** [8h Ah 7d]
Reinvest83: checks 
maslak270: checks 
*** TURN *** [8h Ah 7d] [Ad]
Reinvest83: checks 
maslak270: checks 
*** RIVER *** [8h Ah 7d Ad] [2s]
Reinvest83: checks 
maslak270: checks 
*** SHOW DOWN ***
Reinvest83: shows [3s 5s] (a pair of Aces)
maslak270: shows [9s Qs] (a pair of Aces - Queen kicker)
maslak270 collected $0.09 from pot
*** SUMMARY ***
Total pot $0.09 | Rake $0 
Board [8h Ah 7d Ad 2s]
Seat 2: NorganNoyors (small blind) folded before Flop
Seat 3: Reinvest83 (big blind) showed [3s 5s] and lost with a pair of Aces
Seat 4: Lorpugo folded before Flop (didn't bet)
Seat 6: maslak270 (button) showed [9s Qs] and won ($0.09) with a pair of Aces



PokerStars Hand #239649392814:  Hold'em No Limit ($0.01/$0.02 USD) - 2022/11/04 15:26:41 ET
Table 'Aoluta III' 6-max Seat #2 is the button
Seat 2: NorganNoyors ($2.05 in chips) 
Seat 3: Reinvest83 ($6.70 in chips) 
Seat 4: Lorpugo ($1.53 in chips) 
Seat 5: dddenki ($2 in chips) 
Seat 6: maslak270 ($2.66 in chips) 
Reinvest83: posts small blind $0.01
Lorpugo: posts big blind $0.02
HECTOR1500: sits out 
*** HOLE CARDS ***
Dealt to Lorpugo [4s 7s]
dddenki: folds 
maslak270: folds 
NorganNoyors: folds 
Reinvest83: calls $0.01
Lorpugo: checks 
*** FLOP *** [As 5c 6c]
Reinvest83: bets $0.02
Lorpugo: raises $0.06 to $0.08
Reinvest83: folds 
Uncalled bet ($0.06) returned to Lorpugo
Lorpugo collected $0.08 from pot
Lorpugo: doesn't show hand 
*** SUMMARY ***
Total pot $0.08 | Rake $0 
Board [As 5c 6c]
Seat 2: NorganNoyors (button) folded before Flop (didn't bet)
Seat 3: Reinvest83 (small blind) folded on the Flop
Seat 4: Lorpugo (big blind) collected ($0.08)
Seat 5: dddenki folded before Flop (didn't bet)
Seat 6: maslak270 folded before Flop (didn't bet)



PokerStars Hand #239649403694:  Hold'em No Limit ($0.01/$0.02 USD) - 2022/11/04 15:27:11 ET
Table 'Aoluta III' 6-max Seat #3 is the button
Seat 2: NorganNoyors ($2.05 in chips) 
Seat 3: Reinvest83 ($6.66 in chips) 
Seat 4: Lorpugo ($1.57 in chips) 
Seat 5: dddenki ($2 in chips) 
Seat 6: maslak270 ($2.66 in chips) 
Lorpugo: posts small blind $0.01
dddenki: posts big blind $0.02
HECTOR1500: sits out 
*** HOLE CARDS ***
Dealt to Lorpugo [8d Qd]
maslak270: folds 
NorganNoyors: raises $0.04 to $0.06
Reinvest83: folds 
Lorpugo: folds 
dddenki: calls $0.04
*** FLOP *** [3c 5h Ad]
dddenki: bets $0.07
NorganNoyors: calls $0.07
*** TURN *** [3c 5h Ad] [3d]
dddenki: bets $0.26
NorganNoyors: folds 
Uncalled bet ($0.26) returned to dddenki
dddenki collected $0.26 from pot
*** SUMMARY ***
Total pot $0.27 | Rake $0.01 
Board [3c 5h Ad 3d]
Seat 2: NorganNoyors folded on the Turn
Seat 3: Reinvest83 (button) folded before Flop (didn't bet)
Seat 4: Lorpugo (small blind) folded before Flop
Seat 5: dddenki (big blind) collected ($0.26)
Seat 6: maslak270 folded before Flop (didn't bet)



PokerStars Hand #239649417126:  Hold'em No Limit ($0.01/$0.02 USD) - 2022/11/04 15:27:46 ET
Table 'Aoluta III' 6-max Seat #4 is the button
Seat 2: NorganNoyors ($2 in chips) 
Seat 3: Reinvest83 ($6.66 in chips) 
Seat 4: Lorpugo ($1.56 in chips) 
Seat 5: dddenki ($2.13 in chips) 
Seat 6: maslak270 ($2.66 in chips) 
dddenki: posts small blind $0.01
maslak270: posts big blind $0.02
HECTOR1500: sits out 
*** HOLE CARDS ***
Dealt to Lorpugo [6s 5s]
NorganNoyors: folds 
Reinvest83: folds 
Lorpugo: raises $0.04 to $0.06
dddenki: calls $0.05
maslak270: calls $0.04
*** FLOP *** [Qs 6d Ah]
dddenki: checks 
maslak270: checks 
Lorpugo: bets $0.06
dddenki: folds 
maslak270: calls $0.06
*** TURN *** [Qs 6d Ah] [Kc]
maslak270: checks 
Lorpugo: checks 
*** RIVER *** [Qs 6d Ah Kc] [Kd]
maslak270: checks 
Lorpugo: checks 
*** SHOW DOWN ***
maslak270: shows [As 2s] (two pair, Aces and Kings)
Lorpugo: mucks hand 
maslak270 collected $0.29 from pot
*** SUMMARY ***
Total pot $0.30 | Rake $0.01 
Board [Qs 6d Ah Kc Kd]
Seat 2: NorganNoyors folded before Flop (didn't bet)
Seat 3: Reinvest83 folded before Flop (didn't bet)
Seat 4: Lorpugo (button) mucked [6s 5s]
Seat 5: dddenki (small blind) folded on the Flop
Seat 6: maslak270 (big blind) showed [As 2s] and won ($0.29) with two pair, Aces and Kings



PokerStars Hand #239649432079:  Hold'em No Limit ($0.01/$0.02 USD) - 2022/11/04 15:28:27 ET
Table 'Aoluta III' 6-max Seat #5 is the button
Seat 1: HECTOR1500 ($2 in chips) 
Seat 2: NorganNoyors ($2 in chips) 
Seat 3: Reinvest83 ($6.66 in chips) 
Seat 4: Lorpugo ($1.44 in chips) 
Seat 5: dddenki ($2.07 in chips) 
Seat 6: maslak270 ($2.83 in chips) 
maslak270: posts small blind $0.01
HECTOR1500: posts big blind $0.02
*** HOLE CARDS ***
Dealt to Lorpugo [Jc Ts]
NorganNoyors: raises $0.04 to $0.06
Reinvest83: folds 
Lorpugo: folds 
dddenki: calls $0.06
maslak270: folds 
HECTOR1500: folds 
*** FLOP *** [Kd 3h Ac]
NorganNoyors: checks 
dddenki: bets $0.07
NorganNoyors: calls $0.07
*** TURN *** [Kd 3h Ac] [2c]
NorganNoyors: checks 
dddenki: bets $0.28
NorganNoyors: calls $0.28
*** RIVER *** [Kd 3h Ac 2c] [8s]
NorganNoyors: checks 
dddenki: bets $0.82
NorganNoyors: calls $0.82
*** SHOW DOWN ***
dddenki: shows [3d Kc] (two pair, Kings and Threes)
NorganNoyors: mucks hand 
dddenki collected $2.40 from pot
*** SUMMARY ***
Total pot $2.49 | Rake $0.09 
Board [Kd 3h Ac 2c 8s]
Seat 1: HECTOR1500 (big blind) folded before Flop
Seat 2: NorganNoyors mucked [Ks Jh]
Seat 3: Reinvest83 folded before Flop (didn't bet)
Seat 4: Lorpugo folded before Flop (didn't bet)
Seat 5: dddenki (button) showed [3d Kc] and won ($2.40) with two pair, Kings and Threes
Seat 6: maslak270 (small blind) folded before Flop



PokerStars Hand #239649451115:  Hold'em No Limit ($0.01/$0.02 USD) - 2022/11/04 15:29:18 ET
Table 'Aoluta III' 6-max Seat #6 is the button
Seat 1: HECTOR1500 ($2 in chips) 
Seat 2: NorganNoyors ($2 in chips) 
Seat 3: Reinvest83 ($6.66 in chips) 
Seat 4: Lorpugo ($1.44 in chips) 
Seat 5: dddenki ($3.24 in chips) 
Seat 6: maslak270 ($2.82 in chips) 
HECTOR1500: posts small blind $0.01
NorganNoyors: posts big blind $0.02
*** HOLE CARDS ***
Dealt to Lorpugo [5s 3h]
Reinvest83: raises $0.04 to $0.06
Lorpugo: folds 
dddenki: calls $0.06
maslak270: calls $0.06
HECTOR1500: folds 
NorganNoyors: calls $0.04
*** FLOP *** [Th Jd 9c]
NorganNoyors: checks 
Reinvest83: bets $0.12
dddenki: folds 
maslak270: folds 
NorganNoyors: calls $0.12
*** TURN *** [Th Jd 9c] [Tc]
NorganNoyors: checks 
Reinvest83: bets $0.24
NorganNoyors: raises $0.71 to $0.95
Reinvest83: calls $0.71
*** RIVER *** [Th Jd 9c Tc] [5d]
NorganNoyors: bets $0.87 and is all-in
Reinvest83: calls $0.87
*** SHOW DOWN ***
NorganNoyors: shows [Kc Qs] (a straight, Nine to King)
Reinvest83: shows [Qc Ts] (three of a kind, Tens)
NorganNoyors collected $3.99 from pot
*** SUMMARY ***
Total pot $4.13 | Rake $0.14 
Board [Th Jd 9c Tc 5d]
Seat 1: HECTOR1500 (small blind) folded before Flop
Seat 2: NorganNoyors (big blind) showed [Kc Qs] and won ($3.99) with a straight, Nine to King
Seat 3: Reinvest83 showed [Qc Ts] and lost with three of a kind, Tens
Seat 4: Lorpugo folded before Flop (didn't bet)
Seat 5: dddenki folded on the Flop
Seat 6: maslak270 (button) folded on the Flop



PokerStars Hand #239649469412:  Hold'em No Limit ($0.01/$0.02 USD) - 2022/11/04 15:30:07 ET
Table 'Aoluta III' 6-max Seat #1 is the button
Seat 1: HECTOR1500 ($2 in chips) 
Seat 2: NorganNoyors ($3.99 in chips) 
Seat 3: Reinvest83 ($4.66 in chips) 
Seat 4: Lorpugo ($1.44 in chips) 
Seat 5: dddenki ($3.18 in chips) 
Seat 6: maslak270 ($2.76 in chips) 
NorganNoyors: posts small blind $0.01
Reinvest83: posts big blind $0.02
*** HOLE CARDS ***
Dealt to Lorpugo [5d 7h]
Lorpugo: folds 
dddenki: calls $0.02
maslak270: raises $0.06 to $0.08
HECTOR1500: calls $0.08
NorganNoyors: folds 
Reinvest83: calls $0.06
dddenki: calls $0.06
*** FLOP *** [8d 8c Ks]
Reinvest83: checks 
dddenki: checks 
maslak270: checks 
HECTOR1500: checks 
*** TURN *** [8d 8c Ks] [5s]
Reinvest83: checks 
dddenki: checks 
maslak270: checks 
HECTOR1500: checks 
*** RIVER *** [8d 8c Ks 5s] [4d]
Reinvest83: checks 
dddenki: checks 
maslak270: bets $0.06
HECTOR1500: folds 
Reinvest83: folds 
dddenki: folds 
Uncalled bet ($0.06) returned to maslak270
maslak270 collected $0.32 from pot
maslak270: doesn't show hand 
*** SUMMARY ***
Total pot $0.33 | Rake $0.01 
Board [8d 8c Ks 5s 4d]
Seat 1: HECTOR1500 (button) folded on the River
Seat 2: NorganNoyors (small blind) folded before Flop
Seat 3: Reinvest83 (big blind) folded on the River
Seat 4: Lorpugo folded before Flop (didn't bet)
Seat 5: dddenki folded on the River
Seat 6: maslak270 collected ($0.32)



PokerStars Hand #239649491743:  Hold'em No Limit ($0.01/$0.02 USD) - 2022/11/04 15:31:06 ET
Table 'Aoluta III' 6-max Seat #2 is the button
Seat 1: HECTOR1500 ($2 in chips) 
Seat 2: NorganNoyors ($3.98 in chips) 
Seat 3: Reinvest83 ($4.58 in chips) 
Seat 4: Lorpugo ($1.44 in chips) 
Seat 5: dddenki ($3.10 in chips) 
Seat 6: maslak270 ($3 in chips) 
Reinvest83: posts small blind $0.01
Lorpugo: posts big blind $0.02
*** HOLE CARDS ***
Dealt to Lorpugo [8h 3d]
dddenki: calls $0.02
maslak270: folds 
HECTOR1500: folds 
NorganNoyors: folds 
Reinvest83: raises $0.04 to $0.06
Lorpugo: folds 
dddenki: calls $0.04
*** FLOP *** [Ah Td 4c]
Reinvest83: bets $0.08
dddenki: folds 
Uncalled bet ($0.08) returned to Reinvest83
Reinvest83 collected $0.14 from pot
Reinvest83: doesn't show hand 
*** SUMMARY ***
Total pot $0.14 | Rake $0 
Board [Ah Td 4c]
Seat 1: HECTOR1500 folded before Flop (didn't bet)
Seat 2: NorganNoyors (button) folded before Flop (didn't bet)
Seat 3: Reinvest83 (small blind) collected ($0.14)
Seat 4: Lorpugo (big blind) folded before Flop
Seat 5: dddenki folded on the Flop
Seat 6: maslak270 folded before Flop (didn't bet)



PokerStars Hand #239649497446:  Hold'em No Limit ($0.01/$0.02 USD) - 2022/11/04 15:31:22 ET
Table 'Aoluta III' 6-max Seat #3 is the button
Seat 1: HECTOR1500 ($2 in chips) 
Seat 2: NorganNoyors ($3.98 in chips) 
Seat 3: Reinvest83 ($4.66 in chips) 
Seat 4: Lorpugo ($1.42 in chips) 
Seat 5: dddenki ($3.04 in chips) 
Seat 6: maslak270 ($3 in chips) 
Lorpugo: posts small blind $0.01
dddenki: posts big blind $0.02
*** HOLE CARDS ***
Dealt to Lorpugo [Kh Ac]
maslak270: folds 
HECTOR1500: raises $0.04 to $0.06
NorganNoyors: folds 
Reinvest83: calls $0.06
Lorpugo: raises $0.20 to $0.26
dddenki: folds 
HECTOR1500: folds 
Reinvest83: calls $0.20
*** FLOP *** [7s 9c 7c]
Lorpugo: bets $1.16 and is all-in
Reinvest83: calls $1.16
*** TURN *** [7s 9c 7c] [8c]
*** RIVER *** [7s 9c 7c 8c] [2c]
*** SHOW DOWN ***
Lorpugo: shows [Kh Ac] (a flush, Ace high)
Reinvest83: shows [Qc Kc] (a flush, King high)
Lorpugo collected $2.82 from pot
*** SUMMARY ***
Total pot $2.92 | Rake $0.10 
Board [7s 9c 7c 8c 2c]
Seat 1: HECTOR1500 folded before Flop
Seat 2: NorganNoyors folded before Flop (didn't bet)
Seat 3: Reinvest83 (button) showed [Qc Kc] and lost with a flush, King high
Seat 4: Lorpugo (small blind) showed [Kh Ac] and won ($2.82) with a flush, Ace high
Seat 5: dddenki (big blind) folded before Flop
Seat 6: maslak270 folded before Flop (didn't bet)



PokerStars Hand #239649513785:  Hold'em No Limit ($0.01/$0.02 USD) - 2022/11/04 15:32:05 ET
Table 'Aoluta III' 6-max Seat #4 is the button
Seat 1: HECTOR1500 ($2 in chips) 
Seat 2: NorganNoyors ($3.98 in chips) 
Seat 3: Reinvest83 ($3.24 in chips) 
Seat 4: Lorpugo ($2.82 in chips) 
Seat 5: dddenki ($3.02 in chips) 
Seat 6: maslak270 ($3 in chips) 
dddenki: posts small blind $0.01
maslak270: posts big blind $0.02
*** HOLE CARDS ***
Dealt to Lorpugo [Jd 5h]
HECTOR1500: folds 
NorganNoyors: folds 
Reinvest83: folds 
Lorpugo: folds 
dddenki: calls $0.01
maslak270: checks 
*** FLOP *** [7h 7c Kd]
dddenki: checks 
maslak270: checks 
*** TURN *** [7h 7c Kd] [5s]
dddenki: checks 
maslak270: checks 
*** RIVER *** [7h 7c Kd 5s] [5d]
dddenki: bets $0.02
maslak270: calls $0.02
*** SHOW DOWN ***
dddenki: shows [2d Ac] (two pair, Sevens and Fives)
maslak270: shows [As 2h] (two pair, Sevens and Fives)
dddenki collected $0.04 from pot
maslak270 collected $0.04 from pot
*** SUMMARY ***
Total pot $0.08 | Rake $0 
Board [7h 7c Kd 5s 5d]
Seat 1: HECTOR1500 folded before Flop (didn't bet)
Seat 2: NorganNoyors folded before Flop (didn't bet)
Seat 3: Reinvest83 folded before Flop (didn't bet)
Seat 4: Lorpugo (button) folded before Flop (didn't bet)
Seat 5: dddenki (small blind) showed [2d Ac] and won ($0.04) with two pair, Sevens and Fives
Seat 6: maslak270 (big blind) showed [As 2h] and won ($0.04) with two pair, Sevens and Fives



PokerStars Hand #239649524213:  Hold'em No Limit ($0.01/$0.02 USD) - 2022/11/04 15:32:33 ET
Table 'Aoluta III' 6-max Seat #5 is the button
Seat 1: HECTOR1500 ($2 in chips) 
Seat 2: NorganNoyors ($3.98 in chips) 
Seat 3: Reinvest83 ($3.24 in chips) 
Seat 4: Lorpugo ($2.82 in chips) 
Seat 5: dddenki ($3.02 in chips) 
Seat 6: maslak270 ($3 in chips) 
maslak270: posts small blind $0.01
HECTOR1500: posts big blind $0.02
*** HOLE CARDS ***
Dealt to Lorpugo [9s Jc]
NorganNoyors: folds 
Reinvest83: folds 
Lorpugo: raises $0.04 to $0.06
dddenki: raises $0.15 to $0.21
maslak270: folds 
HECTOR1500: folds 
Lorpugo: folds 
Uncalled bet ($0.15) returned to dddenki
dddenki collected $0.15 from pot
*** SUMMARY ***
Total pot $0.15 | Rake $0 
Seat 1: HECTOR1500 (big blind) folded before Flop
Seat 2: NorganNoyors folded before Flop (didn't bet)
Seat 3: Reinvest83 folded before Flop (didn't bet)
Seat 4: Lorpugo folded before Flop
Seat 5: dddenki (button) collected ($0.15)
Seat 6: maslak270 (small blind) folded before Flop



PokerStars Hand #239649533201:  Hold'em No Limit ($0.01/$0.02 USD) - 2022/11/04 15:32:57 ET
Table 'Aoluta III' 6-max Seat #6 is the button
Seat 1: HECTOR1500 ($2 in chips) 
Seat 2: NorganNoyors ($3.98 in chips) 
Seat 3: Reinvest83 ($3.24 in chips) 
Seat 4: Lorpugo ($2.76 in chips) 
Seat 5: dddenki ($3.11 in chips) 
Seat 6: maslak270 ($2.99 in chips) 
HECTOR1500: posts small blind $0.01
NorganNoyors: posts big blind $0.02
*** HOLE CARDS ***
Dealt to Lorpugo [2d Ah]
Reinvest83: raises $0.04 to $0.06
Lorpugo: folds 
dddenki: folds 
maslak270: folds 
HECTOR1500: folds 
NorganNoyors: calls $0.04
*** FLOP *** [Qc Jh Tc]
NorganNoyors: checks 
Reinvest83: checks 
*** TURN *** [Qc Jh Tc] [4d]
NorganNoyors: bets $0.04
Reinvest83: folds 
Uncalled bet ($0.04) returned to NorganNoyors
NorganNoyors collected $0.13 from pot
NorganNoyors: doesn't show hand 
*** SUMMARY ***
Total pot $0.13 | Rake $0 
Board [Qc Jh Tc 4d]
Seat 1: HECTOR1500 (small blind) folded before Flop
Seat 2: NorganNoyors (big blind) collected ($0.13)
Seat 3: Reinvest83 folded on the Turn
Seat 4: Lorpugo folded before Flop (didn't bet)
Seat 5: dddenki folded before Flop (didn't bet)
Seat 6: maslak270 (button) folded before Flop (didn't bet)



PokerStars Hand #239649544010:  Hold'em No Limit ($0.01/$0.02 USD) - 2022/11/04 15:33:26 ET
Table 'Aoluta III' 6-max Seat #1 is the button
Seat 1: HECTOR1500 ($2 in chips) 
Seat 2: NorganNoyors ($4.05 in chips) 
Seat 3: Reinvest83 ($3.18 in chips) 
Seat 4: Lorpugo ($2.76 in chips) 
Seat 5: dddenki ($3.11 in chips) 
Seat 6: maslak270 ($2.99 in chips) 
NorganNoyors: posts small blind $0.01
Reinvest83: posts big blind $0.02
*** HOLE CARDS ***
Dealt to Lorpugo [Ad 5h]
Lorpugo: folds 
dddenki: calls $0.02
maslak270: folds 
HECTOR1500: folds 
NorganNoyors: folds 
Reinvest83: checks 
*** FLOP *** [Qh 3s 9h]
Reinvest83: checks 
dddenki: checks 
*** TURN *** [Qh 3s 9h] [3h]
Reinvest83: bets $0.03
dddenki: calls $0.03
*** RIVER *** [Qh 3s 9h 3h] [Ac]
Reinvest83: bets $0.06
dddenki: folds 
Uncalled bet ($0.06) returned to Reinvest83
Reinvest83 collected $0.11 from pot
Reinvest83: doesn't show hand 
*** SUMMARY ***
Total pot $0.11 | Rake $0 
Board [Qh 3s 9h 3h Ac]
Seat 1: HECTOR1500 (button) folded before Flop (didn't bet)
Seat 2: NorganNoyors (small blind) folded before Flop
Seat 3: Reinvest83 (big blind) collected ($0.11)
Seat 4: Lorpugo folded before Flop (didn't bet)
Seat 5: dddenki folded on the River
Seat 6: maslak270 folded before Flop (didn't bet)



PokerStars Hand #239649554289:  Hold'em No Limit ($0.01/$0.02 USD) - 2022/11/04 15:33:53 ET
Table 'Aoluta III' 6-max Seat #2 is the button
Seat 1: HECTOR1500 ($2 in chips) 
Seat 2: NorganNoyors ($4.04 in chips) 
Seat 3: Reinvest83 ($3.24 in chips) 
Seat 4: Lorpugo ($2.76 in chips) 
Seat 5: dddenki ($3.06 in chips) 
Seat 6: maslak270 ($2.99 in chips) 
Reinvest83: posts small blind $0.01
Lorpugo: posts big blind $0.02
*** HOLE CARDS ***
Dealt to Lorpugo [2c 3c]
dddenki: raises $0.05 to $0.07
maslak270: folds 
HECTOR1500: folds 
NorganNoyors: folds 
Reinvest83: folds 
Lorpugo: folds 
Uncalled bet ($0.05) returned to dddenki
dddenki collected $0.05 from pot
*** SUMMARY ***
Total pot $0.05 | Rake $0 
Seat 1: HECTOR1500 folded before Flop (didn't bet)
Seat 2: NorganNoyors (button) folded before Flop (didn't bet)
Seat 3: Reinvest83 (small blind) folded before Flop
Seat 4: Lorpugo (big blind) folded before Flop
Seat 5: dddenki collected ($0.05)
Seat 6: maslak270 folded before Flop (didn't bet)



PokerStars Hand #239649559594:  Hold'em No Limit ($0.01/$0.02 USD) - 2022/11/04 15:34:07 ET
Table 'Aoluta III' 6-max Seat #3 is the button
Seat 1: HECTOR1500 ($2 in chips) 
Seat 2: NorganNoyors ($4.04 in chips) 
Seat 3: Reinvest83 ($3.23 in chips) 
Seat 4: Lorpugo ($2.74 in chips) 
Seat 5: dddenki ($3.09 in chips) 
Seat 6: maslak270 ($2.99 in chips) 
Lorpugo: posts small blind $0.01
dddenki: posts big blind $0.02
*** HOLE CARDS ***
Dealt to Lorpugo [As Js]
maslak270: folds 
HECTOR1500: folds 
NorganNoyors: raises $0.03 to $0.05
Reinvest83: folds 
Lorpugo: calls $0.04
dddenki: folds 
*** FLOP *** [4s Tc Kc]
Lorpugo: checks 
NorganNoyors: checks 
*** TURN *** [4s Tc Kc] [9s]
Lorpugo: bets $0.08
NorganNoyors: folds 
Uncalled bet ($0.08) returned to Lorpugo
Lorpugo collected $0.12 from pot
Lorpugo: doesn't show hand 
*** SUMMARY ***
Total pot $0.12 | Rake $0 
Board [4s Tc Kc 9s]
Seat 1: HECTOR1500 folded before Flop (didn't bet)
Seat 2: NorganNoyors folded on the Turn
Seat 3: Reinvest83 (button) folded before Flop (didn't bet)
Seat 4: Lorpugo (small blind) collected ($0.12)
Seat 5: dddenki (big blind) folded before Flop
Seat 6: maslak270 folded before Flop (didn't bet)



PokerStars Hand #239649569256:  Hold'em No Limit ($0.01/$0.02 USD) - 2022/11/04 15:34:33 ET
Table 'Aoluta III' 6-max Seat #4 is the button
Seat 1: HECTOR1500 ($2 in chips) 
Seat 2: NorganNoyors ($3.99 in chips) 
Seat 3: Reinvest83 ($3.23 in chips) 
Seat 4: Lorpugo ($2.81 in chips) 
Seat 5: dddenki ($3.07 in chips) 
Seat 6: maslak270 ($2.99 in chips) 
dddenki: posts small blind $0.01
maslak270: posts big blind $0.02
*** HOLE CARDS ***
Dealt to Lorpugo [6c Ah]
HECTOR1500: folds 
NorganNoyors: folds 
Reinvest83: raises $0.04 to $0.06
Lorpugo: calls $0.06
dddenki: folds 
maslak270: calls $0.04
*** FLOP *** [8d 6d 4h]
maslak270: checks 
Reinvest83: bets $0.08
Lorpugo: calls $0.08
maslak270: folds 
*** TURN *** [8d 6d 4h] [5h]
Reinvest83: bets $0.10
Lorpugo: calls $0.10
*** RIVER *** [8d 6d 4h 5h] [Ac]
Reinvest83: bets $0.12
Lorpugo: calls $0.12
*** SHOW DOWN ***
Reinvest83: shows [Jc Jh] (a pair of Jacks)
Lorpugo: shows [6c Ah] (two pair, Aces and Sixes)
Lorpugo collected $0.76 from pot
*** SUMMARY ***
Total pot $0.79 | Rake $0.03 
Board [8d 6d 4h 5h Ac]
Seat 1: HECTOR1500 folded before Flop (didn't bet)
Seat 2: NorganNoyors folded before Flop (didn't bet)
Seat 3: Reinvest83 showed [Jc Jh] and lost with a pair of Jacks
Seat 4: Lorpugo (button) showed [6c Ah] and won ($0.76) with two pair, Aces and Sixes
Seat 5: dddenki (small blind) folded before Flop
Seat 6: maslak270 (big blind) folded on the Flop



PokerStars Hand #239649586325:  Hold'em No Limit ($0.01/$0.02 USD) - 2022/11/04 15:35:18 ET
Table 'Aoluta III' 6-max Seat #5 is the button
Seat 1: HECTOR1500 ($2 in chips) 
Seat 2: NorganNoyors ($3.99 in chips) 
Seat 3: Reinvest83 ($2.87 in chips) 
Seat 4: Lorpugo ($3.21 in chips) 
Seat 5: dddenki ($3.06 in chips) 
Seat 6: maslak270 ($2.93 in chips) 
maslak270: posts small blind $0.01
HECTOR1500: posts big blind $0.02
*** HOLE CARDS ***
Dealt to Lorpugo [8h Qc]
NorganNoyors: folds 
Reinvest83: raises $0.04 to $0.06
Lorpugo: folds 
dddenki has timed out
dddenki: folds 
maslak270: folds 
HECTOR1500: folds 
Uncalled bet ($0.04) returned to Reinvest83
Reinvest83 collected $0.05 from pot
Reinvest83: doesn't show hand 
*** SUMMARY ***
Total pot $0.05 | Rake $0 
Seat 1: HECTOR1500 (big blind) folded before Flop
Seat 2: NorganNoyors folded before Flop (didn't bet)
Seat 3: Reinvest83 collected ($0.05)
Seat 4: Lorpugo folded before Flop (didn't bet)
Seat 5: dddenki (button) folded before Flop (didn't bet)
Seat 6: maslak270 (small blind) folded before Flop



PokerStars Hand #239649598069:  Hold'em No Limit ($0.01/$0.02 USD) - 2022/11/04 15:35:49 ET
Table 'Aoluta III' 6-max Seat #6 is the button
Seat 1: HECTOR1500 ($2 in chips) 
Seat 2: NorganNoyors ($3.99 in chips) 
Seat 3: Reinvest83 ($2.90 in chips) 
Seat 4: Lorpugo ($3.21 in chips) 
Seat 5: dddenki ($3.06 in chips) 
Seat 6: maslak270 ($2.92 in chips) 
HECTOR1500: posts small blind $0.01
NorganNoyors: posts big blind $0.02
*** HOLE CARDS ***
Dealt to Lorpugo [2c 9s]
Reinvest83: raises $0.04 to $0.06
Lorpugo: folds 
dddenki: folds 
maslak270: folds 
HECTOR1500: folds 
NorganNoyors: folds 
Uncalled bet ($0.04) returned to Reinvest83
Reinvest83 collected $0.05 from pot
Reinvest83: doesn't show hand 
*** SUMMARY ***
Total pot $0.05 | Rake $0 
Seat 1: HECTOR1500 (small blind) folded before Flop
Seat 2: NorganNoyors (big blind) folded before Flop
Seat 3: Reinvest83 collected ($0.05)
Seat 4: Lorpugo folded before Flop (didn't bet)
Seat 5: dddenki folded before Flop (didn't bet)
Seat 6: maslak270 (button) folded before Flop (didn't bet)



PokerStars Hand #239649604132:  Hold'em No Limit ($0.01/$0.02 USD) - 2022/11/04 15:36:05 ET
Table 'Aoluta III' 6-max Seat #1 is the button
Seat 1: HECTOR1500 ($2 in chips) 
Seat 2: NorganNoyors ($3.97 in chips) 
Seat 3: Reinvest83 ($2.93 in chips) 
Seat 4: Lorpugo ($3.21 in chips) 
Seat 5: dddenki ($3.06 in chips) 
Seat 6: maslak270 ($2.92 in chips) 
NorganNoyors: posts small blind $0.01
Reinvest83: posts big blind $0.02
*** HOLE CARDS ***
Dealt to Lorpugo [Kh 5d]
Lorpugo: folds 
dddenki: folds 
maslak270: raises $0.04 to $0.06
HECTOR1500: folds 
NorganNoyors: folds 
Reinvest83: folds 
Uncalled bet ($0.04) returned to maslak270
maslak270 collected $0.05 from pot
maslak270: doesn't show hand 
*** SUMMARY ***
Total pot $0.05 | Rake $0 
Seat 1: HECTOR1500 (button) folded before Flop (didn't bet)
Seat 2: NorganNoyors (small blind) folded before Flop
Seat 3: Reinvest83 (big blind) folded before Flop
Seat 4: Lorpugo folded before Flop (didn't bet)
Seat 5: dddenki folded before Flop (didn't bet)
Seat 6: maslak270 collected ($0.05)



PokerStars Hand #239649610546:  Hold'em No Limit ($0.01/$0.02 USD) - 2022/11/04 15:36:22 ET
Table 'Aoluta III' 6-max Seat #2 is the button
Seat 1: HECTOR1500 ($2 in chips) 
Seat 2: NorganNoyors ($3.96 in chips) 
Seat 3: Reinvest83 ($2.91 in chips) 
Seat 4: Lorpugo ($3.21 in chips) 
Seat 5: dddenki ($3.06 in chips) 
Seat 6: maslak270 ($2.95 in chips) 
Reinvest83: posts small blind $0.01
Lorpugo: posts big blind $0.02
*** HOLE CARDS ***
Dealt to Lorpugo [5h Ts]
dddenki: folds 
maslak270: folds 
HECTOR1500: folds 
NorganNoyors: folds 
Reinvest83: raises $0.04 to $0.06
Lorpugo: folds 
Uncalled bet ($0.04) returned to Reinvest83
Reinvest83 collected $0.04 from pot
Reinvest83: doesn't show hand 
*** SUMMARY ***
Total pot $0.04 | Rake $0 
Seat 1: HECTOR1500 folded before Flop (didn't bet)
Seat 2: NorganNoyors (button) folded before Flop (didn't bet)
Seat 3: Reinvest83 (small blind) collected ($0.04)
Seat 4: Lorpugo (big blind) folded before Flop
Seat 5: dddenki folded before Flop (didn't bet)
Seat 6: maslak270 folded before Flop (didn't bet)



PokerStars Hand #239649615920:  Hold'em No Limit ($0.01/$0.02 USD) - 2022/11/04 15:36:36 ET
Table 'Aoluta III' 6-max Seat #3 is the button
Seat 1: HECTOR1500 ($2 in chips) 
Seat 2: NorganNoyors ($3.96 in chips) 
Seat 3: Reinvest83 ($2.93 in chips) 
Seat 4: Lorpugo ($3.19 in chips) 
Seat 5: dddenki ($3.06 in chips) 
Seat 6: maslak270 ($2.95 in chips) 
Lorpugo: posts small blind $0.01
dddenki: posts big blind $0.02
*** HOLE CARDS ***
Dealt to Lorpugo [4s Kd]
maslak270: folds 
HECTOR1500: raises $0.04 to $0.06
NorganNoyors: folds 
Reinvest83: folds 
Lorpugo: folds 
dddenki: calls $0.04
*** FLOP *** [Js 7s Ah]
dddenki: bets $0.02
HECTOR1500: raises $0.06 to $0.08
dddenki: calls $0.06
*** TURN *** [Js 7s Ah] [Ad]
dddenki: checks 
HECTOR1500: checks 
*** RIVER *** [Js 7s Ah Ad] [Tc]
dddenki: checks 
HECTOR1500: bets $0.14
dddenki: calls $0.14
*** SHOW DOWN ***
HECTOR1500: shows [Kh Kc] (two pair, Aces and Kings)
dddenki: mucks hand 
HECTOR1500 collected $0.55 from pot
*** SUMMARY ***
Total pot $0.57 | Rake $0.02 
Board [Js 7s Ah Ad Tc]
Seat 1: HECTOR1500 showed [Kh Kc] and won ($0.55) with two pair, Aces and Kings
Seat 2: NorganNoyors folded before Flop (didn't bet)
Seat 3: Reinvest83 (button) folded before Flop (didn't bet)
Seat 4: Lorpugo (small blind) folded before Flop
Seat 5: dddenki (big blind) mucked [7d Qc]
Seat 6: maslak270 folded before Flop (didn't bet)



PokerStars Hand #239649633810:  Hold'em No Limit ($0.01/$0.02 USD) - 2022/11/04 15:37:24 ET
Table 'Aoluta III' 6-max Seat #4 is the button
Seat 1: HECTOR1500 ($2.27 in chips) 
Seat 2: NorganNoyors ($3.96 in chips) 
Seat 3: Reinvest83 ($2.93 in chips) 
Seat 4: Lorpugo ($3.18 in chips) 
Seat 5: dddenki ($2.78 in chips) 
Seat 6: maslak270 ($2.95 in chips) 
dddenki: posts small blind $0.01
maslak270: posts big blind $0.02
*** HOLE CARDS ***
Dealt to Lorpugo [2d Qd]
HECTOR1500: folds 
NorganNoyors: folds 
Reinvest83: folds 
Lorpugo: raises $0.04 to $0.06
dddenki: calls $0.05
maslak270: folds 
*** FLOP *** [8c 9d 7h]
dddenki: checks 
Lorpugo: bets $0.05
dddenki: calls $0.05
*** TURN *** [8c 9d 7h] [6c]
dddenki: bets $0.23
Lorpugo: folds 
Uncalled bet ($0.23) returned to dddenki
dddenki collected $0.23 from pot
*** SUMMARY ***
Total pot $0.24 | Rake $0.01 
Board [8c 9d 7h 6c]
Seat 1: HECTOR1500 folded before Flop (didn't bet)
Seat 2: NorganNoyors folded before Flop (didn't bet)
Seat 3: Reinvest83 folded before Flop (didn't bet)
Seat 4: Lorpugo (button) folded on the Turn
Seat 5: dddenki (small blind) collected ($0.23)
Seat 6: maslak270 (big blind) folded before Flop



PokerStars Hand #239649646780:  Hold'em No Limit ($0.01/$0.02 USD) - 2022/11/04 15:37:58 ET
Table 'Aoluta III' 6-max Seat #5 is the button
Seat 1: HECTOR1500 ($2.27 in chips) 
Seat 2: NorganNoyors ($3.96 in chips) 
Seat 3: Reinvest83 ($2.93 in chips) 
Seat 4: Lorpugo ($3.07 in chips) 
Seat 5: dddenki ($2.90 in chips) 
Seat 6: maslak270 ($2.93 in chips) 
maslak270: posts small blind $0.01
HECTOR1500: posts big blind $0.02
*** HOLE CARDS ***
Dealt to Lorpugo [Jh Td]
NorganNoyors: folds 
Reinvest83: folds 
Lorpugo: raises $0.04 to $0.06
dddenki: calls $0.06
maslak270: folds 
HECTOR1500: raises $0.24 to $0.30
Lorpugo: folds 
dddenki: calls $0.24
*** FLOP *** [Ah 6s 8c]
HECTOR1500: bets $0.18
dddenki: folds 
Uncalled bet ($0.18) returned to HECTOR1500
HECTOR1500 collected $0.65 from pot
HECTOR1500: doesn't show hand 
*** SUMMARY ***
Total pot $0.67 | Rake $0.02 
Board [Ah 6s 8c]
Seat 1: HECTOR1500 (big blind) collected ($0.65)
Seat 2: NorganNoyors folded before Flop (didn't bet)
Seat 3: Reinvest83 folded before Flop (didn't bet)
Seat 4: Lorpugo folded before Flop
Seat 5: dddenki (button) folded on the Flop
Seat 6: maslak270 (small blind) folded before Flop



PokerStars Hand #239649666087:  Hold'em No Limit ($0.01/$0.02 USD) - 2022/11/04 15:38:50 ET
Table 'Aoluta III' 6-max Seat #6 is the button
Seat 1: HECTOR1500 ($2.62 in chips) 
Seat 2: NorganNoyors ($3.96 in chips) 
Seat 3: Reinvest83 ($2.93 in chips) 
Seat 4: Lorpugo ($3.01 in chips) 
Seat 5: dddenki ($2.60 in chips) 
Seat 6: maslak270 ($2.92 in chips) 
HECTOR1500: posts small blind $0.01
NorganNoyors: posts big blind $0.02
*** HOLE CARDS ***
Dealt to Lorpugo [2s 2h]
Reinvest83: folds 
Lorpugo: raises $0.04 to $0.06
dddenki: folds 
maslak270: folds 
HECTOR1500: folds 
NorganNoyors: folds 
Uncalled bet ($0.04) returned to Lorpugo
Lorpugo collected $0.05 from pot
Lorpugo: doesn't show hand 
*** SUMMARY ***
Total pot $0.05 | Rake $0 
Seat 1: HECTOR1500 (small blind) folded before Flop
Seat 2: NorganNoyors (big blind) folded before Flop
Seat 3: Reinvest83 folded before Flop (didn't bet)
Seat 4: Lorpugo collected ($0.05)
Seat 5: dddenki folded before Flop (didn't bet)
Seat 6: maslak270 (button) folded before Flop (didn't bet)



PokerStars Hand #239649670377:  Hold'em No Limit ($0.01/$0.02 USD) - 2022/11/04 15:39:01 ET
Table 'Aoluta III' 6-max Seat #1 is the button
Seat 1: HECTOR1500 ($2.61 in chips) 
Seat 2: NorganNoyors ($3.94 in chips) 
Seat 3: Reinvest83 ($2.93 in chips) 
Seat 4: Lorpugo ($3.04 in chips) 
Seat 5: dddenki ($2.60 in chips) 
Seat 6: maslak270 ($2.92 in chips) 
NorganNoyors: posts small blind $0.01
Reinvest83: posts big blind $0.02
*** HOLE CARDS ***
Dealt to Lorpugo [4h 7d]
Lorpugo: folds 
dddenki: calls $0.02
maslak270: folds 
HECTOR1500: folds 
NorganNoyors: folds 
Reinvest83: raises $0.04 to $0.06
dddenki: calls $0.04
*** FLOP *** [8s 9c Kh]
NorganNoyors leaves the table
Reinvest83: bets $0.07
dddenki: calls $0.07
*** TURN *** [8s 9c Kh] [Ks]
Reinvest83: checks 
dddenki: checks 
*** RIVER *** [8s 9c Kh Ks] [8c]
Reinvest83: checks 
dddenki: checks 
*** SHOW DOWN ***
Reinvest83: shows [Jd As] (two pair, Kings and Eights)
dddenki: shows [9s Th] (two pair, Kings and Nines)
dddenki collected $0.26 from pot
*** SUMMARY ***
Total pot $0.27 | Rake $0.01 
Board [8s 9c Kh Ks 8c]
Seat 1: HECTOR1500 (button) folded before Flop (didn't bet)
Seat 2: NorganNoyors (small blind) folded before Flop
Seat 3: Reinvest83 (big blind) showed [Jd As] and lost with two pair, Kings and Eights
Seat 4: Lorpugo folded before Flop (didn't bet)
Seat 5: dddenki showed [9s Th] and won ($0.26) with two pair, Kings and Nines
Seat 6: maslak270 folded before Flop (didn't bet)



PokerStars Hand #239649680193:  Hold'em No Limit ($0.01/$0.02 USD) - 2022/11/04 15:39:27 ET
Table 'Aoluta III' 6-max Seat #3 is the button
Seat 1: HECTOR1500 ($2.61 in chips) 
Seat 3: Reinvest83 ($2.80 in chips) 
Seat 4: Lorpugo ($3.04 in chips) 
Seat 5: dddenki ($2.73 in chips) 
Seat 6: maslak270 ($2.92 in chips) 
Lorpugo: posts small blind $0.01
dddenki: posts big blind $0.02
*** HOLE CARDS ***
Dealt to Lorpugo [3h Ad]
maslak270: folds 
HECTOR1500: raises $0.04 to $0.06
Reinvest83: folds 
Lorpugo: folds 
dddenki: calls $0.04
*** FLOP *** [8h As 8s]
dddenki: checks 
HECTOR1500: bets $0.04
dddenki: folds 
Uncalled bet ($0.04) returned to HECTOR1500
HECTOR1500 collected $0.13 from pot
HECTOR1500: doesn't show hand 
*** SUMMARY ***
Total pot $0.13 | Rake $0 
Board [8h As 8s]
Seat 1: HECTOR1500 collected ($0.13)
Seat 3: Reinvest83 (button) folded before Flop (didn't bet)
Seat 4: Lorpugo (small blind) folded before Flop
Seat 5: dddenki (big blind) folded on the Flop
Seat 6: maslak270 folded before Flop (didn't bet)



PokerStars Hand #239649688898:  Hold'em No Limit ($0.01/$0.02 USD) - 2022/11/04 15:39:50 ET
Table 'Aoluta III' 6-max Seat #4 is the button
Seat 1: HECTOR1500 ($2.68 in chips) 
Seat 3: Reinvest83 ($2.80 in chips) 
Seat 4: Lorpugo ($3.03 in chips) 
Seat 5: dddenki ($2.67 in chips) 
Seat 6: maslak270 ($2.92 in chips) 
dddenki: posts small blind $0.01
maslak270: posts big blind $0.02
*** HOLE CARDS ***
Dealt to Lorpugo [6h 5h]
HECTOR1500: folds 
elaczino95 joins the table at seat #2 
Reinvest83: raises $0.04 to $0.06
Lorpugo: calls $0.06
dddenki: calls $0.05
maslak270: folds 
*** FLOP *** [9c Qh 9s]
dddenki: bets $0.10
Reinvest83: folds 
Lorpugo: folds 
Uncalled bet ($0.10) returned to dddenki
dddenki collected $0.19 from pot
*** SUMMARY ***
Total pot $0.20 | Rake $0.01 
Board [9c Qh 9s]
Seat 1: HECTOR1500 folded before Flop (didn't bet)
Seat 3: Reinvest83 folded on the Flop
Seat 4: Lorpugo (button) folded on the Flop
Seat 5: dddenki (small blind) collected ($0.19)
Seat 6: maslak270 (big blind) folded before Flop



PokerStars Hand #239649698164:  Hold'em No Limit ($0.01/$0.02 USD) - 2022/11/04 15:40:14 ET
Table 'Aoluta III' 6-max Seat #5 is the button
Seat 1: HECTOR1500 ($2.68 in chips) 
Seat 3: Reinvest83 ($2.74 in chips) 
Seat 4: Lorpugo ($2.97 in chips) 
Seat 5: dddenki ($2.80 in chips) 
Seat 6: maslak270 ($2.90 in chips) 
maslak270: posts small blind $0.01
HECTOR1500: posts big blind $0.02
elaczino95: sits out 
*** HOLE CARDS ***
Dealt to Lorpugo [4c Ad]
Reinvest83: folds 
Lorpugo: raises $0.04 to $0.06
dddenki: folds 
maslak270: calls $0.05
HECTOR1500: calls $0.04
*** FLOP *** [9h 5h 7h]
maslak270: checks 
HECTOR1500: checks 
Lorpugo: checks 
*** TURN *** [9h 5h 7h] [8d]
maslak270: checks 
HECTOR1500: checks 
Lorpugo: checks 
*** RIVER *** [9h 5h 7h 8d] [2s]
maslak270: checks 
HECTOR1500: checks 
Lorpugo: checks 
*** SHOW DOWN ***
maslak270: shows [6c 6s] (a straight, Five to Nine)
HECTOR1500: mucks hand 
Lorpugo: mucks hand 
maslak270 collected $0.17 from pot
*** SUMMARY ***
Total pot $0.18 | Rake $0.01 
Board [9h 5h 7h 8d 2s]
Seat 1: HECTOR1500 (big blind) mucked [3d 3h]
Seat 3: Reinvest83 folded before Flop (didn't bet)
Seat 4: Lorpugo mucked [4c Ad]
Seat 5: dddenki (button) folded before Flop (didn't bet)
Seat 6: maslak270 (small blind) showed [6c 6s] and won ($0.17) with a straight, Five to Nine



PokerStars Hand #239649715930:  Hold'em No Limit ($0.01/$0.02 USD) - 2022/11/04 15:41:02 ET
Table 'Aoluta III' 6-max Seat #6 is the button
Seat 1: HECTOR1500 ($2.62 in chips) 
Seat 2: elaczino95 ($2 in chips) 
Seat 3: Reinvest83 ($2.74 in chips) 
Seat 4: Lorpugo ($2.91 in chips) 
Seat 5: dddenki ($2.80 in chips) 
Seat 6: maslak270 ($3.01 in chips) 
HECTOR1500: posts small blind $0.01
elaczino95: posts big blind $0.02
*** HOLE CARDS ***
Dealt to Lorpugo [Jh 6d]
Reinvest83: folds 
Lorpugo: folds 
dddenki: raises $0.02 to $0.04
maslak270: folds 
HECTOR1500: folds 
elaczino95: folds 
Uncalled bet ($0.02) returned to dddenki
dddenki collected $0.05 from pot
*** SUMMARY ***
Total pot $0.05 | Rake $0 
Seat 1: HECTOR1500 (small blind) folded before Flop
Seat 2: elaczino95 (big blind) folded before Flop
Seat 3: Reinvest83 folded before Flop (didn't bet)
Seat 4: Lorpugo folded before Flop (didn't bet)
Seat 5: dddenki collected ($0.05)
Seat 6: maslak270 (button) folded before Flop (didn't bet)



PokerStars Hand #239649722873:  Hold'em No Limit ($0.01/$0.02 USD) - 2022/11/04 15:41:20 ET
Table 'Aoluta III' 6-max Seat #1 is the button
Seat 1: HECTOR1500 ($2.61 in chips) 
Seat 2: elaczino95 ($2 in chips) 
Seat 3: Reinvest83 ($2.74 in chips) 
Seat 4: Lorpugo ($2.91 in chips) 
Seat 5: dddenki ($2.83 in chips) 
Seat 6: maslak270 ($3.01 in chips) 
elaczino95: posts small blind $0.01
Reinvest83: posts big blind $0.02
*** HOLE CARDS ***
Dealt to Lorpugo [4h 8h]
Lorpugo: folds 
dddenki: calls $0.02
maslak270: folds 
HECTOR1500: folds 
elaczino95: folds 
Reinvest83: checks 
*** FLOP *** [Td 6h 8c]
Reinvest83: checks 
dddenki: checks 
*** TURN *** [Td 6h 8c] [6d]
Reinvest83: checks 
dddenki: checks 
*** RIVER *** [Td 6h 8c 6d] [3d]
Reinvest83: checks 
dddenki: checks 
*** SHOW DOWN ***
Reinvest83: shows [5d Jh] (a pair of Sixes)
dddenki: mucks hand 
Reinvest83 collected $0.05 from pot
*** SUMMARY ***
Total pot $0.05 | Rake $0 
Board [Td 6h 8c 6d 3d]
Seat 1: HECTOR1500 (button) folded before Flop (didn't bet)
Seat 2: elaczino95 (small blind) folded before Flop
Seat 3: Reinvest83 (big blind) showed [5d Jh] and won ($0.05) with a pair of Sixes
Seat 4: Lorpugo folded before Flop (didn't bet)
Seat 5: dddenki mucked [9c 5c]
Seat 6: maslak270 folded before Flop (didn't bet)



PokerStars Hand #239649735209:  Hold'em No Limit ($0.01/$0.02 USD) - 2022/11/04 15:41:52 ET
Table 'Aoluta III' 6-max Seat #2 is the button
Seat 1: HECTOR1500 ($2.61 in chips) 
Seat 2: elaczino95 ($2 in chips) 
Seat 3: Reinvest83 ($2.77 in chips) 
Seat 4: Lorpugo ($2.91 in chips) 
Seat 5: dddenki ($2.81 in chips) 
Seat 6: maslak270 ($3.01 in chips) 
Reinvest83: posts small blind $0.01
Lorpugo: posts big blind $0.02
*** HOLE CARDS ***
Dealt to Lorpugo [6d 7s]
dddenki: calls $0.02
maslak270: folds 
HECTOR1500: folds 
elaczino95: raises $0.04 to $0.06
Reinvest83: raises $0.18 to $0.24
Lorpugo: folds 
dddenki: folds 
elaczino95: folds 
Uncalled bet ($0.18) returned to Reinvest83
Reinvest83 collected $0.16 from pot
Reinvest83: doesn't show hand 
*** SUMMARY ***
Total pot $0.16 | Rake $0 
Seat 1: HECTOR1500 folded before Flop (didn't bet)
Seat 2: elaczino95 (button) folded before Flop
Seat 3: Reinvest83 (small blind) collected ($0.16)
Seat 4: Lorpugo (big blind) folded before Flop
Seat 5: dddenki folded before Flop
Seat 6: maslak270 folded before Flop (didn't bet)



PokerStars Hand #239649747560:  Hold'em No Limit ($0.01/$0.02 USD) - 2022/11/04 15:42:25 ET
Table 'Aoluta III' 6-max Seat #3 is the button
Seat 1: HECTOR1500 ($2.61 in chips) 
Seat 2: elaczino95 ($2 in chips) 
Seat 3: Reinvest83 ($2.87 in chips) 
Seat 4: Lorpugo ($2.89 in chips) 
Seat 5: dddenki ($2.79 in chips) 
Seat 6: maslak270 ($3.01 in chips) 
Lorpugo: posts small blind $0.01
dddenki: posts big blind $0.02
*** HOLE CARDS ***
Dealt to Lorpugo [Td Qc]
maslak270: folds 
HECTOR1500: folds 
elaczino95: folds 
Reinvest83: raises $0.04 to $0.06
Lorpugo: calls $0.05
dddenki: calls $0.04
*** FLOP *** [3c 6c Qh]
Lorpugo: checks 
dddenki: checks 
Reinvest83: checks 
*** TURN *** [3c 6c Qh] [7s]
Lorpugo: bets $0.17
dddenki: calls $0.17
Reinvest83: folds 
*** RIVER *** [3c 6c Qh 7s] [8h]
Lorpugo: bets $0.50
dddenki: calls $0.50
*** SHOW DOWN ***
Lorpugo: shows [Td Qc] (a pair of Queens)
dddenki: mucks hand 
Lorpugo collected $1.47 from pot
*** SUMMARY ***
Total pot $1.52 | Rake $0.05 
Board [3c 6c Qh 7s 8h]
Seat 1: HECTOR1500 folded before Flop (didn't bet)
Seat 2: elaczino95 folded before Flop (didn't bet)
Seat 3: Reinvest83 (button) folded on the Turn
Seat 4: Lorpugo (small blind) showed [Td Qc] and won ($1.47) with a pair of Queens
Seat 5: dddenki (big blind) mucked [Ks 7h]
Seat 6: maslak270 folded before Flop (didn't bet)



PokerStars Hand #239649767859:  Hold'em No Limit ($0.01/$0.02 USD) - 2022/11/04 15:43:19 ET
Table 'Aoluta III' 6-max Seat #4 is the button
Seat 1: HECTOR1500 ($2.61 in chips) 
Seat 2: elaczino95 ($2 in chips) 
Seat 3: Reinvest83 ($2.81 in chips) 
Seat 4: Lorpugo ($3.63 in chips) 
Seat 5: dddenki ($2.06 in chips) 
Seat 6: maslak270 ($3.01 in chips) 
dddenki: posts small blind $0.01
maslak270: posts big blind $0.02
*** HOLE CARDS ***
Dealt to Lorpugo [9d 6d]
HECTOR1500: folds 
elaczino95: raises $0.04 to $0.06
Reinvest83: calls $0.06
HECTOR1500 leaves the table
Lorpugo: calls $0.06
dddenki: raises $0.26 to $0.32
maslak270: folds 
radupaco joins the table at seat #1 
elaczino95: folds 
Reinvest83: folds 
Lorpugo: folds 
Uncalled bet ($0.26) returned to dddenki
dddenki collected $0.26 from pot
*** SUMMARY ***
Total pot $0.26 | Rake $0 
Seat 1: HECTOR1500 folded before Flop (didn't bet)
Seat 2: elaczino95 folded before Flop
Seat 3: Reinvest83 folded before Flop
Seat 4: Lorpugo (button) folded before Flop
Seat 5: dddenki (small blind) collected ($0.26)
Seat 6: maslak270 (big blind) folded before Flop



PokerStars Hand #239649785283:  Hold'em No Limit ($0.01/$0.02 USD) - 2022/11/04 15:44:05 ET
Table 'Aoluta III' 6-max Seat #5 is the button
Seat 1: radupaco ($1.60 in chips) 
Seat 2: elaczino95 ($2 in chips) 
Seat 3: Reinvest83 ($2.75 in chips) 
Seat 4: Lorpugo ($3.57 in chips) 
Seat 5: dddenki ($2.26 in chips) 
Seat 6: maslak270 ($2.99 in chips) 
maslak270: posts small blind $0.01
radupaco: posts big blind $0.02
*** HOLE CARDS ***
Dealt to Lorpugo [7d 3d]
elaczino95: folds 
Reinvest83: raises $0.04 to $0.06
Lorpugo: folds 
dddenki: calls $0.06
maslak270: folds 
radupaco: folds 
*** FLOP *** [3c 6d 7h]
Reinvest83: bets $0.07
dddenki: calls $0.07
*** TURN *** [3c 6d 7h] [6h]
Reinvest83: checks 
dddenki: checks 
*** RIVER *** [3c 6d 7h 6h] [8c]
Reinvest83: checks 
dddenki: bets $0.28
Reinvest83: folds 
Uncalled bet ($0.28) returned to dddenki
dddenki collected $0.28 from pot
*** SUMMARY ***
Total pot $0.29 | Rake $0.01 
Board [3c 6d 7h 6h 8c]
Seat 1: radupaco (big blind) folded before Flop
Seat 2: elaczino95 folded before Flop (didn't bet)
Seat 3: Reinvest83 folded on the River
Seat 4: Lorpugo folded before Flop (didn't bet)
Seat 5: dddenki (button) collected ($0.28)
Seat 6: maslak270 (small blind) folded before Flop



PokerStars Hand #239649797387:  Hold'em No Limit ($0.01/$0.02 USD) - 2022/11/04 15:44:37 ET
Table 'Aoluta III' 6-max Seat #6 is the button
Seat 1: radupaco ($1.58 in chips) 
Seat 2: elaczino95 ($2 in chips) 
Seat 3: Reinvest83 ($2.62 in chips) 
Seat 4: Lorpugo ($3.57 in chips) 
Seat 5: dddenki ($2.41 in chips) 
Seat 6: maslak270 ($2.98 in chips) 
radupaco: posts small blind $0.01
elaczino95: posts big blind $0.02
*** HOLE CARDS ***
Dealt to Lorpugo [5c 3c]
Reinvest83: raises $0.04 to $0.06
Lorpugo: folds 
dddenki: folds 
maslak270: folds 
radupaco: calls $0.05
elaczino95: folds 
*** FLOP *** [Td 6c 9c]
radupaco: bets $0.07
Reinvest83: raises $0.11 to $0.18
radupaco: calls $0.11
*** TURN *** [Td 6c 9c] [7s]
radupaco: checks 
Reinvest83: checks 
*** RIVER *** [Td 6c 9c 7s] [3h]
radupaco: bets $0.18
Reinvest83: folds 
Uncalled bet ($0.18) returned to radupaco
radupaco collected $0.48 from pot
*** SUMMARY ***
Total pot $0.50 | Rake $0.02 
Board [Td 6c 9c 7s 3h]
Seat 1: radupaco (small blind) collected ($0.48)
Seat 2: elaczino95 (big blind) folded before Flop
Seat 3: Reinvest83 folded on the River
Seat 4: Lorpugo folded before Flop (didn't bet)
Seat 5: dddenki folded before Flop (didn't bet)
Seat 6: maslak270 (button) folded before Flop (didn't bet)



PokerStars Hand #239649810452:  Hold'em No Limit ($0.01/$0.02 USD) - 2022/11/04 15:45:12 ET
Table 'Aoluta III' 6-max Seat #1 is the button
Seat 1: radupaco ($1.82 in chips) 
Seat 2: elaczino95 ($2 in chips) 
Seat 3: Reinvest83 ($2.38 in chips) 
Seat 4: Lorpugo ($3.57 in chips) 
Seat 5: dddenki ($2.41 in chips) 
Seat 6: maslak270 ($2.98 in chips) 
elaczino95: posts small blind $0.01
Reinvest83: posts big blind $0.02
*** HOLE CARDS ***
Dealt to Lorpugo [4c 2d]
Lorpugo: folds 
dddenki: calls $0.02
maslak270: folds 
radupaco: folds 
elaczino95: folds 
Reinvest83: checks 
*** FLOP *** [2h Th 3d]
Reinvest83: bets $0.03
dddenki: calls $0.03
*** TURN *** [2h Th 3d] [8c]
Reinvest83: checks 
dddenki: checks 
*** RIVER *** [2h Th 3d 8c] [5h]
Reinvest83: checks 
dddenki: checks 
*** SHOW DOWN ***
Reinvest83: shows [Kd 2s] (a pair of Deuces)
dddenki: shows [5s 4h] (a pair of Fives)
dddenki collected $0.11 from pot
*** SUMMARY ***
Total pot $0.11 | Rake $0 
Board [2h Th 3d 8c 5h]
Seat 1: radupaco (button) folded before Flop (didn't bet)
Seat 2: elaczino95 (small blind) folded before Flop
Seat 3: Reinvest83 (big blind) showed [Kd 2s] and lost with a pair of Deuces
Seat 4: Lorpugo folded before Flop (didn't bet)
Seat 5: dddenki showed [5s 4h] and won ($0.11) with a pair of Fives
Seat 6: maslak270 folded before Flop (didn't bet)



PokerStars Hand #239649819228:  Hold'em No Limit ($0.01/$0.02 USD) - 2022/11/04 15:45:36 ET
Table 'Aoluta III' 6-max Seat #2 is the button
Seat 1: radupaco ($1.82 in chips) 
Seat 2: elaczino95 ($2 in chips) 
Seat 3: Reinvest83 ($2.33 in chips) 
Seat 4: Lorpugo ($3.57 in chips) 
Seat 5: dddenki ($2.47 in chips) 
Seat 6: maslak270 ($2.98 in chips) 
Reinvest83: posts small blind $0.01
Lorpugo: posts big blind $0.02
*** HOLE CARDS ***
Dealt to Lorpugo [5s Td]
dddenki: calls $0.02
maslak270: raises $0.06 to $0.08
radupaco has timed out
radupaco: folds 
elaczino95: folds 
Reinvest83: folds 
Lorpugo: folds 
dddenki: calls $0.06
*** FLOP *** [4s 8h Jh]
dddenki: checks 
maslak270: checks 
*** TURN *** [4s 8h Jh] [3c]
dddenki: checks 
maslak270: bets $0.12
dddenki: calls $0.12
*** RIVER *** [4s 8h Jh 3c] [Jc]
dddenki: bets $0.21
maslak270: folds 
Uncalled bet ($0.21) returned to dddenki
dddenki collected $0.41 from pot
*** SUMMARY ***
Total pot $0.43 | Rake $0.02 
Board [4s 8h Jh 3c Jc]
Seat 1: radupaco folded before Flop (didn't bet)
Seat 2: elaczino95 (button) folded before Flop (didn't bet)
Seat 3: Reinvest83 (small blind) folded before Flop
Seat 4: Lorpugo (big blind) folded before Flop
Seat 5: dddenki collected ($0.41)
Seat 6: maslak270 folded on the River



PokerStars Hand #239649845031:  Hold'em No Limit ($0.01/$0.02 USD) - 2022/11/04 15:46:45 ET
Table 'Aoluta III' 6-max Seat #3 is the button
Seat 1: radupaco ($1.82 in chips) 
Seat 2: elaczino95 ($2 in chips) 
Seat 3: Reinvest83 ($2.32 in chips) 
Seat 4: Lorpugo ($3.55 in chips) 
Seat 5: dddenki ($2.68 in chips) 
Seat 6: maslak270 ($2.78 in chips) 
Lorpugo: posts small blind $0.01
dddenki: posts big blind $0.02
*** HOLE CARDS ***
Dealt to Lorpugo [Kc 6h]
maslak270: folds 
radupaco: folds 
elaczino95: raises $0.04 to $0.06
Reinvest83: folds 
Lorpugo: folds 
dddenki: folds 
Uncalled bet ($0.04) returned to elaczino95
elaczino95 collected $0.05 from pot
elaczino95: doesn't show hand 
*** SUMMARY ***
Total pot $0.05 | Rake $0 
Seat 1: radupaco folded before Flop (didn't bet)
Seat 2: elaczino95 collected ($0.05)
Seat 3: Reinvest83 (button) folded before Flop (didn't bet)
Seat 4: Lorpugo (small blind) folded before Flop
Seat 5: dddenki (big blind) folded before Flop
Seat 6: maslak270 folded before Flop (didn't bet)



PokerStars Hand #239649849559:  Hold'em No Limit ($0.01/$0.02 USD) - 2022/11/04 15:46:57 ET
Table 'Aoluta III' 6-max Seat #4 is the button
Seat 1: radupaco ($1.82 in chips) 
Seat 2: elaczino95 ($2.03 in chips) 
Seat 3: Reinvest83 ($2.32 in chips) 
Seat 4: Lorpugo ($3.54 in chips) 
Seat 5: dddenki ($2.66 in chips) 
Seat 6: maslak270 ($2.78 in chips) 
dddenki: posts small blind $0.01
maslak270: posts big blind $0.02
*** HOLE CARDS ***
Dealt to Lorpugo [5s 7c]
radupaco: raises $0.05 to $0.07
elaczino95: folds 
Reinvest83: folds 
Lorpugo: folds 
dddenki: calls $0.06
maslak270: folds 
*** FLOP *** [Ks Tc 8c]
dddenki: bets $0.08
radupaco: calls $0.08
*** TURN *** [Ks Tc 8c] [Th]
dddenki: bets $0.16
radupaco: calls $0.16
*** RIVER *** [Ks Tc 8c Th] [6d]
dddenki: bets $0.31
radupaco: calls $0.31
*** SHOW DOWN ***
dddenki: shows [Qh 8h] (two pair, Tens and Eights)
radupaco: shows [Js Kd] (two pair, Kings and Tens)
radupaco collected $1.22 from pot
*** SUMMARY ***
Total pot $1.26 | Rake $0.04 
Board [Ks Tc 8c Th 6d]
Seat 1: radupaco showed [Js Kd] and won ($1.22) with two pair, Kings and Tens
Seat 2: elaczino95 folded before Flop (didn't bet)
Seat 3: Reinvest83 folded before Flop (didn't bet)
Seat 4: Lorpugo (button) folded before Flop (didn't bet)
Seat 5: dddenki (small blind) showed [Qh 8h] and lost with two pair, Tens and Eights
Seat 6: maslak270 (big blind) folded before Flop



PokerStars Hand #239649867560:  Hold'em No Limit ($0.01/$0.02 USD) - 2022/11/04 15:47:45 ET
Table 'Aoluta III' 6-max Seat #5 is the button
Seat 1: radupaco ($2.42 in chips) 
Seat 2: elaczino95 ($2.03 in chips) 
Seat 3: Reinvest83 ($2.32 in chips) 
Seat 4: Lorpugo ($3.54 in chips) 
Seat 5: dddenki ($2.04 in chips) 
Seat 6: maslak270 ($2.76 in chips) 
maslak270: posts small blind $0.01
radupaco: posts big blind $0.02
*** HOLE CARDS ***
Dealt to Lorpugo [2c 7c]
elaczino95: raises $0.04 to $0.06
Reinvest83: folds 
Lorpugo: folds 
dddenki: calls $0.06
maslak270: folds 
radupaco: folds 
*** FLOP *** [5c 6s 8d]
maslak270 leaves the table
elaczino95: checks 
dddenki: checks 
*** TURN *** [5c 6s 8d] [As]
elaczino95: bets $0.07
Kaiminjanka8 joins the table at seat #6 
dddenki: folds 
Uncalled bet ($0.07) returned to elaczino95
elaczino95 collected $0.14 from pot
elaczino95: doesn't show hand 
*** SUMMARY ***
Total pot $0.15 | Rake $0.01 
Board [5c 6s 8d As]
Seat 1: radupaco (big blind) folded before Flop
Seat 2: elaczino95 collected ($0.14)
Seat 3: Reinvest83 folded before Flop (didn't bet)
Seat 4: Lorpugo folded before Flop (didn't bet)
Seat 5: dddenki (button) folded on the Turn
Seat 6: maslak270 (small blind) folded before Flop



PokerStars Hand #239649878711:  Hold'em No Limit ($0.01/$0.02 USD) - 2022/11/04 15:48:14 ET
Table 'Aoluta III' 6-max Seat #1 is the button
Seat 1: radupaco ($2.40 in chips) 
Seat 2: elaczino95 ($2.11 in chips) 
Seat 3: Reinvest83 ($2.32 in chips) 
Seat 4: Lorpugo ($3.54 in chips) 
Seat 5: dddenki ($1.98 in chips) 
elaczino95: posts small blind $0.01
Reinvest83: posts big blind $0.02
Kaiminjanka8: sits out 
*** HOLE CARDS ***
Dealt to Lorpugo [4c Jc]
Lorpugo: folds 
dddenki: folds 
radupaco: folds 
elaczino95: folds 
Uncalled bet ($0.01) returned to Reinvest83
Reinvest83 collected $0.02 from pot
Reinvest83: doesn't show hand 
*** SUMMARY ***
Total pot $0.02 | Rake $0 
Seat 1: radupaco (button) folded before Flop (didn't bet)
Seat 2: elaczino95 (small blind) folded before Flop
Seat 3: Reinvest83 (big blind) collected ($0.02)
Seat 4: Lorpugo folded before Flop (didn't bet)
Seat 5: dddenki folded before Flop (didn't bet)



PokerStars Hand #239649882120:  Hold'em No Limit ($0.01/$0.02 USD) - 2022/11/04 15:48:23 ET
Table 'Aoluta III' 6-max Seat #2 is the button
Seat 1: radupaco ($2.40 in chips) 
Seat 2: elaczino95 ($2.10 in chips) 
Seat 3: Reinvest83 ($2.33 in chips) 
Seat 4: Lorpugo ($3.54 in chips) 
Seat 5: dddenki ($1.98 in chips) 
Reinvest83: posts small blind $0.01
Lorpugo: posts big blind $0.02
Kaiminjanka8: sits out 
*** HOLE CARDS ***
Dealt to Lorpugo [9s 3c]
dddenki: folds 
radupaco: raises $0.05 to $0.07
elaczino95: folds 
Reinvest83: folds 
Lorpugo: folds 
Uncalled bet ($0.05) returned to radupaco
radupaco collected $0.05 from pot
*** SUMMARY ***
Total pot $0.05 | Rake $0 
Seat 1: radupaco collected ($0.05)
Seat 2: elaczino95 (button) folded before Flop (didn't bet)
Seat 3: Reinvest83 (small blind) folded before Flop
Seat 4: Lorpugo (big blind) folded before Flop
Seat 5: dddenki folded before Flop (didn't bet)



PokerStars Hand #239649888193:  Hold'em No Limit ($0.01/$0.02 USD) - 2022/11/04 15:48:39 ET
Table 'Aoluta III' 6-max Seat #3 is the button
Seat 1: radupaco ($2.43 in chips) 
Seat 2: elaczino95 ($2.10 in chips) 
Seat 3: Reinvest83 ($2.32 in chips) 
Seat 4: Lorpugo ($3.52 in chips) 
Seat 5: dddenki ($1.98 in chips) 
Seat 6: Kaiminjanka8 ($1.60 in chips) 
Lorpugo: posts small blind $0.01
dddenki: posts big blind $0.02
Kaiminjanka8: posts big blind $0.02
*** HOLE CARDS ***
Dealt to Lorpugo [3s Js]
Kaiminjanka8: checks 
radupaco: raises $0.07 to $0.09
elaczino95: folds 
Reinvest83: folds 
Lorpugo: folds 
dddenki: calls $0.07
Kaiminjanka8: folds 
*** FLOP *** [8c 2d 8s]
dddenki: bets $0.02
radupaco: calls $0.02
*** TURN *** [8c 2d 8s] [Th]
dddenki: bets $0.02
radupaco: raises $0.02 to $0.04
dddenki: calls $0.02
*** RIVER *** [8c 2d 8s Th] [3h]
dddenki: checks 
radupaco: bets $0.02
dddenki: folds 
Uncalled bet ($0.02) returned to radupaco
radupaco collected $0.32 from pot
*** SUMMARY ***
Total pot $0.33 | Rake $0.01 
Board [8c 2d 8s Th 3h]
Seat 1: radupaco collected ($0.32)
Seat 2: elaczino95 folded before Flop (didn't bet)
Seat 3: Reinvest83 (button) folded before Flop (didn't bet)
Seat 4: Lorpugo (small blind) folded before Flop
Seat 5: dddenki (big blind) folded on the River
Seat 6: Kaiminjanka8 folded before Flop (didn't bet)



PokerStars Hand #239649901416:  Hold'em No Limit ($0.01/$0.02 USD) - 2022/11/04 15:49:15 ET
Table 'Aoluta III' 6-max Seat #4 is the button
Seat 1: radupaco ($2.60 in chips) 
Seat 2: elaczino95 ($2.10 in chips) 
Seat 3: Reinvest83 ($2.32 in chips) 
Seat 4: Lorpugo ($3.51 in chips) 
Seat 5: dddenki ($1.83 in chips) 
Seat 6: Kaiminjanka8 ($1.58 in chips) 
dddenki: posts small blind $0.01
Kaiminjanka8: posts big blind $0.02
*** HOLE CARDS ***
Dealt to Lorpugo [9d 4s]
radupaco: folds 
elaczino95: folds 
Reinvest83: raises $0.04 to $0.06
Lorpugo: folds 
dddenki: folds 
Kaiminjanka8: folds 
Uncalled bet ($0.04) returned to Reinvest83
Reinvest83 collected $0.05 from pot
Reinvest83: doesn't show hand 
*** SUMMARY ***
Total pot $0.05 | Rake $0 
Seat 1: radupaco folded before Flop (didn't bet)
Seat 2: elaczino95 folded before Flop (didn't bet)
Seat 3: Reinvest83 collected ($0.05)
Seat 4: Lorpugo (button) folded before Flop (didn't bet)
Seat 5: dddenki (small blind) folded before Flop
Seat 6: Kaiminjanka8 (big blind) folded before Flop



PokerStars Hand #239649907112:  Hold'em No Limit ($0.01/$0.02 USD) - 2022/11/04 15:49:30 ET
Table 'Aoluta III' 6-max Seat #5 is the button
Seat 1: radupaco ($2.60 in chips) 
Seat 2: elaczino95 ($2.10 in chips) 
Seat 3: Reinvest83 ($2.35 in chips) 
Seat 4: Lorpugo ($3.51 in chips) 
Seat 5: dddenki ($1.82 in chips) 
Seat 6: Kaiminjanka8 ($1.56 in chips) 
Kaiminjanka8: posts small blind $0.01
radupaco: posts big blind $0.02
*** HOLE CARDS ***
Dealt to Lorpugo [4c 7h]
elaczino95: raises $0.04 to $0.06
Reinvest83: calls $0.06
Lorpugo: folds 
dddenki: calls $0.06
Kaiminjanka8: folds 
radupaco: folds 
*** FLOP *** [3d As 9s]
elaczino95: bets $0.07
Reinvest83: raises $0.13 to $0.20
dddenki: folds 
elaczino95: folds 
Uncalled bet ($0.13) returned to Reinvest83
Reinvest83 collected $0.34 from pot
Reinvest83: doesn't show hand 
*** SUMMARY ***
Total pot $0.35 | Rake $0.01 
Board [3d As 9s]
Seat 1: radupaco (big blind) folded before Flop
Seat 2: elaczino95 folded on the Flop
Seat 3: Reinvest83 collected ($0.34)
Seat 4: Lorpugo folded before Flop (didn't bet)
Seat 5: dddenki (button) folded on the Flop
Seat 6: Kaiminjanka8 (small blind) folded before Flop



PokerStars Hand #239649919058:  Hold'em No Limit ($0.01/$0.02 USD) - 2022/11/04 15:50:02 ET
Table 'Aoluta III' 6-max Seat #6 is the button
Seat 1: radupaco ($2.58 in chips) 
Seat 2: elaczino95 ($2 in chips) 
Seat 3: Reinvest83 ($2.56 in chips) 
Seat 4: Lorpugo ($3.51 in chips) 
Seat 5: dddenki ($1.76 in chips) 
Seat 6: Kaiminjanka8 ($1.55 in chips) 
radupaco: posts small blind $0.01
elaczino95: posts big blind $0.02
*** HOLE CARDS ***
Dealt to Lorpugo [Th As]
Reinvest83: folds 
Lorpugo: raises $0.04 to $0.06
dddenki: calls $0.06
Kaiminjanka8: folds 
radupaco: calls $0.05
elaczino95: folds 
*** FLOP *** [3d 3s Kh]
radupaco: bets $0.09
Lorpugo: folds 
dddenki: folds 
Uncalled bet ($0.09) returned to radupaco
radupaco collected $0.19 from pot
*** SUMMARY ***
Total pot $0.20 | Rake $0.01 
Board [3d 3s Kh]
Seat 1: radupaco (small blind) collected ($0.19)
Seat 2: elaczino95 (big blind) folded before Flop
Seat 3: Reinvest83 folded before Flop (didn't bet)
Seat 4: Lorpugo folded on the Flop
Seat 5: dddenki folded on the Flop
Seat 6: Kaiminjanka8 (button) folded before Flop (didn't bet)



PokerStars Hand #239649928579:  Hold'em No Limit ($0.01/$0.02 USD) - 2022/11/04 15:50:27 ET
Table 'Aoluta III' 6-max Seat #1 is the button
Seat 1: radupaco ($2.71 in chips) 
Seat 2: elaczino95 ($2 in chips) 
Seat 3: Reinvest83 ($2.56 in chips) 
Seat 4: Lorpugo ($3.45 in chips) 
Seat 5: dddenki ($1.70 in chips) 
Seat 6: Kaiminjanka8 ($1.55 in chips) 
elaczino95: posts small blind $0.01
Reinvest83: posts big blind $0.02
*** HOLE CARDS ***
Dealt to Lorpugo [9s 5c]
Lorpugo: folds 
dddenki: calls $0.02
Kaiminjanka8: calls $0.02
radupaco: calls $0.02
elaczino95: calls $0.01
Reinvest83: checks 
*** FLOP *** [3s Kd 9c]
elaczino95: checks 
Reinvest83: checks 
dddenki: bets $0.05
Kaiminjanka8: folds 
radupaco: calls $0.05
elaczino95: folds 
Reinvest83: folds 
*** TURN *** [3s Kd 9c] [7h]
dddenki: bets $0.19
radupaco: folds 
Uncalled bet ($0.19) returned to dddenki
dddenki collected $0.19 from pot
*** SUMMARY ***
Total pot $0.20 | Rake $0.01 
Board [3s Kd 9c 7h]
Seat 1: radupaco (button) folded on the Turn
Seat 2: elaczino95 (small blind) folded on the Flop
Seat 3: Reinvest83 (big blind) folded on the Flop
Seat 4: Lorpugo folded before Flop (didn't bet)
Seat 5: dddenki collected ($0.19)
Seat 6: Kaiminjanka8 folded on the Flop



PokerStars Hand #239649948487:  Hold'em No Limit ($0.01/$0.02 USD) - 2022/11/04 15:51:20 ET
Table 'Aoluta III' 6-max Seat #2 is the button
Seat 1: radupaco ($2.64 in chips) 
Seat 2: elaczino95 ($2 in chips) 
Seat 3: Reinvest83 ($2.54 in chips) 
Seat 4: Lorpugo ($3.45 in chips) 
Seat 5: dddenki ($1.82 in chips) 
Seat 6: Kaiminjanka8 ($1.53 in chips) 
Reinvest83: posts small blind $0.01
Lorpugo: posts big blind $0.02
*** HOLE CARDS ***
Dealt to Lorpugo [2d Ac]
dddenki: raises $0.05 to $0.07
Kaiminjanka8: calls $0.07
radupaco: calls $0.07
elaczino95: folds 
Reinvest83: folds 
Lorpugo: folds 
*** FLOP *** [3c 4c Ts]
dddenki: checks 
Kaiminjanka8: checks 
radupaco: checks 
*** TURN *** [3c 4c Ts] [Ah]
dddenki: checks 
Kaiminjanka8: checks 
radupaco: checks 
*** RIVER *** [3c 4c Ts Ah] [Kd]
dddenki: checks 
Kaiminjanka8: bets $0.08
radupaco: raises $0.39 to $0.47
dddenki: folds 
Kaiminjanka8: folds 
Uncalled bet ($0.39) returned to radupaco
radupaco collected $0.39 from pot
*** SUMMARY ***
Total pot $0.40 | Rake $0.01 
Board [3c 4c Ts Ah Kd]
Seat 1: radupaco collected ($0.39)
Seat 2: elaczino95 (button) folded before Flop (didn't bet)
Seat 3: Reinvest83 (small blind) folded before Flop
Seat 4: Lorpugo (big blind) folded before Flop
Seat 5: dddenki folded on the River
Seat 6: Kaiminjanka8 folded on the River



PokerStars Hand #239649967272:  Hold'em No Limit ($0.01/$0.02 USD) - 2022/11/04 15:52:10 ET
Table 'Aoluta III' 6-max Seat #3 is the button
Seat 1: radupaco ($2.88 in chips) 
Seat 2: elaczino95 ($2 in chips) 
Seat 3: Reinvest83 ($2.53 in chips) 
Seat 4: Lorpugo ($3.43 in chips) 
Seat 5: dddenki ($1.75 in chips) 
Seat 6: Kaiminjanka8 ($1.38 in chips) 
Lorpugo: posts small blind $0.01
dddenki: posts big blind $0.02
*** HOLE CARDS ***
Dealt to Lorpugo [Js 3h]
Kaiminjanka8: folds 
radupaco: folds 
elaczino95: folds 
Reinvest83: raises $0.04 to $0.06
Lorpugo: folds 
dddenki: raises $0.04 to $0.10
Reinvest83: calls $0.04
*** FLOP *** [Ts 6s 4d]
dddenki: bets $0.20
Reinvest83: raises $0.22 to $0.42
dddenki: raises $1.23 to $1.65 and is all-in
Reinvest83: calls $1.23
*** TURN *** [Ts 6s 4d] [Jh]
*** RIVER *** [Ts 6s 4d Jh] [Jc]
*** SHOW DOWN ***
dddenki: shows [Ks Kh] (two pair, Kings and Jacks)
Reinvest83: shows [6d 6h] (a full house, Sixes full of Jacks)
Reinvest83 collected $3.39 from pot
*** SUMMARY ***
Total pot $3.51 | Rake $0.12 
Board [Ts 6s 4d Jh Jc]
Seat 1: radupaco folded before Flop (didn't bet)
Seat 2: elaczino95 folded before Flop (didn't bet)
Seat 3: Reinvest83 (button) showed [6d 6h] and won ($3.39) with a full house, Sixes full of Jacks
Seat 4: Lorpugo (small blind) folded before Flop
Seat 5: dddenki (big blind) showed [Ks Kh] and lost with two pair, Kings and Jacks
Seat 6: Kaiminjanka8 folded before Flop (didn't bet)



PokerStars Hand #239649979904:  Hold'em No Limit ($0.01/$0.02 USD) - 2022/11/04 15:52:43 ET
Table 'Aoluta III' 6-max Seat #4 is the button
Seat 1: radupaco ($2.88 in chips) 
Seat 2: elaczino95 ($2 in chips) 
Seat 3: Reinvest83 ($4.17 in chips) 
Seat 4: Lorpugo ($3.42 in chips) 
Seat 6: Kaiminjanka8 ($1.38 in chips) 
Kaiminjanka8: posts small blind $0.01
radupaco: posts big blind $0.02
*** HOLE CARDS ***
Dealt to Lorpugo [Ad 3s]
elaczino95: folds 
Reinvest83: raises $0.04 to $0.06
Lorpugo: folds 
Kaiminjanka8: folds 
radupaco: folds 
Uncalled bet ($0.04) returned to Reinvest83
Reinvest83 collected $0.05 from pot
Reinvest83: doesn't show hand 
*** SUMMARY ***
Total pot $0.05 | Rake $0 
Seat 1: radupaco (big blind) folded before Flop
Seat 2: elaczino95 folded before Flop (didn't bet)
Seat 3: Reinvest83 collected ($0.05)
Seat 4: Lorpugo (button) folded before Flop (didn't bet)
Seat 6: Kaiminjanka8 (small blind) folded before Flop



PokerStars Hand #239649987951:  Hold'em No Limit ($0.01/$0.02 USD) - 2022/11/04 15:53:04 ET
Table 'Aoluta III' 6-max Seat #6 is the button
Seat 1: radupaco ($2.86 in chips) 
Seat 2: elaczino95 ($2 in chips) 
Seat 3: Reinvest83 ($4.20 in chips) 
Seat 4: Lorpugo ($3.42 in chips) 
Seat 5: dddenki ($2 in chips) 
Seat 6: Kaiminjanka8 ($1.37 in chips) 
radupaco: posts small blind $0.01
elaczino95: posts big blind $0.02
dddenki: posts small blind $0.01
*** HOLE CARDS ***
Dealt to Lorpugo [9d Ts]
Reinvest83: folds 
Lorpugo: folds 
dddenki: raises $0.06 to $0.08
Kaiminjanka8: folds 
radupaco: folds 
elaczino95: folds 
Uncalled bet ($0.06) returned to dddenki
dddenki collected $0.06 from pot
*** SUMMARY ***
Total pot $0.06 | Rake $0 
Seat 1: radupaco (small blind) folded before Flop
Seat 2: elaczino95 (big blind) folded before Flop
Seat 3: Reinvest83 folded before Flop (didn't bet)
Seat 4: Lorpugo folded before Flop (didn't bet)
Seat 5: dddenki collected ($0.06)
Seat 6: Kaiminjanka8 (button) folded before Flop (didn't bet)



PokerStars Hand #239649992917:  Hold'em No Limit ($0.01/$0.02 USD) - 2022/11/04 15:53:17 ET
Table 'Aoluta III' 6-max Seat #1 is the button
Seat 1: radupaco ($2.85 in chips) 
Seat 2: elaczino95 ($2 in chips) 
Seat 3: Reinvest83 ($4.20 in chips) 
Seat 4: Lorpugo ($3.42 in chips) 
Seat 5: dddenki ($2.03 in chips) 
Seat 6: Kaiminjanka8 ($1.37 in chips) 
elaczino95: posts small blind $0.01
Reinvest83: posts big blind $0.02
*** HOLE CARDS ***
Dealt to Lorpugo [Ks 8h]
Lorpugo: folds 
dddenki: raises $0.02 to $0.04
Kaiminjanka8: calls $0.04
radupaco: folds 
elaczino95: folds 
Reinvest83: folds 
*** FLOP *** [7c 6c Qh]
dddenki: bets $0.11
Kaiminjanka8: folds 
Uncalled bet ($0.11) returned to dddenki
dddenki collected $0.11 from pot
*** SUMMARY ***
Total pot $0.11 | Rake $0 
Board [7c 6c Qh]
Seat 1: radupaco (button) folded before Flop (didn't bet)
Seat 2: elaczino95 (small blind) folded before Flop
Seat 3: Reinvest83 (big blind) folded before Flop
Seat 4: Lorpugo folded before Flop (didn't bet)
Seat 5: dddenki collected ($0.11)
Seat 6: Kaiminjanka8 folded on the Flop



PokerStars Hand #239650001927:  Hold'em No Limit ($0.01/$0.02 USD) - 2022/11/04 15:53:42 ET
Table 'Aoluta III' 6-max Seat #2 is the button
Seat 1: radupaco ($2.85 in chips) 
Seat 2: elaczino95 ($2 in chips) 
Seat 3: Reinvest83 ($4.18 in chips) 
Seat 4: Lorpugo ($3.42 in chips) 
Seat 5: dddenki ($2.10 in chips) 
Seat 6: Kaiminjanka8 ($1.33 in chips) 
Reinvest83: posts small blind $0.01
Lorpugo: posts big blind $0.02
*** HOLE CARDS ***
Dealt to Lorpugo [Qd 7d]
dddenki: raises $0.15 to $0.17
Kaiminjanka8: folds 
radupaco: folds 
elaczino95: folds 
Reinvest83: folds 
Lorpugo: folds 
Uncalled bet ($0.15) returned to dddenki
dddenki collected $0.05 from pot
*** SUMMARY ***
Total pot $0.05 | Rake $0 
Seat 1: radupaco folded before Flop (didn't bet)
Seat 2: elaczino95 (button) folded before Flop (didn't bet)
Seat 3: Reinvest83 (small blind) folded before Flop
Seat 4: Lorpugo (big blind) folded before Flop
Seat 5: dddenki collected ($0.05)
Seat 6: Kaiminjanka8 folded before Flop (didn't bet)



PokerStars Hand #239650010499:  Hold'em No Limit ($0.01/$0.02 USD) - 2022/11/04 15:54:04 ET
Table 'Aoluta III' 6-max Seat #3 is the button
Seat 1: radupaco ($2.85 in chips) 
Seat 2: elaczino95 ($2 in chips) 
Seat 3: Reinvest83 ($4.17 in chips) 
Seat 4: Lorpugo ($3.40 in chips) 
Seat 5: dddenki ($2.13 in chips) 
Seat 6: Kaiminjanka8 ($1.33 in chips) 
Lorpugo: posts small blind $0.01
dddenki: posts big blind $0.02
*** HOLE CARDS ***
Dealt to Lorpugo [3s 8c]
Kaiminjanka8: folds 
radupaco: folds 
elaczino95: folds 
Reinvest83: folds 
Lorpugo: folds 
Uncalled bet ($0.01) returned to dddenki
dddenki collected $0.02 from pot
*** SUMMARY ***
Total pot $0.02 | Rake $0 
Seat 1: radupaco folded before Flop (didn't bet)
Seat 2: elaczino95 folded before Flop (didn't bet)
Seat 3: Reinvest83 (button) folded before Flop (didn't bet)
Seat 4: Lorpugo (small blind) folded before Flop
Seat 5: dddenki (big blind) collected ($0.02)
Seat 6: Kaiminjanka8 folded before Flop (didn't bet)



PokerStars Hand #239650015066:  Hold'em No Limit ($0.01/$0.02 USD) - 2022/11/04 15:54:17 ET
Table 'Aoluta III' 6-max Seat #4 is the button
Seat 1: radupaco ($2.85 in chips) 
Seat 2: elaczino95 ($2 in chips) 
Seat 3: Reinvest83 ($4.17 in chips) 
Seat 4: Lorpugo ($3.39 in chips) 
Seat 5: dddenki ($2.14 in chips) 
Seat 6: Kaiminjanka8 ($1.33 in chips) 
dddenki: posts small blind $0.01
Kaiminjanka8: posts big blind $0.02
*** HOLE CARDS ***
Dealt to Lorpugo [9c 6h]
radupaco: raises $0.05 to $0.07
elaczino95: folds 
Reinvest83: folds 
Lorpugo: folds 
dddenki: raises $0.05 to $0.12
Kaiminjanka8: folds 
radupaco: calls $0.05
*** FLOP *** [7h 5h Qd]
dddenki: bets $0.25
radupaco: calls $0.25
*** TURN *** [7h 5h Qd] [3c]
dddenki: bets $0.73
radupaco: folds 
Uncalled bet ($0.73) returned to dddenki
dddenki collected $0.73 from pot
*** SUMMARY ***
Total pot $0.76 | Rake $0.03 
Board [7h 5h Qd 3c]
Seat 1: radupaco folded on the Turn
Seat 2: elaczino95 folded before Flop (didn't bet)
Seat 3: Reinvest83 folded before Flop (didn't bet)
Seat 4: Lorpugo (button) folded before Flop (didn't bet)
Seat 5: dddenki (small blind) collected ($0.73)
Seat 6: Kaiminjanka8 (big blind) folded before Flop



PokerStars Hand #239650027829:  Hold'em No Limit ($0.01/$0.02 USD) - 2022/11/04 15:54:51 ET
Table 'Aoluta III' 6-max Seat #5 is the button
Seat 1: radupaco ($2.48 in chips) 
Seat 2: elaczino95 ($2 in chips) 
Seat 3: Reinvest83 ($4.17 in chips) 
Seat 4: Lorpugo ($3.39 in chips) 
Seat 5: dddenki ($2.50 in chips) 
Seat 6: Kaiminjanka8 ($1.31 in chips) 
Kaiminjanka8: posts small blind $0.01
radupaco: posts big blind $0.02
*** HOLE CARDS ***
Dealt to Lorpugo [7c As]
elaczino95: folds 
Reinvest83: folds 
Lorpugo: raises $0.04 to $0.06
dddenki: calls $0.06
Kaiminjanka8: folds 
radupaco: calls $0.04
*** FLOP *** [Th 2s 5d]
radupaco: checks 
Lorpugo: checks 
dddenki: bets $2.44 and is all-in
radupaco: folds 
Lorpugo: folds 
Uncalled bet ($2.44) returned to dddenki
dddenki collected $0.18 from pot
*** SUMMARY ***
Total pot $0.19 | Rake $0.01 
Board [Th 2s 5d]
Seat 1: radupaco (big blind) folded on the Flop
Seat 2: elaczino95 folded before Flop (didn't bet)
Seat 3: Reinvest83 folded before Flop (didn't bet)
Seat 4: Lorpugo folded on the Flop
Seat 5: dddenki (button) collected ($0.18)
Seat 6: Kaiminjanka8 (small blind) folded before Flop



PokerStars Hand #239650040140:  Hold'em No Limit ($0.01/$0.02 USD) - 2022/11/04 15:55:27 ET
Table 'Aoluta III' 6-max Seat #6 is the button
Seat 1: radupaco ($2.42 in chips) 
Seat 2: elaczino95 ($2 in chips) 
Seat 3: Reinvest83 ($4.17 in chips) 
Seat 4: Lorpugo ($3.33 in chips) 
Seat 5: dddenki ($2.62 in chips) 
Seat 6: Kaiminjanka8 ($1.30 in chips) 
radupaco: posts small blind $0.01
elaczino95: posts big blind $0.02
*** HOLE CARDS ***
Dealt to Lorpugo [2h 6s]
Reinvest83: folds 
Lorpugo has timed out
Lorpugo: folds 
dddenki: raises $0.09 to $0.11
Kaiminjanka8: calls $0.11
radupaco: calls $0.10
elaczino95: folds 
*** FLOP *** [2s 8s 3d]
radupaco: checks 
dddenki: bets $0.17
Kaiminjanka8: calls $0.17
radupaco: calls $0.17
*** TURN *** [2s 8s 3d] [Th]
radupaco: checks 
dddenki: bets $0.83
Kaiminjanka8: calls $0.83
radupaco: folds 
*** RIVER *** [2s 8s 3d Th] [9c]
dddenki: bets $1.51 and is all-in
Kaiminjanka8: calls $0.19 and is all-in
Uncalled bet ($1.32) returned to dddenki
*** SHOW DOWN ***
dddenki: shows [Kd Qc] (high card King)
Kaiminjanka8: shows [8c Jc] (a pair of Eights)
Kaiminjanka8 collected $2.80 from pot
*** SUMMARY ***
Total pot $2.90 | Rake $0.10 
Board [2s 8s 3d Th 9c]
Seat 1: radupaco (small blind) folded on the Turn
Seat 2: elaczino95 (big blind) folded before Flop
Seat 3: Reinvest83 folded before Flop (didn't bet)
Seat 4: Lorpugo folded before Flop (didn't bet)
Seat 5: dddenki showed [Kd Qc] and lost with high card King
Seat 6: Kaiminjanka8 (button) showed [8c Jc] and won ($2.80) with a pair of Eights



PokerStars Hand #239650057309:  Hold'em No Limit ($0.01/$0.02 USD) - 2022/11/04 15:56:30 ET
Table 'Aoluta III' 6-max Seat #1 is the button
Seat 1: radupaco ($2.14 in chips) 
Seat 2: elaczino95 ($2 in chips) 
Seat 3: Reinvest83 ($4.17 in chips) 
Seat 4: Lorpugo ($3.33 in chips) 
Seat 5: dddenki ($1.32 in chips) 
Seat 6: Kaiminjanka8 ($2.80 in chips) 
elaczino95: posts small blind $0.01
Reinvest83: posts big blind $0.02
*** HOLE CARDS ***
Dealt to Lorpugo [Jc 8d]
Lorpugo: folds 
dddenki: folds 
Kaiminjanka8: calls $0.02
radupaco: folds 
elaczino95: folds 
Reinvest83: checks 
*** FLOP *** [6s 8c Kc]
Reinvest83: checks 
Kaiminjanka8: checks 
*** TURN *** [6s 8c Kc] [4c]
Reinvest83: checks 
Kaiminjanka8: bets $0.06
Reinvest83: folds 
Uncalled bet ($0.06) returned to Kaiminjanka8
Kaiminjanka8 collected $0.05 from pot
*** SUMMARY ***
Total pot $0.05 | Rake $0 
Board [6s 8c Kc 4c]
Seat 1: radupaco (button) folded before Flop (didn't bet)
Seat 2: elaczino95 (small blind) folded before Flop
Seat 3: Reinvest83 (big blind) folded on the Turn
Seat 4: Lorpugo folded before Flop (didn't bet)
Seat 5: dddenki folded before Flop (didn't bet)
Seat 6: Kaiminjanka8 collected ($0.05)



PokerStars Hand #239650064627:  Hold'em No Limit ($0.01/$0.02 USD) - 2022/11/04 15:56:57 ET
Table 'Aoluta III' 6-max Seat #2 is the button
Seat 1: radupaco ($2.14 in chips) 
Seat 2: elaczino95 ($2 in chips) 
Seat 3: Reinvest83 ($4.15 in chips) 
Seat 4: Lorpugo ($3.33 in chips) 
Seat 5: dddenki ($1.32 in chips) 
Seat 6: Kaiminjanka8 ($2.83 in chips) 
Reinvest83: posts small blind $0.01
Lorpugo: posts big blind $0.02
*** HOLE CARDS ***
Dealt to Lorpugo [Th 2c]
dddenki: raises $0.02 to $0.04
Kaiminjanka8: folds 
radupaco: folds 
elaczino95: folds 
Reinvest83: folds 
Lorpugo: folds 
Uncalled bet ($0.02) returned to dddenki
dddenki collected $0.05 from pot
*** SUMMARY ***
Total pot $0.05 | Rake $0 
Seat 1: radupaco folded before Flop (didn't bet)
Seat 2: elaczino95 (button) folded before Flop (didn't bet)
Seat 3: Reinvest83 (small blind) folded before Flop
Seat 4: Lorpugo (big blind) folded before Flop
Seat 5: dddenki collected ($0.05)
Seat 6: Kaiminjanka8 folded before Flop (didn't bet)



PokerStars Hand #239650069456:  Hold'em No Limit ($0.01/$0.02 USD) - 2022/11/04 15:57:15 ET
Table 'Aoluta III' 6-max Seat #3 is the button
Seat 1: radupaco ($2.14 in chips) 
Seat 2: elaczino95 ($2 in chips) 
Seat 3: Reinvest83 ($4.14 in chips) 
Seat 4: Lorpugo ($3.31 in chips) 
Seat 5: dddenki ($1.35 in chips) 
Seat 6: Kaiminjanka8 ($2.83 in chips) 
Lorpugo: posts small blind $0.01
dddenki: posts big blind $0.02
*** HOLE CARDS ***
Dealt to Lorpugo [Jh 8d]
Kaiminjanka8: calls $0.02
radupaco: folds 
elaczino95: folds 
Reinvest83: folds 
Lorpugo: folds 
dddenki: checks 
*** FLOP *** [Ac 5s 8h]
dddenki: checks 
Kaiminjanka8: checks 
*** TURN *** [Ac 5s 8h] [2s]
dddenki: checks 
Kaiminjanka8: checks 
*** RIVER *** [Ac 5s 8h 2s] [6d]
dddenki: bets $0.02
Kaiminjanka8: folds 
Uncalled bet ($0.02) returned to dddenki
dddenki collected $0.05 from pot
*** SUMMARY ***
Total pot $0.05 | Rake $0 
Board [Ac 5s 8h 2s 6d]
Seat 1: radupaco folded before Flop (didn't bet)
Seat 2: elaczino95 folded before Flop (didn't bet)
Seat 3: Reinvest83 (button) folded before Flop (didn't bet)
Seat 4: Lorpugo (small blind) folded before Flop
Seat 5: dddenki (big blind) collected ($0.05)
Seat 6: Kaiminjanka8 folded on the River



PokerStars Hand #239650077565:  Hold'em No Limit ($0.01/$0.02 USD) - 2022/11/04 15:57:45 ET
Table 'Aoluta III' 6-max Seat #4 is the button
Seat 1: radupaco ($2.14 in chips) 
Seat 2: elaczino95 ($2 in chips) 
Seat 3: Reinvest83 ($4.14 in chips) 
Seat 4: Lorpugo ($3.30 in chips) 
Seat 5: dddenki ($1.38 in chips) 
Seat 6: Kaiminjanka8 ($2.81 in chips) 
dddenki: posts small blind $0.01
Kaiminjanka8: posts big blind $0.02
*** HOLE CARDS ***
Dealt to Lorpugo [7s Kc]
radupaco: folds 
elaczino95: folds 
Reinvest83: raises $0.04 to $0.06
Lorpugo: folds 
dddenki: folds 
Kaiminjanka8: folds 
Uncalled bet ($0.04) returned to Reinvest83
Reinvest83 collected $0.05 from pot
Reinvest83: doesn't show hand 
*** SUMMARY ***
Total pot $0.05 | Rake $0 
Seat 1: radupaco folded before Flop (didn't bet)
Seat 2: elaczino95 folded before Flop (didn't bet)
Seat 3: Reinvest83 collected ($0.05)
Seat 4: Lorpugo (button) folded before Flop (didn't bet)
Seat 5: dddenki (small blind) folded before Flop
Seat 6: Kaiminjanka8 (big blind) folded before Flop



PokerStars Hand #239650082158:  Hold'em No Limit ($0.01/$0.02 USD) - 2022/11/04 15:58:02 ET
Table 'Aoluta III' 6-max Seat #5 is the button
Seat 1: radupaco ($2.14 in chips) 
Seat 2: elaczino95 ($2 in chips) 
Seat 3: Reinvest83 ($4.17 in chips) 
Seat 4: Lorpugo ($3.30 in chips) 
Seat 5: dddenki ($1.37 in chips) 
Seat 6: Kaiminjanka8 ($2.79 in chips) 
Kaiminjanka8: posts small blind $0.01
radupaco: posts big blind $0.02
*** HOLE CARDS ***
Dealt to Lorpugo [3d 8s]
elaczino95: folds 
Reinvest83: folds 
Lorpugo: folds 
dddenki: calls $0.02
Kaiminjanka8: calls $0.01
radupaco: checks 
*** FLOP *** [As Kh 9c]
Kaiminjanka8: checks 
radupaco: checks 
dddenki: checks 
*** TURN *** [As Kh 9c] [8c]
Kaiminjanka8: checks 
radupaco: bets $0.06
dddenki: calls $0.06
Kaiminjanka8: folds 
*** RIVER *** [As Kh 9c 8c] [5c]
radupaco: bets $0.06
dddenki: folds 
Uncalled bet ($0.06) returned to radupaco
radupaco collected $0.17 from pot
*** SUMMARY ***
Total pot $0.18 | Rake $0.01 
Board [As Kh 9c 8c 5c]
Seat 1: radupaco (big blind) collected ($0.17)
Seat 2: elaczino95 folded before Flop (didn't bet)
Seat 3: Reinvest83 folded before Flop (didn't bet)
Seat 4: Lorpugo folded before Flop (didn't bet)
Seat 5: dddenki (button) folded on the River
Seat 6: Kaiminjanka8 (small blind) folded on the Turn



PokerStars Hand #239650093221:  Hold'em No Limit ($0.01/$0.02 USD) - 2022/11/04 15:58:42 ET
Table 'Aoluta III' 6-max Seat #6 is the button
Seat 1: radupaco ($2.23 in chips) 
Seat 2: elaczino95 ($2 in chips) 
Seat 3: Reinvest83 ($4.17 in chips) 
Seat 4: Lorpugo ($3.30 in chips) 
Seat 5: dddenki ($1.29 in chips) 
Seat 6: Kaiminjanka8 ($2.77 in chips) 
radupaco: posts small blind $0.01
elaczino95: posts big blind $0.02
*** HOLE CARDS ***
Dealt to Lorpugo [5s 7h]
Reinvest83: raises $0.04 to $0.06
Lorpugo: folds 
dddenki: raises $0.08 to $0.14
Kaiminjanka8: folds 
radupaco: folds 
elaczino95: folds 
Reinvest83: calls $0.08
*** FLOP *** [8c 2d Ac]
Reinvest83: checks 
dddenki: bets $0.30
Reinvest83: folds 
Uncalled bet ($0.30) returned to dddenki
dddenki collected $0.30 from pot
*** SUMMARY ***
Total pot $0.31 | Rake $0.01 
Board [8c 2d Ac]
Seat 1: radupaco (small blind) folded before Flop
Seat 2: elaczino95 (big blind) folded before Flop
Seat 3: Reinvest83 folded on the Flop
Seat 4: Lorpugo folded before Flop (didn't bet)
Seat 5: dddenki collected ($0.30)
Seat 6: Kaiminjanka8 (button) folded before Flop (didn't bet)



PokerStars Hand #239650104023:  Hold'em No Limit ($0.01/$0.02 USD) - 2022/11/04 15:59:21 ET
Table 'Aoluta III' 6-max Seat #1 is the button
Seat 1: radupaco ($2.22 in chips) 
Seat 2: elaczino95 ($2 in chips) 
Seat 3: Reinvest83 ($4.03 in chips) 
Seat 4: Lorpugo ($3.30 in chips) 
Seat 5: dddenki ($1.45 in chips) 
Seat 6: Kaiminjanka8 ($2.77 in chips) 
elaczino95: posts small blind $0.01
Reinvest83: posts big blind $0.02
*** HOLE CARDS ***
Dealt to Lorpugo [8s 5d]
Lorpugo: folds 
dddenki: raises $0.02 to $0.04
Kaiminjanka8: folds 
radupaco: calls $0.04
elaczino95: folds 
Reinvest83: folds 
*** FLOP *** [4s Qc 7c]
dddenki: bets $0.11
radupaco: calls $0.11
*** TURN *** [4s Qc 7c] [3d]
dddenki: bets $0.16
radupaco: calls $0.16
*** RIVER *** [4s Qc 7c 3d] [8h]
dddenki: bets $0.02
radupaco: calls $0.02
*** SHOW DOWN ***
dddenki: shows [7s 2s] (a pair of Sevens)
radupaco: shows [9h 7d] (a pair of Sevens - Queen+Nine kicker)
radupaco collected $0.67 from pot
*** SUMMARY ***
Total pot $0.69 | Rake $0.02 
Board [4s Qc 7c 3d 8h]
Seat 1: radupaco (button) showed [9h 7d] and won ($0.67) with a pair of Sevens
Seat 2: elaczino95 (small blind) folded before Flop
Seat 3: Reinvest83 (big blind) folded before Flop
Seat 4: Lorpugo folded before Flop (didn't bet)
Seat 5: dddenki showed [7s 2s] and lost with a pair of Sevens
Seat 6: Kaiminjanka8 folded before Flop (didn't bet)



PokerStars Hand #239650114004:  Hold'em No Limit ($0.01/$0.02 USD) - 2022/11/04 15:59:57 ET
Table 'Aoluta III' 6-max Seat #2 is the button
Seat 1: radupaco ($2.56 in chips) 
Seat 2: elaczino95 ($2 in chips) 
Seat 3: Reinvest83 ($4.01 in chips) 
Seat 4: Lorpugo ($3.30 in chips) 
Seat 5: dddenki ($1.12 in chips) 
Seat 6: Kaiminjanka8 ($2.77 in chips) 
Reinvest83: posts small blind $0.01
Lorpugo: posts big blind $0.02
*** HOLE CARDS ***
Dealt to Lorpugo [Ts 5s]
dddenki: raises $0.05 to $0.07
Kaiminjanka8: calls $0.07
radupaco: folds 
elaczino95: folds 
Reinvest83: folds 
Lorpugo: folds 
*** FLOP *** [9s Qh 8c]
dddenki: checks 
Kaiminjanka8: checks 
*** TURN *** [9s Qh 8c] [6s]
dddenki: checks 
Kaiminjanka8: checks 
*** RIVER *** [9s Qh 8c 6s] [Qc]
dddenki: bets $0.08
Kaiminjanka8: calls $0.08
*** SHOW DOWN ***
dddenki: shows [Jh 5h] (a pair of Queens)
Kaiminjanka8: shows [7c 7d] (two pair, Queens and Sevens)
Kaiminjanka8 collected $0.32 from pot
*** SUMMARY ***
Total pot $0.33 | Rake $0.01 
Board [9s Qh 8c 6s Qc]
Seat 1: radupaco folded before Flop (didn't bet)
Seat 2: elaczino95 (button) folded before Flop (didn't bet)
Seat 3: Reinvest83 (small blind) folded before Flop
Seat 4: Lorpugo (big blind) folded before Flop
Seat 5: dddenki showed [Jh 5h] and lost with a pair of Queens
Seat 6: Kaiminjanka8 showed [7c 7d] and won ($0.32) with two pair, Queens and Sevens



PokerStars Hand #239650124765:  Hold'em No Limit ($0.01/$0.02 USD) - 2022/11/04 16:00:33 ET
Table 'Aoluta III' 6-max Seat #3 is the button
Seat 1: radupaco ($2.56 in chips) 
Seat 2: elaczino95 ($2 in chips) 
Seat 3: Reinvest83 ($4 in chips) 
Seat 4: Lorpugo ($3.28 in chips) 
Seat 5: dddenki ($0.97 in chips) 
Seat 6: Kaiminjanka8 ($2.94 in chips) 
Lorpugo: posts small blind $0.01
dddenki: posts big blind $0.02
*** HOLE CARDS ***
Dealt to Lorpugo [Jh Kc]
Kaiminjanka8: folds 
radupaco: raises $0.05 to $0.07
elaczino95: folds 
Reinvest83: folds 
Lorpugo: calls $0.06
dddenki: folds 
*** FLOP *** [3s 6s As]
Lorpugo: checks 
radupaco: bets $0.07
Lorpugo: folds 
Uncalled bet ($0.07) returned to radupaco
radupaco collected $0.15 from pot
*** SUMMARY ***
Total pot $0.16 | Rake $0.01 
Board [3s 6s As]
Seat 1: radupaco collected ($0.15)
Seat 2: elaczino95 folded before Flop (didn't bet)
Seat 3: Reinvest83 (button) folded before Flop (didn't bet)
Seat 4: Lorpugo (small blind) folded on the Flop
Seat 5: dddenki (big blind) folded before Flop
Seat 6: Kaiminjanka8 folded before Flop (didn't bet)



PokerStars Hand #239650133180:  Hold'em No Limit ($0.01/$0.02 USD) - 2022/11/04 16:01:00 ET
Table 'Aoluta III' 6-max Seat #4 is the button
Seat 1: radupaco ($2.64 in chips) 
Seat 2: elaczino95 ($2 in chips) 
Seat 3: Reinvest83 ($4 in chips) 
Seat 4: Lorpugo ($3.21 in chips) 
Seat 5: dddenki ($0.95 in chips) 
Seat 6: Kaiminjanka8 ($2.94 in chips) 
dddenki: posts small blind $0.01
Kaiminjanka8: posts big blind $0.02
*** HOLE CARDS ***
Dealt to Lorpugo [Ah Kc]
radupaco: folds 
elaczino95: folds 
Reinvest83: folds 
Lorpugo: raises $0.04 to $0.06
dddenki: calls $0.05
Kaiminjanka8: folds 
*** FLOP *** [6d 5s Th]
dddenki: bets $0.14
Lorpugo: folds 
Uncalled bet ($0.14) returned to dddenki
dddenki collected $0.14 from pot
*** SUMMARY ***
Total pot $0.14 | Rake $0 
Board [6d 5s Th]
Seat 1: radupaco folded before Flop (didn't bet)
Seat 2: elaczino95 folded before Flop (didn't bet)
Seat 3: Reinvest83 folded before Flop (didn't bet)
Seat 4: Lorpugo (button) folded on the Flop
Seat 5: dddenki (small blind) collected ($0.14)
Seat 6: Kaiminjanka8 (big blind) folded before Flop



PokerStars Hand #239650145096:  Hold'em No Limit ($0.01/$0.02 USD) - 2022/11/04 16:01:35 ET
Table 'Aoluta III' 6-max Seat #5 is the button
Seat 1: radupaco ($2.64 in chips) 
Seat 2: elaczino95 ($2 in chips) 
Seat 3: Reinvest83 ($4 in chips) 
Seat 4: Lorpugo ($3.15 in chips) 
Seat 5: dddenki ($1.03 in chips) 
Seat 6: Kaiminjanka8 ($2.92 in chips) 
Kaiminjanka8: posts small blind $0.01
radupaco: posts big blind $0.02
*** HOLE CARDS ***
Dealt to Lorpugo [Kc 5s]
elaczino95: folds 
Reinvest83: folds 
Lorpugo: folds 
dddenki: calls $0.02
Kaiminjanka8: calls $0.01
radupaco: checks 
*** FLOP *** [9d 3s 8s]
Kaiminjanka8: checks 
radupaco: checks 
dddenki: checks 
*** TURN *** [9d 3s 8s] [Ah]
Kaiminjanka8: checks 
radupaco: bets $0.04
dddenki: folds 
Kaiminjanka8: folds 
Uncalled bet ($0.04) returned to radupaco
radupaco collected $0.06 from pot
*** SUMMARY ***
Total pot $0.06 | Rake $0 
Board [9d 3s 8s Ah]
Seat 1: radupaco (big blind) collected ($0.06)
Seat 2: elaczino95 folded before Flop (didn't bet)
Seat 3: Reinvest83 folded before Flop (didn't bet)
Seat 4: Lorpugo folded before Flop (didn't bet)
Seat 5: dddenki (button) folded on the Turn
Seat 6: Kaiminjanka8 (small blind) folded on the Turn



PokerStars Hand #239650153851:  Hold'em No Limit ($0.01/$0.02 USD) - 2022/11/04 16:01:59 ET
Table 'Aoluta III' 6-max Seat #6 is the button
Seat 1: radupaco ($2.68 in chips) 
Seat 2: elaczino95 ($2 in chips) 
Seat 3: Reinvest83 ($4 in chips) 
Seat 4: Lorpugo ($3.15 in chips) 
Seat 5: dddenki ($1.01 in chips) 
Seat 6: Kaiminjanka8 ($2.90 in chips) 
radupaco: posts small blind $0.01
elaczino95: posts big blind $0.02
*** HOLE CARDS ***
Dealt to Lorpugo [4d Ah]
Reinvest83: folds 
Lorpugo: raises $0.04 to $0.06
dddenki: raises $0.04 to $0.10
Kaiminjanka8: folds 
radupaco: folds 
elaczino95: folds 
Lorpugo: calls $0.04
*** FLOP *** [6d 7c Qs]
Lorpugo: checks 
dddenki: bets $0.22
Lorpugo: folds 
Uncalled bet ($0.22) returned to dddenki
dddenki collected $0.22 from pot
*** SUMMARY ***
Total pot $0.23 | Rake $0.01 
Board [6d 7c Qs]
Seat 1: radupaco (small blind) folded before Flop
Seat 2: elaczino95 (big blind) folded before Flop
Seat 3: Reinvest83 folded before Flop (didn't bet)
Seat 4: Lorpugo folded on the Flop
Seat 5: dddenki collected ($0.22)
Seat 6: Kaiminjanka8 (button) folded before Flop (didn't bet)



PokerStars Hand #239650168389:  Hold'em No Limit ($0.01/$0.02 USD) - 2022/11/04 16:02:38 ET
Table 'Aoluta III' 6-max Seat #1 is the button
Seat 1: radupaco ($2.67 in chips) 
Seat 2: elaczino95 ($2 in chips) 
Seat 3: Reinvest83 ($4 in chips) 
Seat 4: Lorpugo ($3.05 in chips) 
Seat 5: dddenki ($1.13 in chips) 
Seat 6: Kaiminjanka8 ($2.90 in chips) 
elaczino95: posts small blind $0.01
Reinvest83: posts big blind $0.02
*** HOLE CARDS ***
Dealt to Lorpugo [5s 8s]
Lorpugo: folds 
dddenki: raises $0.02 to $0.04
Kaiminjanka8: calls $0.04
radupaco: folds 
elaczino95: folds 
Reinvest83: folds 
*** FLOP *** [5h Js Qd]
dddenki: bets $0.11
Kaiminjanka8: calls $0.11
*** TURN *** [5h Js Qd] [3d]
dddenki: bets $0.32
Kaiminjanka8: calls $0.32
*** RIVER *** [5h Js Qd 3d] [9c]
dddenki: bets $0.66 and is all-in
Kaiminjanka8: calls $0.66
*** SHOW DOWN ***
dddenki: shows [Kc Th] (a straight, Nine to King)
Kaiminjanka8: shows [Jc 9s] (two pair, Jacks and Nines)
dddenki collected $2.21 from pot
*** SUMMARY ***
Total pot $2.29 | Rake $0.08 
Board [5h Js Qd 3d 9c]
Seat 1: radupaco (button) folded before Flop (didn't bet)
Seat 2: elaczino95 (small blind) folded before Flop
Seat 3: Reinvest83 (big blind) folded before Flop
Seat 4: Lorpugo folded before Flop (didn't bet)
Seat 5: dddenki showed [Kc Th] and won ($2.21) with a straight, Nine to King
Seat 6: Kaiminjanka8 showed [Jc 9s] and lost with two pair, Jacks and Nines



PokerStars Hand #239650183791:  Hold'em No Limit ($0.01/$0.02 USD) - 2022/11/04 16:03:18 ET
Table 'Aoluta III' 6-max Seat #2 is the button
Seat 1: radupaco ($2.67 in chips) 
Seat 2: elaczino95 ($2 in chips) 
Seat 3: Reinvest83 ($3.98 in chips) 
Seat 4: Lorpugo ($3.05 in chips) 
Seat 5: dddenki ($2.21 in chips) 
Seat 6: Kaiminjanka8 ($1.77 in chips) 
Reinvest83: posts small blind $0.01
Lorpugo: posts big blind $0.02
*** HOLE CARDS ***
Dealt to Lorpugo [Ad 8c]
dddenki: raises $0.05 to $0.07
Kaiminjanka8: calls $0.07
radupaco: calls $0.07
elaczino95: folds 
Reinvest83: folds 
Lorpugo: calls $0.05
*** FLOP *** [3c 9c Kd]
Lorpugo: checks 
dddenki: bets $0.28
Kaiminjanka8: folds 
radupaco: calls $0.28
Lorpugo: folds 
*** TURN *** [3c 9c Kd] [Jc]
dddenki: bets $1.86 and is all-in
radupaco: folds 
Uncalled bet ($1.86) returned to dddenki
dddenki collected $0.82 from pot
*** SUMMARY ***
Total pot $0.85 | Rake $0.03 
Board [3c 9c Kd Jc]
Seat 1: radupaco folded on the Turn
Seat 2: elaczino95 (button) folded before Flop (didn't bet)
Seat 3: Reinvest83 (small blind) folded before Flop
Seat 4: Lorpugo (big blind) folded on the Flop
Seat 5: dddenki collected ($0.82)
Seat 6: Kaiminjanka8 folded on the Flop



PokerStars Hand #239650195832:  Hold'em No Limit ($0.01/$0.02 USD) - 2022/11/04 16:03:50 ET
Table 'Aoluta III' 6-max Seat #3 is the button
Seat 1: radupaco ($2.32 in chips) 
Seat 2: elaczino95 ($2 in chips) 
Seat 3: Reinvest83 ($3.97 in chips) 
Seat 4: Lorpugo ($2.98 in chips) 
Seat 5: dddenki ($2.68 in chips) 
Seat 6: Kaiminjanka8 ($1.70 in chips) 
Lorpugo: posts small blind $0.01
dddenki: posts big blind $0.02
*** HOLE CARDS ***
Dealt to Lorpugo [9h 2c]
Kaiminjanka8: folds 
radupaco: raises $0.05 to $0.07
elaczino95: folds 
Reinvest83: raises $0.07 to $0.14
Lorpugo: folds 
dddenki: calls $0.12
radupaco: calls $0.07
*** FLOP *** [3c 7s 6s]
dddenki: bets $0.21
radupaco: folds 
Reinvest83: folds 
Uncalled bet ($0.21) returned to dddenki
dddenki collected $0.41 from pot
*** SUMMARY ***
Total pot $0.43 | Rake $0.02 
Board [3c 7s 6s]
Seat 1: radupaco folded on the Flop
Seat 2: elaczino95 folded before Flop (didn't bet)
Seat 3: Reinvest83 (button) folded on the Flop
Seat 4: Lorpugo (small blind) folded before Flop
Seat 5: dddenki (big blind) collected ($0.41)
Seat 6: Kaiminjanka8 folded before Flop (didn't bet)



PokerStars Hand #239650208382:  Hold'em No Limit ($0.01/$0.02 USD) - 2022/11/04 16:04:23 ET
Table 'Aoluta III' 6-max Seat #4 is the button
Seat 1: radupaco ($2.18 in chips) 
Seat 2: elaczino95 ($2 in chips) 
Seat 3: Reinvest83 ($3.83 in chips) 
Seat 4: Lorpugo ($2.97 in chips) 
Seat 5: dddenki ($2.95 in chips) 
Seat 6: Kaiminjanka8 ($1.70 in chips) 
dddenki: posts small blind $0.01
Kaiminjanka8: posts big blind $0.02
*** HOLE CARDS ***
Dealt to Lorpugo [Tc 8c]
radupaco: folds 
elaczino95: raises $0.04 to $0.06
Reinvest83: folds 
Lorpugo: calls $0.06
dddenki: calls $0.05
Kaiminjanka8: calls $0.04
*** FLOP *** [3c As 2h]
dddenki: checks 
Kaiminjanka8: checks 
elaczino95: bets $0.08
Lorpugo: folds 
dddenki: calls $0.08
Kaiminjanka8: folds 
*** TURN *** [3c As 2h] [4s]
dddenki: checks 
elaczino95: checks 
*** RIVER *** [3c As 2h 4s] [Kc]
dddenki: bets $0.39
elaczino95: folds 
Uncalled bet ($0.39) returned to dddenki
dddenki collected $0.39 from pot
*** SUMMARY ***
Total pot $0.40 | Rake $0.01 
Board [3c As 2h 4s Kc]
Seat 1: radupaco folded before Flop (didn't bet)
Seat 2: elaczino95 folded on the River
Seat 3: Reinvest83 folded before Flop (didn't bet)
Seat 4: Lorpugo (button) folded on the Flop
Seat 5: dddenki (small blind) collected ($0.39)
Seat 6: Kaiminjanka8 (big blind) folded on the Flop



PokerStars Hand #239650235828:  Hold'em No Limit ($0.01/$0.02 USD) - 2022/11/04 16:05:33 ET
Table 'Aoluta III' 6-max Seat #5 is the button
Seat 1: radupaco ($2.18 in chips) 
Seat 2: elaczino95 ($2 in chips) 
Seat 3: Reinvest83 ($3.83 in chips) 
Seat 4: Lorpugo ($2.91 in chips) 
Seat 5: dddenki ($3.20 in chips) 
Seat 6: Kaiminjanka8 ($1.64 in chips) 
Kaiminjanka8: posts small blind $0.01
radupaco: posts big blind $0.02
*** HOLE CARDS ***
Dealt to Lorpugo [Tc 3c]
elaczino95: raises $0.04 to $0.06
Reinvest83: folds 
Lorpugo: folds 
dddenki: calls $0.06
Kaiminjanka8: folds 
radupaco: folds 
*** FLOP *** [5d Jd 8c]
elaczino95: bets $0.05
dddenki: calls $0.05
*** TURN *** [5d Jd 8c] [Kc]
elaczino95: bets $0.18
dddenki: folds 
Uncalled bet ($0.18) returned to elaczino95
elaczino95 collected $0.24 from pot
elaczino95: doesn't show hand 
*** SUMMARY ***
Total pot $0.25 | Rake $0.01 
Board [5d Jd 8c Kc]
Seat 1: radupaco (big blind) folded before Flop
Seat 2: elaczino95 collected ($0.24)
Seat 3: Reinvest83 folded before Flop (didn't bet)
Seat 4: Lorpugo folded before Flop (didn't bet)
Seat 5: dddenki (button) folded on the Turn
Seat 6: Kaiminjanka8 (small blind) folded before Flop



PokerStars Hand #239650245382:  Hold'em No Limit ($0.01/$0.02 USD) - 2022/11/04 16:05:58 ET
Table 'Aoluta III' 6-max Seat #6 is the button
Seat 1: radupaco ($2.16 in chips) 
Seat 3: Reinvest83 ($3.83 in chips) 
Seat 4: Lorpugo ($2.91 in chips) 
Seat 5: dddenki ($3.09 in chips) 
Seat 6: Kaiminjanka8 ($1.63 in chips) 
radupaco: posts small blind $0.01
elaczino95: is sitting out 
Reinvest83: posts big blind $0.02
*** HOLE CARDS ***
Dealt to Lorpugo [Ks 5s]
Lorpugo: folds 
dddenki: calls $0.02
Kaiminjanka8: calls $0.02
elaczino95 leaves the table
blaino22 joins the table at seat #2 
radupaco: calls $0.01
Reinvest83: checks 
*** FLOP *** [3h 9c 7h]
radupaco: checks 
Reinvest83: checks 
dddenki: checks 
Kaiminjanka8: checks 
*** TURN *** [3h 9c 7h] [3d]
radupaco: bets $0.06
Reinvest83: folds 
dddenki: folds 
Kaiminjanka8: calls $0.06
*** RIVER *** [3h 9c 7h 3d] [Kh]
radupaco: bets $0.11
Kaiminjanka8: folds 
Uncalled bet ($0.11) returned to radupaco
radupaco collected $0.19 from pot
*** SUMMARY ***
Total pot $0.20 | Rake $0.01 
Board [3h 9c 7h 3d Kh]
Seat 1: radupaco (small blind) collected ($0.19)
Seat 3: Reinvest83 (big blind) folded on the Turn
Seat 4: Lorpugo folded before Flop (didn't bet)
Seat 5: dddenki folded on the Turn
Seat 6: Kaiminjanka8 (button) folded on the River



PokerStars Hand #239650263978:  Hold'em No Limit ($0.01/$0.02 USD) - 2022/11/04 16:06:47 ET
Table 'Aoluta III' 6-max Seat #1 is the button
Seat 1: radupaco ($2.27 in chips) 
Seat 3: Reinvest83 ($3.81 in chips) 
Seat 4: Lorpugo ($2.91 in chips) 
Seat 5: dddenki ($3.07 in chips) 
Seat 6: Kaiminjanka8 ($1.55 in chips) 
Reinvest83: posts small blind $0.01
Lorpugo: posts big blind $0.02
*** HOLE CARDS ***
Dealt to Lorpugo [6s Ac]
dddenki: raises $0.02 to $0.04
Kaiminjanka8: folds 
radupaco: calls $0.04
Reinvest83: folds 
Lorpugo: calls $0.02
*** FLOP *** [Qh Kd Qc]
Lorpugo: checks 
dddenki: checks 
radupaco: checks 
*** TURN *** [Qh Kd Qc] [5d]
Lorpugo: checks 
dddenki: checks 
radupaco: checks 
*** RIVER *** [Qh Kd Qc 5d] [Js]
Lorpugo: checks 
dddenki: checks 
radupaco: checks 
*** SHOW DOWN ***
Lorpugo: shows [6s Ac] (a pair of Queens)
dddenki: mucks hand 
radupaco: shows [5s 9s] (two pair, Queens and Fives)
radupaco collected $0.13 from pot
*** SUMMARY ***
Total pot $0.13 | Rake $0 
Board [Qh Kd Qc 5d Js]
Seat 1: radupaco (button) showed [5s 9s] and won ($0.13) with two pair, Queens and Fives
Seat 3: Reinvest83 (small blind) folded before Flop
Seat 4: Lorpugo (big blind) showed [6s Ac] and lost with a pair of Queens
Seat 5: dddenki mucked [Th 7h]
Seat 6: Kaiminjanka8 folded before Flop (didn't bet)



PokerStars Hand #239650284780:  Hold'em No Limit ($0.01/$0.02 USD) - 2022/11/04 16:07:41 ET
Table 'Aoluta III' 6-max Seat #3 is the button
Seat 1: radupaco ($2.36 in chips) 
Seat 2: blaino22 ($1.60 in chips) 
Seat 3: Reinvest83 ($3.80 in chips) 
Seat 4: Lorpugo ($2.87 in chips) 
Seat 5: dddenki ($3.03 in chips) 
Seat 6: Kaiminjanka8 ($1.55 in chips) 
Lorpugo: posts small blind $0.01
dddenki: posts big blind $0.02
blaino22: posts big blind $0.02
*** HOLE CARDS ***
Dealt to Lorpugo [Jh 4h]
Kaiminjanka8: folds 
radupaco: calls $0.02
blaino22: checks 
Reinvest83: folds 
Lorpugo: folds 
dddenki: checks 
*** FLOP *** [6c 5d 2h]
dddenki: checks 
radupaco: checks 
blaino22: checks 
*** TURN *** [6c 5d 2h] [Js]
dddenki: checks 
radupaco: checks 
blaino22: bets $0.06
dddenki: calls $0.06
radupaco: folds 
*** RIVER *** [6c 5d 2h Js] [4c]
dddenki: checks 
blaino22: bets $0.09
dddenki: raises $2.86 to $2.95 and is all-in
blaino22: folds 
Uncalled bet ($2.86) returned to dddenki
dddenki collected $0.36 from pot
*** SUMMARY ***
Total pot $0.37 | Rake $0.01 
Board [6c 5d 2h Js 4c]
Seat 1: radupaco folded on the Turn
Seat 2: blaino22 folded on the River
Seat 3: Reinvest83 (button) folded before Flop (didn't bet)
Seat 4: Lorpugo (small blind) folded before Flop
Seat 5: dddenki (big blind) collected ($0.36)
Seat 6: Kaiminjanka8 folded before Flop (didn't bet)



PokerStars Hand #239650301240:  Hold'em No Limit ($0.01/$0.02 USD) - 2022/11/04 16:08:23 ET
Table 'Aoluta III' 6-max Seat #4 is the button
Seat 1: radupaco ($2.34 in chips) 
Seat 2: blaino22 ($1.43 in chips) 
Seat 3: Reinvest83 ($3.80 in chips) 
Seat 4: Lorpugo ($2.86 in chips) 
Seat 5: dddenki ($3.22 in chips) 
Seat 6: Kaiminjanka8 ($1.55 in chips) 
dddenki: posts small blind $0.01
Kaiminjanka8: posts big blind $0.02
*** HOLE CARDS ***
Dealt to Lorpugo [8h Td]
radupaco: raises $0.05 to $0.07
blaino22: folds 
Reinvest83: folds 
Lorpugo: folds 
dddenki: calls $0.06
Kaiminjanka8: folds 
*** FLOP *** [Js Qd 4c]
dddenki: checks 
radupaco: bets $0.07
dddenki: calls $0.07
*** TURN *** [Js Qd 4c] [Ts]
dddenki: checks 
radupaco: checks 
*** RIVER *** [Js Qd 4c Ts] [Ac]
dddenki: checks 
radupaco: bets $0.02
dddenki: folds 
Uncalled bet ($0.02) returned to radupaco
radupaco collected $0.29 from pot
*** SUMMARY ***
Total pot $0.30 | Rake $0.01 
Board [Js Qd 4c Ts Ac]
Seat 1: radupaco collected ($0.29)
Seat 2: blaino22 folded before Flop (didn't bet)
Seat 3: Reinvest83 folded before Flop (didn't bet)
Seat 4: Lorpugo (button) folded before Flop (didn't bet)
Seat 5: dddenki (small blind) folded on the River
Seat 6: Kaiminjanka8 (big blind) folded before Flop



PokerStars Hand #239650314925:  Hold'em No Limit ($0.01/$0.02 USD) - 2022/11/04 16:08:58 ET
Table 'Aoluta III' 6-max Seat #5 is the button
Seat 1: radupaco ($2.49 in chips) 
Seat 2: blaino22 ($1.43 in chips) 
Seat 3: Reinvest83 ($3.80 in chips) 
Seat 4: Lorpugo ($2.86 in chips) 
Seat 5: dddenki ($3.08 in chips) 
Seat 6: Kaiminjanka8 ($1.53 in chips) 
Kaiminjanka8: posts small blind $0.01
radupaco: posts big blind $0.02
*** HOLE CARDS ***
Dealt to Lorpugo [Td 6s]
blaino22: calls $0.02
Reinvest83: folds 
Lorpugo: folds 
dddenki: folds 
Kaiminjanka8: folds 
radupaco: checks 
*** FLOP *** [4c 8d 4s]
radupaco: checks 
blaino22: checks 
*** TURN *** [4c 8d 4s] [Qd]
radupaco: checks 
blaino22: bets $0.06
radupaco: folds 
Uncalled bet ($0.06) returned to blaino22
blaino22 collected $0.05 from pot
*** SUMMARY ***
Total pot $0.05 | Rake $0 
Board [4c 8d 4s Qd]
Seat 1: radupaco (big blind) folded on the Turn
Seat 2: blaino22 collected ($0.05)
Seat 3: Reinvest83 folded before Flop (didn't bet)
Seat 4: Lorpugo folded before Flop (didn't bet)
Seat 5: dddenki (button) folded before Flop (didn't bet)
Seat 6: Kaiminjanka8 (small blind) folded before Flop



PokerStars Hand #239650326686:  Hold'em No Limit ($0.01/$0.02 USD) - 2022/11/04 16:09:29 ET
Table 'Aoluta III' 6-max Seat #6 is the button
Seat 1: radupaco ($2.47 in chips) 
Seat 2: blaino22 ($1.46 in chips) 
Seat 3: Reinvest83 ($3.80 in chips) 
Seat 4: Lorpugo ($2.86 in chips) 
Seat 5: dddenki ($3.08 in chips) 
Seat 6: Kaiminjanka8 ($1.52 in chips) 
radupaco: posts small blind $0.01
blaino22: posts big blind $0.02
*** HOLE CARDS ***
Dealt to Lorpugo [2s Jh]
Reinvest83: raises $0.04 to $0.06
Lorpugo: folds 
dddenki has timed out
dddenki: folds 
Kaiminjanka8: folds 
radupaco: folds 
blaino22: calls $0.04
*** FLOP *** [Ts 6s Ks]
blaino22: bets $0.13
Reinvest83: folds 
Uncalled bet ($0.13) returned to blaino22
blaino22 collected $0.13 from pot
*** SUMMARY ***
Total pot $0.13 | Rake $0 
Board [Ts 6s Ks]
Seat 1: radupaco (small blind) folded before Flop
Seat 2: blaino22 (big blind) collected ($0.13)
Seat 3: Reinvest83 folded on the Flop
Seat 4: Lorpugo folded before Flop (didn't bet)
Seat 5: dddenki folded before Flop (didn't bet)
Seat 6: Kaiminjanka8 (button) folded before Flop (didn't bet)



PokerStars Hand #239650339056:  Hold'em No Limit ($0.01/$0.02 USD) - 2022/11/04 16:10:00 ET
Table 'Aoluta III' 6-max Seat #1 is the button
Seat 1: radupaco ($2.46 in chips) 
Seat 2: blaino22 ($1.53 in chips) 
Seat 3: Reinvest83 ($3.74 in chips) 
Seat 4: Lorpugo ($2.86 in chips) 
Seat 6: Kaiminjanka8 ($1.52 in chips) 
blaino22: posts small blind $0.01
Reinvest83: posts big blind $0.02
*** HOLE CARDS ***
Dealt to Lorpugo [7d 9d]
Lorpugo: raises $0.04 to $0.06
Kaiminjanka8: folds 
radupaco: folds 
blaino22: calls $0.05
Reinvest83: calls $0.04
*** FLOP *** [8d 6h Kc]
blaino22: checks 
Reinvest83: checks 
Lorpugo: bets $0.06
blaino22: folds 
Reinvest83: folds 
Uncalled bet ($0.06) returned to Lorpugo
Lorpugo collected $0.17 from pot
Lorpugo: doesn't show hand 
*** SUMMARY ***
Total pot $0.18 | Rake $0.01 
Board [8d 6h Kc]
Seat 1: radupaco (button) folded before Flop (didn't bet)
Seat 2: blaino22 (small blind) folded on the Flop
Seat 3: Reinvest83 (big blind) folded on the Flop
Seat 4: Lorpugo collected ($0.17)
Seat 6: Kaiminjanka8 folded before Flop (didn't bet)



PokerStars Hand #239650349324:  Hold'em No Limit ($0.01/$0.02 USD) - 2022/11/04 16:10:27 ET
Table 'Aoluta III' 6-max Seat #2 is the button
Seat 1: radupaco ($2.46 in chips) 
Seat 2: blaino22 ($1.47 in chips) 
Seat 3: Reinvest83 ($3.68 in chips) 
Seat 4: Lorpugo ($2.97 in chips) 
Seat 5: dddenki ($3.08 in chips) 
Seat 6: Kaiminjanka8 ($1.52 in chips) 
Reinvest83: posts small blind $0.01
Lorpugo: posts big blind $0.02
*** HOLE CARDS ***
Dealt to Lorpugo [Qh Ah]
dddenki: calls $0.02
Kaiminjanka8: folds 
radupaco has timed out
radupaco: folds 
blaino22: raises $0.04 to $0.06
Reinvest83: folds 
Lorpugo: raises $0.15 to $0.21
dddenki: calls $0.19
blaino22: calls $0.15
*** FLOP *** [6s 7h 4h]
Lorpugo: bets $0.20
dddenki: calls $0.20
blaino22: folds 
*** TURN *** [6s 7h 4h] [2c]
Lorpugo: bets $0.50
dddenki: calls $0.50
*** RIVER *** [6s 7h 4h 2c] [5h]
Lorpugo: bets $2.06 and is all-in
dddenki: calls $2.06
*** SHOW DOWN ***
Lorpugo: shows [Qh Ah] (a flush, Ace high)
dddenki: shows [3s 4d] (a straight, Three to Seven)
Lorpugo collected $5.94 from pot
*** SUMMARY ***
Total pot $6.16 | Rake $0.22 
Board [6s 7h 4h 2c 5h]
Seat 1: radupaco folded before Flop (didn't bet)
Seat 2: blaino22 (button) folded on the Flop
Seat 3: Reinvest83 (small blind) folded before Flop
Seat 4: Lorpugo (big blind) showed [Qh Ah] and won ($5.94) with a flush, Ace high
Seat 5: dddenki showed [3s 4d] and lost with a straight, Three to Seven
Seat 6: Kaiminjanka8 folded before Flop (didn't bet)



PokerStars Hand #239650373140:  Hold'em No Limit ($0.01/$0.02 USD) - 2022/11/04 16:11:29 ET
Table 'Aoluta III' 6-max Seat #3 is the button
Seat 1: radupaco ($2.46 in chips) 
Seat 2: blaino22 ($1.26 in chips) 
Seat 3: Reinvest83 ($3.67 in chips) 
Seat 4: Lorpugo ($5.94 in chips) 
Seat 5: dddenki ($0.11 in chips) 
Seat 6: Kaiminjanka8 ($1.52 in chips) 
Lorpugo: posts small blind $0.01
dddenki: posts big blind $0.02
*** HOLE CARDS ***
Dealt to Lorpugo [6h Th]
Kaiminjanka8: folds 
radupaco: raises $0.10 to $0.12
blaino22: calls $0.12
Reinvest83: folds 
Lorpugo: folds 
dddenki: calls $0.09 and is all-in
*** FLOP *** [Jh 7c As]
radupaco: bets $0.15
blaino22: calls $0.15
*** TURN *** [Jh 7c As] [7d]
radupaco: bets $0.30
blaino22: calls $0.30
*** RIVER *** [Jh 7c As 7d] [Qc]
radupaco: bets $0.61
blaino22: calls $0.61
*** SHOW DOWN ***
radupaco: shows [2h Ac] (two pair, Aces and Sevens)
blaino22: mucks hand 
radupaco collected $2.06 from side pot
dddenki: mucks hand 
radupaco collected $0.33 from main pot
*** SUMMARY ***
Total pot $2.48 Main pot $0.33. Side pot $2.06. | Rake $0.09 
Board [Jh 7c As 7d Qc]
Seat 1: radupaco showed [2h Ac] and won ($2.39) with two pair, Aces and Sevens
Seat 2: blaino22 mucked [Qs Ts]
Seat 3: Reinvest83 (button) folded before Flop (didn't bet)
Seat 4: Lorpugo (small blind) folded before Flop
Seat 5: dddenki (big blind) mucked [3d Jc]
Seat 6: Kaiminjanka8 folded before Flop (didn't bet)



PokerStars Hand #239650394137:  Hold'em No Limit ($0.01/$0.02 USD) - 2022/11/04 16:12:24 ET
Table 'Aoluta III' 6-max Seat #4 is the button
Seat 1: radupaco ($3.67 in chips) 
Seat 2: blaino22 ($0.08 in chips) 
Seat 3: Reinvest83 ($3.67 in chips) 
Seat 4: Lorpugo ($5.93 in chips) 
Seat 6: Kaiminjanka8 ($1.52 in chips) 
Kaiminjanka8: posts small blind $0.01
radupaco: posts big blind $0.02
*** HOLE CARDS ***
Dealt to Lorpugo [5c 2c]
blaino22: raises $0.06 to $0.08 and is all-in
Reinvest83: folds 
Lorpugo: folds 
Kaiminjanka8: folds 
radupaco: calls $0.06
*** FLOP *** [Ks 2h Ah]
*** TURN *** [Ks 2h Ah] [3d]
*** RIVER *** [Ks 2h Ah 3d] [3s]
*** SHOW DOWN ***
radupaco: shows [7h 7s] (two pair, Sevens and Threes)
blaino22: shows [Ac Ad] (a full house, Aces full of Threes)
blaino22 collected $0.16 from pot
*** SUMMARY ***
Total pot $0.17 | Rake $0.01 
Board [Ks 2h Ah 3d 3s]
Seat 1: radupaco (big blind) showed [7h 7s] and lost with two pair, Sevens and Threes
Seat 2: blaino22 showed [Ac Ad] and won ($0.16) with a full house, Aces full of Threes
Seat 3: Reinvest83 folded before Flop (didn't bet)
Seat 4: Lorpugo (button) folded before Flop (didn't bet)
Seat 6: Kaiminjanka8 (small blind) folded before Flop



PokerStars Hand #239650403078:  Hold'em No Limit ($0.01/$0.02 USD) - 2022/11/04 16:12:47 ET
Table 'Aoluta III' 6-max Seat #6 is the button
Seat 1: radupaco ($3.59 in chips) 
Seat 2: blaino22 ($0.16 in chips) 
Seat 3: Reinvest83 ($3.67 in chips) 
Seat 4: Lorpugo ($5.93 in chips) 
Seat 5: dddenki ($0.80 in chips) 
Seat 6: Kaiminjanka8 ($1.51 in chips) 
radupaco: posts small blind $0.01
blaino22: posts big blind $0.02
dddenki: posts small blind $0.01
*** HOLE CARDS ***
Dealt to Lorpugo [5d 7h]
Reinvest83: raises $0.04 to $0.06
Lorpugo: folds 
dddenki: calls $0.06
Kaiminjanka8: calls $0.06
radupaco: folds 
blaino22: raises $0.10 to $0.16 and is all-in
Reinvest83: raises $0.80 to $0.96
dddenki: calls $0.73 and is all-in
Kaiminjanka8: folds 
Uncalled bet ($0.17) returned to Reinvest83
*** FLOP *** [Th 7c Ts]
*** TURN *** [Th 7c Ts] [3h]
*** RIVER *** [Th 7c Ts 3h] [Qd]
*** SHOW DOWN ***
Reinvest83: shows [Kd Qh] (two pair, Queens and Tens)
dddenki: shows [5s 3s] (two pair, Tens and Threes)
Reinvest83 collected $1.22 from side pot
blaino22: shows [Ac 9s] (a pair of Tens)
Reinvest83 collected $0.54 from main pot
*** SUMMARY ***
Total pot $1.82 Main pot $0.54. Side pot $1.22. | Rake $0.06 
Board [Th 7c Ts 3h Qd]
Seat 1: radupaco (small blind) folded before Flop
Seat 2: blaino22 (big blind) showed [Ac 9s] and lost with a pair of Tens
Seat 3: Reinvest83 showed [Kd Qh] and won ($1.76) with two pair, Queens and Tens
Seat 4: Lorpugo folded before Flop (didn't bet)
Seat 5: dddenki showed [5s 3s] and lost with two pair, Tens and Threes
Seat 6: Kaiminjanka8 (button) folded before Flop



PokerStars Hand #239650421673:  Hold'em No Limit ($0.01/$0.02 USD) - 2022/11/04 16:13:35 ET
Table 'Aoluta III' 6-max Seat #1 is the button
Seat 1: radupaco ($3.58 in chips) 
Seat 3: Reinvest83 ($4.64 in chips) 
Seat 4: Lorpugo ($5.93 in chips) 
Seat 6: Kaiminjanka8 ($1.45 in chips) 
Reinvest83: posts small blind $0.01
Lorpugo: posts big blind $0.02
*** HOLE CARDS ***
Dealt to Lorpugo [Ah 2s]
Kaiminjanka8: folds 
radupaco: folds 
Reinvest83: folds 
Uncalled bet ($0.01) returned to Lorpugo
Lorpugo collected $0.02 from pot
Lorpugo: doesn't show hand 
*** SUMMARY ***
Total pot $0.02 | Rake $0 
Seat 1: radupaco (button) folded before Flop (didn't bet)
Seat 3: Reinvest83 (small blind) folded before Flop
Seat 4: Lorpugo (big blind) collected ($0.02)
Seat 6: Kaiminjanka8 folded before Flop (didn't bet)



PokerStars Hand #239650425585:  Hold'em No Limit ($0.01/$0.02 USD) - 2022/11/04 16:13:45 ET
Table 'Aoluta III' 6-max Seat #3 is the button
Seat 1: radupaco ($3.58 in chips) 
Seat 2: blaino22 ($1.35 in chips) 
Seat 3: Reinvest83 ($4.63 in chips) 
Seat 4: Lorpugo ($5.94 in chips) 
Seat 5: dddenki ($2 in chips) 
Seat 6: Kaiminjanka8 ($1.45 in chips) 
Lorpugo: posts small blind $0.01
dddenki: posts big blind $0.02
blaino22: posts small blind $0.01
*** HOLE CARDS ***
Dealt to Lorpugo [4h 8d]
Kaiminjanka8: calls $0.02
radupaco: folds 
blaino22: raises $0.02 to $0.04
Reinvest83: calls $0.04
Lorpugo: folds 
dddenki: calls $0.02
Kaiminjanka8: calls $0.02
*** FLOP *** [8s 9c Kd]
dddenki: bets $1.96 and is all-in
Kaiminjanka8: calls $1.41 and is all-in
blaino22: folds 
Reinvest83: folds 
Uncalled bet ($0.55) returned to dddenki
*** TURN *** [8s 9c Kd] [Ah]
*** RIVER *** [8s 9c Kd Ah] [Jh]
*** SHOW DOWN ***
dddenki: shows [3c Kc] (a pair of Kings)
Kaiminjanka8: shows [7c 6c] (high card Ace)
dddenki collected $2.90 from pot
Kaiminjanka8 cashed out the hand for $0.95 | Cash Out Fee $0.01
*** SUMMARY ***
Total pot $3 | Rake $0.10 
Board [8s 9c Kd Ah Jh]
Seat 1: radupaco folded before Flop (didn't bet)
Seat 2: blaino22 folded on the Flop
Seat 3: Reinvest83 (button) folded on the Flop
Seat 4: Lorpugo (small blind) folded before Flop
Seat 5: dddenki (big blind) showed [3c Kc] and won ($2.90) with a pair of Kings
Seat 6: Kaiminjanka8 showed [7c 6c] and lost with high card Ace (cashed out).



PokerStars Hand #239650443706:  Hold'em No Limit ($0.01/$0.02 USD) - 2022/11/04 16:14:32 ET
Table 'Aoluta III' 6-max Seat #4 is the button
Seat 1: radupaco ($3.58 in chips) 
Seat 2: blaino22 ($1.30 in chips) 
Seat 3: Reinvest83 ($4.59 in chips) 
Seat 4: Lorpugo ($5.93 in chips) 
Seat 5: dddenki ($3.45 in chips) 
Seat 6: Kaiminjanka8 ($0.95 in chips) 
dddenki: posts small blind $0.01
Kaiminjanka8: posts big blind $0.02
*** HOLE CARDS ***
Dealt to Lorpugo [7c 4s]
radupaco: folds 
blaino22 has timed out
blaino22: folds 
Reinvest83: folds 
Lorpugo: folds 
dddenki: calls $0.01
Kaiminjanka8: checks 
*** FLOP *** [Ks Th Ts]
dddenki: checks 
Kaiminjanka8: checks 
*** TURN *** [Ks Th Ts] [Jc]
dddenki: checks 
Kaiminjanka8: checks 
*** RIVER *** [Ks Th Ts Jc] [Js]
dddenki: checks 
Kaiminjanka8: bets $0.08
dddenki: folds 
Uncalled bet ($0.08) returned to Kaiminjanka8
Kaiminjanka8 collected $0.04 from pot
*** SUMMARY ***
Total pot $0.04 | Rake $0 
Board [Ks Th Ts Jc Js]
Seat 1: radupaco folded before Flop (didn't bet)
Seat 2: blaino22 folded before Flop (didn't bet)
Seat 3: Reinvest83 folded before Flop (didn't bet)
Seat 4: Lorpugo (button) folded before Flop (didn't bet)
Seat 5: dddenki (small blind) folded on the River
Seat 6: Kaiminjanka8 (big blind) collected ($0.04)



PokerStars Hand #239650460089:  Hold'em No Limit ($0.01/$0.02 USD) - 2022/11/04 16:15:13 ET
Table 'Aoluta III' 6-max Seat #5 is the button
Seat 1: radupaco ($3.58 in chips) 
Seat 3: Reinvest83 ($4.59 in chips) 
Seat 4: Lorpugo ($5.93 in chips) 
Seat 5: dddenki ($3.43 in chips) 
Seat 6: Kaiminjanka8 ($0.97 in chips) 
Kaiminjanka8: posts small blind $0.01
radupaco: posts big blind $0.02
*** HOLE CARDS ***
Dealt to Lorpugo [Kc 3d]
Reinvest83: raises $0.04 to $0.06
Lorpugo: folds 
dddenki: folds 
Kaiminjanka8: calls $0.05
radupaco: folds 
*** FLOP *** [4c Th Tc]
Kaiminjanka8: checks 
Reinvest83: checks 
*** TURN *** [4c Th Tc] [Qc]
Kaiminjanka8: checks 
Reinvest83: checks 
*** RIVER *** [4c Th Tc Qc] [9d]
Kaiminjanka8: bets $0.08
Reinvest83: folds 
Uncalled bet ($0.08) returned to Kaiminjanka8
Kaiminjanka8 collected $0.14 from pot
*** SUMMARY ***
Total pot $0.14 | Rake $0 
Board [4c Th Tc Qc 9d]
Seat 1: radupaco (big blind) folded before Flop
Seat 3: Reinvest83 folded on the River
Seat 4: Lorpugo folded before Flop (didn't bet)
Seat 5: dddenki (button) folded before Flop (didn't bet)
Seat 6: Kaiminjanka8 (small blind) collected ($0.14)



PokerStars Hand #239650472185:  Hold'em No Limit ($0.01/$0.02 USD) - 2022/11/04 16:15:43 ET
Table 'Aoluta III' 6-max Seat #6 is the button
Seat 1: radupaco ($3.56 in chips) 
Seat 3: Reinvest83 ($4.53 in chips) 
Seat 4: Lorpugo ($5.93 in chips) 
Seat 5: dddenki ($3.43 in chips) 
Seat 6: Kaiminjanka8 ($1.05 in chips) 
radupaco: posts small blind $0.01
Reinvest83: posts big blind $0.02
*** HOLE CARDS ***
Dealt to Lorpugo [9d Kh]
Lorpugo: folds 
dddenki: calls $0.02
Kaiminjanka8: raises $0.08 to $0.10
radupaco: calls $0.09
Reinvest83: folds 
dddenki: calls $0.08
*** FLOP *** [5c 7c 8d]
radupaco: bets $0.15
dddenki: calls $0.15
Kaiminjanka8: calls $0.15
*** TURN *** [5c 7c 8d] [Ks]
radupaco: bets $0.27
dddenki: calls $0.27
Kaiminjanka8: raises $0.27 to $0.54
radupaco: calls $0.27
dddenki: calls $0.27
*** RIVER *** [5c 7c 8d Ks] [7d]
radupaco: bets $1.15
dddenki: folds 
Kaiminjanka8: calls $0.26 and is all-in
Uncalled bet ($0.89) returned to radupaco
*** SHOW DOWN ***
radupaco: shows [Td Tc] (two pair, Tens and Sevens)
Kaiminjanka8: shows [8h 8c] (a full house, Eights full of Sevens)
Kaiminjanka8 collected $2.81 from pot
*** SUMMARY ***
Total pot $2.91 | Rake $0.10 
Board [5c 7c 8d Ks 7d]
Seat 1: radupaco (small blind) showed [Td Tc] and lost with two pair, Tens and Sevens
Seat 3: Reinvest83 (big blind) folded before Flop
Seat 4: Lorpugo folded before Flop (didn't bet)
Seat 5: dddenki folded on the River
Seat 6: Kaiminjanka8 (button) showed [8h 8c] and won ($2.81) with a full house, Eights full of Sevens



PokerStars Hand #239650494658:  Hold'em No Limit ($0.01/$0.02 USD) - 2022/11/04 16:16:39 ET
Table 'Aoluta III' 6-max Seat #1 is the button
Seat 1: radupaco ($2.51 in chips) 
Seat 3: Reinvest83 ($4.51 in chips) 
Seat 4: Lorpugo ($5.93 in chips) 
Seat 5: dddenki ($2.64 in chips) 
Seat 6: Kaiminjanka8 ($2.81 in chips) 
Reinvest83: posts small blind $0.01
Lorpugo: posts big blind $0.02
*** HOLE CARDS ***
Dealt to Lorpugo [4s 9s]
dddenki: raises $0.17 to $0.19
Kaiminjanka8: folds 
radupaco: calls $0.19
Reinvest83: folds 
Lorpugo: folds 
*** FLOP *** [8h Kc 4h]
dddenki: bets $0.40
radupaco: calls $0.40
*** TURN *** [8h Kc 4h] [3d]
dddenki: checks 
radupaco: bets $0.58
dddenki: folds 
Uncalled bet ($0.58) returned to radupaco
radupaco collected $1.17 from pot
*** SUMMARY ***
Total pot $1.21 | Rake $0.04 
Board [8h Kc 4h 3d]
Seat 1: radupaco (button) collected ($1.17)
Seat 3: Reinvest83 (small blind) folded before Flop
Seat 4: Lorpugo (big blind) folded before Flop
Seat 5: dddenki folded on the Turn
Seat 6: Kaiminjanka8 folded before Flop (didn't bet)



PokerStars Hand #239650505052:  Hold'em No Limit ($0.01/$0.02 USD) - 2022/11/04 16:17:05 ET
Table 'Aoluta III' 6-max Seat #3 is the button
Seat 1: radupaco ($3.09 in chips) 
Seat 2: blaino22 ($1.30 in chips) 
Seat 3: Reinvest83 ($4.50 in chips) 
Seat 4: Lorpugo ($5.91 in chips) 
Seat 5: dddenki ($2.05 in chips) 
Seat 6: Kaiminjanka8 ($2.81 in chips) 
Lorpugo: posts small blind $0.01
dddenki: posts big blind $0.02
blaino22: posts small & big blinds $0.03
*** HOLE CARDS ***
Dealt to Lorpugo [4c Td]
Kaiminjanka8: calls $0.02
radupaco: raises $0.10 to $0.12
blaino22: folds 
Reinvest83: folds 
Lorpugo: folds 
dddenki: calls $0.10
Kaiminjanka8: calls $0.10
*** FLOP *** [6s Qh Ks]
dddenki: checks 
Kaiminjanka8: checks 
radupaco: bets $0.17
dddenki: calls $0.17
Kaiminjanka8: folds 
*** TURN *** [6s Qh Ks] [7d]
dddenki: checks 
radupaco: bets $0.37
dddenki: folds 
Uncalled bet ($0.37) returned to radupaco
radupaco collected $0.71 from pot
*** SUMMARY ***
Total pot $0.74 | Rake $0.03 
Board [6s Qh Ks 7d]
Seat 1: radupaco collected ($0.71)
Seat 2: blaino22 folded before Flop (didn't bet)
Seat 3: Reinvest83 (button) folded before Flop (didn't bet)
Seat 4: Lorpugo (small blind) folded before Flop
Seat 5: dddenki (big blind) folded on the Turn
Seat 6: Kaiminjanka8 folded on the Flop



PokerStars Hand #239650520149:  Hold'em No Limit ($0.01/$0.02 USD) - 2022/11/04 16:17:43 ET
Table 'Aoluta III' 6-max Seat #4 is the button
Seat 1: radupaco ($3.51 in chips) 
Seat 2: blaino22 ($1.27 in chips) 
Seat 3: Reinvest83 ($4.50 in chips) 
Seat 4: Lorpugo ($5.90 in chips) 
Seat 5: dddenki ($1.76 in chips) 
Seat 6: Kaiminjanka8 ($2.69 in chips) 
dddenki: posts small blind $0.01
Kaiminjanka8: posts big blind $0.02
*** HOLE CARDS ***
Dealt to Lorpugo [4h 6c]
radupaco: folds 
blaino22: calls $0.02
Reinvest83: folds 
Lorpugo: folds 
dddenki: raises $0.02 to $0.04
Kaiminjanka8: folds 
blaino22: calls $0.02
*** FLOP *** [9d 8s 9c]
dddenki: bets $0.02
blaino22: calls $0.02
*** TURN *** [9d 8s 9c] [Js]
dddenki: bets $0.02
blaino22: raises $0.04 to $0.06
dddenki: calls $0.04
*** RIVER *** [9d 8s 9c Js] [2c]
dddenki: checks 
blaino22: bets $0.08
dddenki: calls $0.08
*** SHOW DOWN ***
blaino22: shows [Jd 7d] (two pair, Jacks and Nines)
dddenki: mucks hand 
blaino22 collected $0.41 from pot
*** SUMMARY ***
Total pot $0.42 | Rake $0.01 
Board [9d 8s 9c Js 2c]
Seat 1: radupaco folded before Flop (didn't bet)
Seat 2: blaino22 showed [Jd 7d] and won ($0.41) with two pair, Jacks and Nines
Seat 3: Reinvest83 folded before Flop (didn't bet)
Seat 4: Lorpugo (button) folded before Flop (didn't bet)
Seat 5: dddenki (small blind) mucked [Ac 2s]
Seat 6: Kaiminjanka8 (big blind) folded before Flop



PokerStars Hand #239650532504:  Hold'em No Limit ($0.01/$0.02 USD) - 2022/11/04 16:18:13 ET
Table 'Aoluta III' 6-max Seat #5 is the button
Seat 1: radupaco ($3.51 in chips) 
Seat 2: blaino22 ($1.48 in chips) 
Seat 3: Reinvest83 ($4.50 in chips) 
Seat 4: Lorpugo ($5.90 in chips) 
Seat 5: dddenki ($1.56 in chips) 
Seat 6: Kaiminjanka8 ($2.67 in chips) 
Kaiminjanka8: posts small blind $0.01
radupaco: posts big blind $0.02
*** HOLE CARDS ***
Dealt to Lorpugo [Kc Tc]
blaino22: raises $0.02 to $0.04
Reinvest83: folds 
Lorpugo: calls $0.04
dddenki: calls $0.04
Kaiminjanka8: folds 
radupaco: folds 
*** FLOP *** [Ks 5d 5h]
blaino22: bets $0.06
Lorpugo: calls $0.06
dddenki: folds 
*** TURN *** [Ks 5d 5h] [2s]
blaino22: bets $0.12
Lorpugo: calls $0.12
*** RIVER *** [Ks 5d 5h 2s] [6h]
blaino22: checks 
Lorpugo: checks 
*** SHOW DOWN ***
blaino22: shows [9d Ah] (a pair of Fives)
Lorpugo: shows [Kc Tc] (two pair, Kings and Fives)
Lorpugo collected $0.49 from pot
*** SUMMARY ***
Total pot $0.51 | Rake $0.02 
Board [Ks 5d 5h 2s 6h]
Seat 1: radupaco (big blind) folded before Flop
Seat 2: blaino22 showed [9d Ah] and lost with a pair of Fives
Seat 3: Reinvest83 folded before Flop (didn't bet)
Seat 4: Lorpugo showed [Kc Tc] and won ($0.49) with two pair, Kings and Fives
Seat 5: dddenki (button) folded on the Flop
Seat 6: Kaiminjanka8 (small blind) folded before Flop



PokerStars Hand #239650547303:  Hold'em No Limit ($0.01/$0.02 USD) - 2022/11/04 16:18:49 ET
Table 'Aoluta III' 6-max Seat #6 is the button
Seat 1: radupaco ($3.49 in chips) 
Seat 2: blaino22 ($1.26 in chips) 
Seat 3: Reinvest83 ($4.50 in chips) 
Seat 4: Lorpugo ($6.17 in chips) 
Seat 5: dddenki ($1.52 in chips) 
Seat 6: Kaiminjanka8 ($2.66 in chips) 
radupaco: posts small blind $0.01
blaino22: posts big blind $0.02
*** HOLE CARDS ***
Dealt to Lorpugo [3d 4c]
Reinvest83: folds 
Lorpugo: folds 
dddenki: calls $0.02
Kaiminjanka8: calls $0.02
radupaco: calls $0.01
blaino22: checks 
*** FLOP *** [8d 3s Ah]
radupaco: bets $0.08
blaino22: calls $0.08
dddenki: raises $0.32 to $0.40
Kaiminjanka8: folds 
radupaco: raises $0.96 to $1.36
blaino22: folds 
dddenki: raises $0.14 to $1.50 and is all-in
radupaco: calls $0.14
*** TURN *** [8d 3s Ah] [6s]
*** RIVER *** [8d 3s Ah 6s] [Qc]
*** SHOW DOWN ***
radupaco: shows [Ad 8h] (two pair, Aces and Eights)
dddenki: shows [As 7d] (a pair of Aces)
radupaco collected $3.05 from pot
*** SUMMARY ***
Total pot $3.16 | Rake $0.11 
Board [8d 3s Ah 6s Qc]
Seat 1: radupaco (small blind) showed [Ad 8h] and won ($3.05) with two pair, Aces and Eights
Seat 2: blaino22 (big blind) folded on the Flop
Seat 3: Reinvest83 folded before Flop (didn't bet)
Seat 4: Lorpugo folded before Flop (didn't bet)
Seat 5: dddenki showed [As 7d] and lost with a pair of Aces
Seat 6: Kaiminjanka8 (button) folded on the Flop



PokerStars Hand #239650565614:  Hold'em No Limit ($0.01/$0.02 USD) - 2022/11/04 16:19:34 ET
Table 'Aoluta III' 6-max Seat #1 is the button
Seat 1: radupaco ($5.02 in chips) 
Seat 2: blaino22 ($1.16 in chips) 
Seat 3: Reinvest83 ($4.50 in chips) 
Seat 4: Lorpugo ($6.17 in chips) 
Seat 6: Kaiminjanka8 ($2.64 in chips) 
blaino22: posts small blind $0.01
Reinvest83: posts big blind $0.02
*** HOLE CARDS ***
Dealt to Lorpugo [2c Qd]
Lorpugo: folds 
Kaiminjanka8: folds 
radupaco: folds 
blaino22: calls $0.01
Reinvest83: checks 
*** FLOP *** [6d 7h 2s]
dddenki leaves the table
blaino22: bets $0.10
Agustín Suárez joins the table at seat #5 
Reinvest83: folds 
Uncalled bet ($0.10) returned to blaino22
blaino22 collected $0.04 from pot
*** SUMMARY ***
Total pot $0.04 | Rake $0 
Board [6d 7h 2s]
Seat 1: radupaco (button) folded before Flop (didn't bet)
Seat 2: blaino22 (small blind) collected ($0.04)
Seat 3: Reinvest83 (big blind) folded on the Flop
Seat 4: Lorpugo folded before Flop (didn't bet)
Seat 6: Kaiminjanka8 folded before Flop (didn't bet)



PokerStars Hand #239650574529:  Hold'em No Limit ($0.01/$0.02 USD) - 2022/11/04 16:19:56 ET
Table 'Aoluta III' 6-max Seat #2 is the button
Seat 1: radupaco ($5.02 in chips) 
Seat 2: blaino22 ($1.18 in chips) 
Seat 3: Reinvest83 ($4.48 in chips) 
Seat 4: Lorpugo ($6.17 in chips) 
Seat 6: Kaiminjanka8 ($2.64 in chips) 
Reinvest83: posts small blind $0.01
Lorpugo: posts big blind $0.02
Agustín Suárez: sits out 
*** HOLE CARDS ***
Dealt to Lorpugo [6s 3h]
Kaiminjanka8: calls $0.02
radupaco: folds 
blaino22: raises $0.04 to $0.06
Reinvest83: folds 
Lorpugo: folds 
Kaiminjanka8: calls $0.04
*** FLOP *** [9s 5c Ac]
Kaiminjanka8: checks 
blaino22: bets $0.14
Kaiminjanka8: calls $0.14
*** TURN *** [9s 5c Ac] [2h]
Kaiminjanka8: checks 
blaino22: bets $0.20
Kaiminjanka8: calls $0.20
*** RIVER *** [9s 5c Ac 2h] [3c]
Kaiminjanka8: bets $0.92
blaino22: folds 
Uncalled bet ($0.92) returned to Kaiminjanka8
Kaiminjanka8 collected $0.80 from pot
*** SUMMARY ***
Total pot $0.83 | Rake $0.03 
Board [9s 5c Ac 2h 3c]
Seat 1: radupaco folded before Flop (didn't bet)
Seat 2: blaino22 (button) folded on the River
Seat 3: Reinvest83 (small blind) folded before Flop
Seat 4: Lorpugo (big blind) folded before Flop
Seat 6: Kaiminjanka8 collected ($0.80)



PokerStars Hand #239650591301:  Hold'em No Limit ($0.01/$0.02 USD) - 2022/11/04 16:20:37 ET
Table 'Aoluta III' 6-max Seat #3 is the button
Seat 1: radupaco ($5.02 in chips) 
Seat 2: blaino22 ($0.78 in chips) 
Seat 3: Reinvest83 ($4.47 in chips) 
Seat 4: Lorpugo ($6.15 in chips) 
Seat 5: Agustín Suárez ($2 in chips) 
Seat 6: Kaiminjanka8 ($3.04 in chips) 
Lorpugo: posts small blind $0.01
Agustín Suárez: posts big blind $0.02
*** HOLE CARDS ***
Dealt to Lorpugo [5s 9h]
Kaiminjanka8: folds 
radupaco: folds 
blaino22: calls $0.02
Reinvest83: raises $0.04 to $0.06
Lorpugo: folds 
Agustín Suárez: folds 
blaino22: calls $0.04
*** FLOP *** [Kh 8s Ks]
blaino22: checks 
Reinvest83: bets $0.07
blaino22: folds 
Uncalled bet ($0.07) returned to Reinvest83
Reinvest83 collected $0.14 from pot
Reinvest83: doesn't show hand 
*** SUMMARY ***
Total pot $0.15 | Rake $0.01 
Board [Kh 8s Ks]
Seat 1: radupaco folded before Flop (didn't bet)
Seat 2: blaino22 folded on the Flop
Seat 3: Reinvest83 (button) collected ($0.14)
Seat 4: Lorpugo (small blind) folded before Flop
Seat 5: Agustín Suárez (big blind) folded before Flop
Seat 6: Kaiminjanka8 folded before Flop (didn't bet)



PokerStars Hand #239650602155:  Hold'em No Limit ($0.01/$0.02 USD) - 2022/11/04 16:21:04 ET
Table 'Aoluta III' 6-max Seat #4 is the button
Seat 1: radupaco ($5.02 in chips) 
Seat 2: blaino22 ($0.72 in chips) 
Seat 3: Reinvest83 ($4.55 in chips) 
Seat 4: Lorpugo ($6.14 in chips) 
Seat 5: Agustín Suárez ($1.98 in chips) 
Seat 6: Kaiminjanka8 ($3.04 in chips) 
Agustín Suárez: posts small blind $0.01
Kaiminjanka8: posts big blind $0.02
*** HOLE CARDS ***
Dealt to Lorpugo [6s 6h]
radupaco: folds 
blaino22: raises $0.02 to $0.04
Reinvest83: calls $0.04
Lorpugo: calls $0.04
Agustín Suárez: folds 
Kaiminjanka8: folds 
*** FLOP *** [Td As 5d]
blaino22: checks 
Reinvest83: bets $0.07
Lorpugo: calls $0.07
blaino22: calls $0.07
*** TURN *** [Td As 5d] [8h]
blaino22: checks 
Reinvest83: bets $0.12
Lorpugo: folds 
blaino22: folds 
Uncalled bet ($0.12) returned to Reinvest83
Reinvest83 collected $0.35 from pot
Reinvest83: doesn't show hand 
*** SUMMARY ***
Total pot $0.36 | Rake $0.01 
Board [Td As 5d 8h]
Seat 1: radupaco folded before Flop (didn't bet)
Seat 2: blaino22 folded on the Turn
Seat 3: Reinvest83 collected ($0.35)
Seat 4: Lorpugo (button) folded on the Turn
Seat 5: Agustín Suárez (small blind) folded before Flop
Seat 6: Kaiminjanka8 (big blind) folded before Flop



PokerStars Hand #239650614845:  Hold'em No Limit ($0.01/$0.02 USD) - 2022/11/04 16:21:35 ET
Table 'Aoluta III' 6-max Seat #5 is the button
Seat 1: radupaco ($5.02 in chips) 
Seat 2: blaino22 ($0.61 in chips) 
Seat 3: Reinvest83 ($4.79 in chips) 
Seat 4: Lorpugo ($6.03 in chips) 
Seat 5: Agustín Suárez ($1.97 in chips) 
Seat 6: Kaiminjanka8 ($3.02 in chips) 
Kaiminjanka8: posts small blind $0.01
radupaco: posts big blind $0.02
*** HOLE CARDS ***
Dealt to Lorpugo [Jc Ks]
blaino22: raises $0.59 to $0.61 and is all-in
Reinvest83: folds 
Lorpugo: folds 
Agustín Suárez: folds 
Kaiminjanka8: folds 
radupaco: folds 
Uncalled bet ($0.59) returned to blaino22
blaino22 collected $0.05 from pot
*** SUMMARY ***
Total pot $0.05 | Rake $0 
Seat 1: radupaco (big blind) folded before Flop
Seat 2: blaino22 collected ($0.05)
Seat 3: Reinvest83 folded before Flop (didn't bet)
Seat 4: Lorpugo folded before Flop (didn't bet)
Seat 5: Agustín Suárez (button) folded before Flop (didn't bet)
Seat 6: Kaiminjanka8 (small blind) folded before Flop



PokerStars Hand #239650619832:  Hold'em No Limit ($0.01/$0.02 USD) - 2022/11/04 16:21:47 ET
Table 'Aoluta III' 6-max Seat #6 is the button
Seat 1: radupaco ($5 in chips) 
Seat 3: Reinvest83 ($4.79 in chips) 
Seat 4: Lorpugo ($6.03 in chips) 
Seat 5: Agustín Suárez ($1.97 in chips) 
Seat 6: Kaiminjanka8 ($3.01 in chips) 
radupaco: posts small blind $0.01
blaino22: is sitting out 
Reinvest83: posts big blind $0.02
*** HOLE CARDS ***
Dealt to Lorpugo [6h 2c]
Lorpugo: folds 
Agustín Suárez: folds 
Kaiminjanka8: raises $0.02 to $0.04
radupaco: folds 
Reinvest83: calls $0.02
*** FLOP *** [7d 2h 5d]
Reinvest83: checks 
Kaiminjanka8: bets $0.04
Reinvest83: folds 
Uncalled bet ($0.04) returned to Kaiminjanka8
Kaiminjanka8 collected $0.09 from pot
*** SUMMARY ***
Total pot $0.09 | Rake $0 
Board [7d 2h 5d]
Seat 1: radupaco (small blind) folded before Flop
Seat 3: Reinvest83 (big blind) folded on the Flop
Seat 4: Lorpugo folded before Flop (didn't bet)
Seat 5: Agustín Suárez folded before Flop (didn't bet)
Seat 6: Kaiminjanka8 (button) collected ($0.09)



PokerStars Hand #239650632497:  Hold'em No Limit ($0.01/$0.02 USD) - 2022/11/04 16:22:18 ET
Table 'Aoluta III' 6-max Seat #1 is the button
Seat 1: radupaco ($4.99 in chips) 
Seat 3: Reinvest83 ($4.75 in chips) 
Seat 4: Lorpugo ($6.03 in chips) 
Seat 5: Agustín Suárez ($2 in chips) 
Seat 6: Kaiminjanka8 ($3.06 in chips) 
Reinvest83: posts small blind $0.01
Lorpugo: posts big blind $0.02
*** HOLE CARDS ***
Dealt to Lorpugo [9d 9s]
Agustín Suárez: folds 
Kaiminjanka8: calls $0.02
radupaco: raises $0.09 to $0.11
Reinvest83: folds 
Lorpugo: calls $0.09
Kaiminjanka8: calls $0.09
*** FLOP *** [Kh 7h 2h]
Lorpugo: checks 
Kaiminjanka8: bets $0.06
radupaco: folds 
Lorpugo: calls $0.06
*** TURN *** [Kh 7h 2h] [7s]
Lorpugo: checks 
Kaiminjanka8: checks 
*** RIVER *** [Kh 7h 2h 7s] [2c]
Lorpugo: checks 
Kaiminjanka8: bets $0.16
Lorpugo: calls $0.16
*** SHOW DOWN ***
Kaiminjanka8: shows [Ah Th] (a flush, Ace high)
Lorpugo: mucks hand 
Kaiminjanka8 collected $0.75 from pot
*** SUMMARY ***
Total pot $0.78 | Rake $0.03 
Board [Kh 7h 2h 7s 2c]
Seat 1: radupaco (button) folded on the Flop
Seat 3: Reinvest83 (small blind) folded before Flop
Seat 4: Lorpugo (big blind) mucked [9d 9s]
Seat 5: Agustín Suárez folded before Flop (didn't bet)
Seat 6: Kaiminjanka8 showed [Ah Th] and won ($0.75) with a flush, Ace high



PokerStars Hand #239650650701:  Hold'em No Limit ($0.01/$0.02 USD) - 2022/11/04 16:23:02 ET
Table 'Aoluta III' 6-max Seat #3 is the button
Seat 1: radupaco ($4.88 in chips) 
Seat 2: blaino22 ($0.64 in chips) 
Seat 3: Reinvest83 ($4.74 in chips) 
Seat 4: Lorpugo ($5.70 in chips) 
Seat 5: Agustín Suárez ($2 in chips) 
Seat 6: Kaiminjanka8 ($3.48 in chips) 
Lorpugo: posts small blind $0.01
Agustín Suárez: posts big blind $0.02
blaino22: posts small & big blinds $0.03
*** HOLE CARDS ***
Dealt to Lorpugo [4d 9d]
Kaiminjanka8: calls $0.02
radupaco: raises $0.10 to $0.12
blaino22: calls $0.10
Reinvest83: folds 
Lorpugo: folds 
Agustín Suárez: folds 
Kaiminjanka8: calls $0.10
*** FLOP *** [6s Jd Qh]
Kaiminjanka8: checks 
radupaco: bets $0.15
blaino22: raises $0.36 to $0.51 and is all-in
Kaiminjanka8: folds 
radupaco: calls $0.36
*** TURN *** [6s Jd Qh] [2c]
*** RIVER *** [6s Jd Qh 2c] [4s]
*** SHOW DOWN ***
radupaco: shows [5h Kh] (high card King)
blaino22: shows [Jc 8s] (a pair of Jacks)
blaino22 collected $1.37 from pot
*** SUMMARY ***
Total pot $1.42 | Rake $0.05 
Board [6s Jd Qh 2c 4s]
Seat 1: radupaco showed [5h Kh] and lost with high card King
Seat 2: blaino22 showed [Jc 8s] and won ($1.37) with a pair of Jacks
Seat 3: Reinvest83 (button) folded before Flop (didn't bet)
Seat 4: Lorpugo (small blind) folded before Flop
Seat 5: Agustín Suárez (big blind) folded before Flop
Seat 6: Kaiminjanka8 folded on the Flop



PokerStars Hand #239650672086:  Hold'em No Limit ($0.01/$0.02 USD) - 2022/11/04 16:23:54 ET
Table 'Aoluta III' 6-max Seat #4 is the button
Seat 1: radupaco ($4.25 in chips) 
Seat 2: blaino22 ($1.37 in chips) 
Seat 3: Reinvest83 ($4.74 in chips) 
Seat 4: Lorpugo ($5.69 in chips) 
Seat 5: Agustín Suárez ($1.98 in chips) 
Seat 6: Kaiminjanka8 ($3.36 in chips) 
Agustín Suárez: posts small blind $0.01
Kaiminjanka8: posts big blind $0.02
*** HOLE CARDS ***
Dealt to Lorpugo [Qc 5h]
radupaco: folds 
blaino22: folds 
Reinvest83: folds 
Lorpugo: folds 
Agustín Suárez: raises $0.04 to $0.06
Kaiminjanka8: calls $0.04
*** FLOP *** [Tc 3d Ks]
Agustín Suárez: checks 
Kaiminjanka8: bets $0.02
Agustín Suárez: calls $0.02
*** TURN *** [Tc 3d Ks] [6s]
Agustín Suárez: checks 
Kaiminjanka8: bets $0.06
Agustín Suárez: calls $0.06
*** RIVER *** [Tc 3d Ks 6s] [3s]
Agustín Suárez: checks 
Kaiminjanka8: bets $0.06
Agustín Suárez: calls $0.06
*** SHOW DOWN ***
Kaiminjanka8: shows [As Kd] (two pair, Kings and Threes)
Agustín Suárez: mucks hand 
Kaiminjanka8 collected $0.39 from pot
*** SUMMARY ***
Total pot $0.40 | Rake $0.01 
Board [Tc 3d Ks 6s 3s]
Seat 1: radupaco folded before Flop (didn't bet)
Seat 2: blaino22 folded before Flop (didn't bet)
Seat 3: Reinvest83 folded before Flop (didn't bet)
Seat 4: Lorpugo (button) folded before Flop (didn't bet)
Seat 5: Agustín Suárez (small blind) mucked [Td 9d]
Seat 6: Kaiminjanka8 (big blind) showed [As Kd] and won ($0.39) with two pair, Kings and Threes



PokerStars Hand #239650688705:  Hold'em No Limit ($0.01/$0.02 USD) - 2022/11/04 16:24:34 ET
Table 'Aoluta III' 6-max Seat #5 is the button
Seat 1: radupaco ($4.25 in chips) 
Seat 2: blaino22 ($1.37 in chips) 
Seat 3: Reinvest83 ($4.74 in chips) 
Seat 4: Lorpugo ($5.69 in chips) 
Seat 5: Agustín Suárez ($1.78 in chips) 
Seat 6: Kaiminjanka8 ($3.55 in chips) 
Kaiminjanka8: posts small blind $0.01
radupaco: posts big blind $0.02
*** HOLE CARDS ***
Dealt to Lorpugo [Ks As]
blaino22: calls $0.02
Reinvest83: folds 
Lorpugo: raises $0.07 to $0.09
Agustín Suárez: folds 
Kaiminjanka8: folds 
radupaco: folds 
blaino22: calls $0.07
*** FLOP *** [8c Qd Td]
blaino22: bets $0.08
Lorpugo: calls $0.08
*** TURN *** [8c Qd Td] [2h]
blaino22: bets $1.20 and is all-in
Lorpugo: folds 
Uncalled bet ($1.20) returned to blaino22
blaino22 collected $0.36 from pot
*** SUMMARY ***
Total pot $0.37 | Rake $0.01 
Board [8c Qd Td 2h]
Seat 1: radupaco (big blind) folded before Flop
Seat 2: blaino22 collected ($0.36)
Seat 3: Reinvest83 folded before Flop (didn't bet)
Seat 4: Lorpugo folded on the Turn
Seat 5: Agustín Suárez (button) folded before Flop (didn't bet)
Seat 6: Kaiminjanka8 (small blind) folded before Flop



PokerStars Hand #239650703704:  Hold'em No Limit ($0.01/$0.02 USD) - 2022/11/04 16:25:11 ET
Table 'Aoluta III' 6-max Seat #6 is the button
Seat 1: radupaco ($4.23 in chips) 
Seat 2: blaino22 ($1.56 in chips) 
Seat 3: Reinvest83 ($4.74 in chips) 
Seat 4: Lorpugo ($5.52 in chips) 
Seat 5: Agustín Suárez ($2 in chips) 
Seat 6: Kaiminjanka8 ($3.54 in chips) 
radupaco: posts small blind $0.01
blaino22: posts big blind $0.02
*** HOLE CARDS ***
Dealt to Lorpugo [7h Qd]
Reinvest83: folds 
Lorpugo: folds 
Agustín Suárez: folds 
Kaiminjanka8: folds 
radupaco: folds 
Uncalled bet ($0.01) returned to blaino22
blaino22 collected $0.02 from pot
*** SUMMARY ***
Total pot $0.02 | Rake $0 
Seat 1: radupaco (small blind) folded before Flop
Seat 2: blaino22 (big blind) collected ($0.02)
Seat 3: Reinvest83 folded before Flop (didn't bet)
Seat 4: Lorpugo folded before Flop (didn't bet)
Seat 5: Agustín Suárez folded before Flop (didn't bet)
Seat 6: Kaiminjanka8 (button) folded before Flop (didn't bet)



PokerStars Hand #239650709533:  Hold'em No Limit ($0.01/$0.02 USD) - 2022/11/04 16:25:25 ET
Table 'Aoluta III' 6-max Seat #1 is the button
Seat 1: radupaco ($4.22 in chips) 
Seat 2: blaino22 ($1.57 in chips) 
Seat 3: Reinvest83 ($4.74 in chips) 
Seat 4: Lorpugo ($5.52 in chips) 
Seat 5: Agustín Suárez ($2 in chips) 
Seat 6: Kaiminjanka8 ($3.54 in chips) 
blaino22: posts small blind $0.01
Reinvest83: posts big blind $0.02
*** HOLE CARDS ***
Dealt to Lorpugo [Qc 5d]
Lorpugo: folds 
Agustín Suárez: folds 
Kaiminjanka8: calls $0.02
radupaco: folds 
blaino22: raises $0.04 to $0.06
Reinvest83: folds 
Kaiminjanka8: calls $0.04
*** FLOP *** [6h 6d Ac]
blaino22: checks 
Kaiminjanka8: checks 
*** TURN *** [6h 6d Ac] [8c]
blaino22: bets $0.08
Kaiminjanka8: calls $0.08
*** RIVER *** [6h 6d Ac 8c] [7s]
blaino22: bets $0.14
Kaiminjanka8: calls $0.14
*** SHOW DOWN ***
blaino22: shows [Td As] (two pair, Aces and Sixes)
Kaiminjanka8: mucks hand 
blaino22 collected $0.56 from pot
*** SUMMARY ***
Total pot $0.58 | Rake $0.02 
Board [6h 6d Ac 8c 7s]
Seat 1: radupaco (button) folded before Flop (didn't bet)
Seat 2: blaino22 (small blind) showed [Td As] and won ($0.56) with two pair, Aces and Sixes
Seat 3: Reinvest83 (big blind) folded before Flop
Seat 4: Lorpugo folded before Flop (didn't bet)
Seat 5: Agustín Suárez folded before Flop (didn't bet)
Seat 6: Kaiminjanka8 mucked [Jc 9h]



PokerStars Hand #239650727127:  Hold'em No Limit ($0.01/$0.02 USD) - 2022/11/04 16:26:08 ET
Table 'Aoluta III' 6-max Seat #2 is the button
Seat 1: radupaco ($4.22 in chips) 
Seat 2: blaino22 ($1.85 in chips) 
Seat 3: Reinvest83 ($4.72 in chips) 
Seat 4: Lorpugo ($5.52 in chips) 
Seat 5: Agustín Suárez ($2 in chips) 
Seat 6: Kaiminjanka8 ($3.26 in chips) 
Reinvest83: posts small blind $0.01
Lorpugo: posts big blind $0.02
*** HOLE CARDS ***
Dealt to Lorpugo [2c Ks]
Agustín Suárez: folds 
Kaiminjanka8: folds 
radupaco: raises $0.05 to $0.07
blaino22: calls $0.07
Reinvest83: folds 
Lorpugo: folds 
*** FLOP *** [5c 9c Td]
radupaco: checks 
blaino22: bets $0.06
radupaco: calls $0.06
*** TURN *** [5c 9c Td] [5s]
radupaco: checks 
blaino22: bets $0.14
radupaco: calls $0.14
*** RIVER *** [5c 9c Td 5s] [2s]
radupaco: checks 
blaino22: bets $0.27
radupaco: calls $0.27
*** SHOW DOWN ***
blaino22: shows [8c Ts] (two pair, Tens and Fives)
radupaco: mucks hand 
blaino22 collected $1.07 from pot
*** SUMMARY ***
Total pot $1.11 | Rake $0.04 
Board [5c 9c Td 5s 2s]
Seat 1: radupaco mucked [Js Ad]
Seat 2: blaino22 (button) showed [8c Ts] and won ($1.07) with two pair, Tens and Fives
Seat 3: Reinvest83 (small blind) folded before Flop
Seat 4: Lorpugo (big blind) folded before Flop
Seat 5: Agustín Suárez folded before Flop (didn't bet)
Seat 6: Kaiminjanka8 folded before Flop (didn't bet)



PokerStars Hand #239650741495:  Hold'em No Limit ($0.01/$0.02 USD) - 2022/11/04 16:26:43 ET
Table 'Aoluta III' 6-max Seat #3 is the button
Seat 1: radupaco ($3.68 in chips) 
Seat 2: blaino22 ($2.38 in chips) 
Seat 3: Reinvest83 ($4.71 in chips) 
Seat 4: Lorpugo ($5.50 in chips) 
Seat 5: Agustín Suárez ($2 in chips) 
Seat 6: Kaiminjanka8 ($3.26 in chips) 
Lorpugo: posts small blind $0.01
Agustín Suárez: posts big blind $0.02
*** HOLE CARDS ***
Dealt to Lorpugo [6s Jd]
Kaiminjanka8: folds 
radupaco: folds 
blaino22: folds 
Reinvest83: folds 
Lorpugo: raises $0.04 to $0.06
Agustín Suárez: folds 
Uncalled bet ($0.04) returned to Lorpugo
Lorpugo collected $0.04 from pot
Lorpugo: doesn't show hand 
*** SUMMARY ***
Total pot $0.04 | Rake $0 
Seat 1: radupaco folded before Flop (didn't bet)
Seat 2: blaino22 folded before Flop (didn't bet)
Seat 3: Reinvest83 (button) folded before Flop (didn't bet)
Seat 4: Lorpugo (small blind) collected ($0.04)
Seat 5: Agustín Suárez (big blind) folded before Flop
Seat 6: Kaiminjanka8 folded before Flop (didn't bet)



PokerStars Hand #239650747520:  Hold'em No Limit ($0.01/$0.02 USD) - 2022/11/04 16:26:58 ET
Table 'Aoluta III' 6-max Seat #4 is the button
Seat 1: radupaco ($3.68 in chips) 
Seat 2: blaino22 ($2.38 in chips) 
Seat 3: Reinvest83 ($4.71 in chips) 
Seat 4: Lorpugo ($5.52 in chips) 
Seat 5: Agustín Suárez ($1.98 in chips) 
Seat 6: Kaiminjanka8 ($3.26 in chips) 
Agustín Suárez: posts small blind $0.01
Kaiminjanka8: posts big blind $0.02
*** HOLE CARDS ***
Dealt to Lorpugo [7c 7s]
radupaco: calls $0.02
blaino22: calls $0.02
Reinvest83: raises $0.04 to $0.06
Lorpugo: calls $0.06
Agustín Suárez: folds 
Kaiminjanka8: calls $0.04
radupaco: calls $0.04
blaino22: calls $0.04
*** FLOP *** [Jh 9s 4h]
Kaiminjanka8: checks 
radupaco: checks 
blaino22: checks 
Reinvest83: checks 
Lorpugo: bets $0.15
Kaiminjanka8: folds 
radupaco: folds 
blaino22: folds 
Reinvest83: folds 
Uncalled bet ($0.15) returned to Lorpugo
Lorpugo collected $0.30 from pot
Lorpugo: doesn't show hand 
*** SUMMARY ***
Total pot $0.31 | Rake $0.01 
Board [Jh 9s 4h]
Seat 1: radupaco folded on the Flop
Seat 2: blaino22 folded on the Flop
Seat 3: Reinvest83 folded on the Flop
Seat 4: Lorpugo (button) collected ($0.30)
Seat 5: Agustín Suárez (small blind) folded before Flop
Seat 6: Kaiminjanka8 (big blind) folded on the Flop



PokerStars Hand #239650761949:  Hold'em No Limit ($0.01/$0.02 USD) - 2022/11/04 16:27:34 ET
Table 'Aoluta III' 6-max Seat #5 is the button
Seat 1: radupaco ($3.62 in chips) 
Seat 2: blaino22 ($2.32 in chips) 
Seat 3: Reinvest83 ($4.65 in chips) 
Seat 4: Lorpugo ($5.76 in chips) 
Seat 5: Agustín Suárez ($1.97 in chips) 
Seat 6: Kaiminjanka8 ($3.20 in chips) 
Kaiminjanka8: posts small blind $0.01
radupaco: posts big blind $0.02
*** HOLE CARDS ***
Dealt to Lorpugo [8s 5d]
blaino22: calls $0.02
Reinvest83: folds 
Lorpugo: folds 
Agustín Suárez: folds 
Kaiminjanka8: calls $0.01
radupaco: raises $2.22 to $2.24
blaino22: folds 
Kaiminjanka8: folds 
Uncalled bet ($2.22) returned to radupaco
radupaco collected $0.06 from pot
*** SUMMARY ***
Total pot $0.06 | Rake $0 
Seat 1: radupaco (big blind) collected ($0.06)
Seat 2: blaino22 folded before Flop
Seat 3: Reinvest83 folded before Flop (didn't bet)
Seat 4: Lorpugo folded before Flop (didn't bet)
Seat 5: Agustín Suárez (button) folded before Flop (didn't bet)
Seat 6: Kaiminjanka8 (small blind) folded before Flop



PokerStars Hand #239650771415:  Hold'em No Limit ($0.01/$0.02 USD) - 2022/11/04 16:27:57 ET
Table 'Aoluta III' 6-max Seat #6 is the button
Seat 1: radupaco ($3.66 in chips) 
Seat 2: blaino22 ($2.30 in chips) 
Seat 3: Reinvest83 ($4.65 in chips) 
Seat 4: Lorpugo ($5.76 in chips) 
Seat 5: Agustín Suárez ($1.97 in chips) 
Seat 6: Kaiminjanka8 ($3.18 in chips) 
radupaco: posts small blind $0.01
blaino22: posts big blind $0.02
*** HOLE CARDS ***
Dealt to Lorpugo [5h 3d]
Reinvest83: raises $0.04 to $0.06
Lorpugo: folds 
Agustín Suárez: folds 
Kaiminjanka8: calls $0.06
radupaco: calls $0.05
blaino22: calls $0.04
*** FLOP *** [Ac Qd 9h]
radupaco: checks 
blaino22: bets $0.15
Reinvest83: folds 
Kaiminjanka8: calls $0.15
radupaco: calls $0.15
*** TURN *** [Ac Qd 9h] [8s]
radupaco: checks 
blaino22: bets $0.39
Kaiminjanka8: folds 
radupaco: calls $0.39
*** RIVER *** [Ac Qd 9h 8s] [4s]
radupaco: checks 
blaino22: bets $1.42
radupaco: calls $1.42
*** SHOW DOWN ***
blaino22: shows [Ah 9c] (two pair, Aces and Nines)
radupaco: mucks hand 
blaino22 collected $4.16 from pot
*** SUMMARY ***
Total pot $4.31 | Rake $0.15 
Board [Ac Qd 9h 8s 4s]
Seat 1: radupaco (small blind) mucked [As Ts]
Seat 2: blaino22 (big blind) showed [Ah 9c] and won ($4.16) with two pair, Aces and Nines
Seat 3: Reinvest83 folded on the Flop
Seat 4: Lorpugo folded before Flop (didn't bet)
Seat 5: Agustín Suárez folded before Flop (didn't bet)
Seat 6: Kaiminjanka8 (button) folded on the Turn



PokerStars Hand #239650791943:  Hold'em No Limit ($0.01/$0.02 USD) - 2022/11/04 16:28:47 ET
Table 'Aoluta III' 6-max Seat #1 is the button
Seat 1: radupaco ($1.64 in chips) 
Seat 2: blaino22 ($4.44 in chips) 
Seat 3: Reinvest83 ($4.59 in chips) 
Seat 4: Lorpugo ($5.76 in chips) 
Seat 5: Agustín Suárez ($1.97 in chips) 
Seat 6: Kaiminjanka8 ($2.97 in chips) 
blaino22: posts small blind $0.01
Reinvest83: posts big blind $0.02
*** HOLE CARDS ***
Dealt to Lorpugo [4d As]
Lorpugo: folds 
Agustín Suárez: folds 
Kaiminjanka8: calls $0.02
radupaco: folds 
blaino22: calls $0.01
Reinvest83: checks 
*** FLOP *** [7s Kd Jh]
blaino22: checks 
Reinvest83: checks 
Kaiminjanka8: checks 
*** TURN *** [7s Kd Jh] [4c]
blaino22: bets $0.06
Reinvest83: folds 
Kaiminjanka8: calls $0.06
*** RIVER *** [7s Kd Jh 4c] [6s]
blaino22: checks 
Kaiminjanka8: checks 
*** SHOW DOWN ***
blaino22: shows [3s 9c] (high card King)
Kaiminjanka8: shows [Ts 9s] (high card King - Jack+Ten kicker)
Kaiminjanka8 collected $0.17 from pot
*** SUMMARY ***
Total pot $0.18 | Rake $0.01 
Board [7s Kd Jh 4c 6s]
Seat 1: radupaco (button) folded before Flop (didn't bet)
Seat 2: blaino22 (small blind) showed [3s 9c] and lost with high card King
Seat 3: Reinvest83 (big blind) folded on the Turn
Seat 4: Lorpugo folded before Flop (didn't bet)
Seat 5: Agustín Suárez folded before Flop (didn't bet)
Seat 6: Kaiminjanka8 showed [Ts 9s] and won ($0.17) with high card King



PokerStars Hand #239650802693:  Hold'em No Limit ($0.01/$0.02 USD) - 2022/11/04 16:29:14 ET
Table 'Aoluta III' 6-max Seat #2 is the button
Seat 1: radupaco ($1.64 in chips) 
Seat 2: blaino22 ($4.36 in chips) 
Seat 3: Reinvest83 ($4.57 in chips) 
Seat 4: Lorpugo ($5.76 in chips) 
Seat 5: Agustín Suárez ($1.97 in chips) 
Seat 6: Kaiminjanka8 ($3.06 in chips) 
Reinvest83: posts small blind $0.01
Lorpugo: posts big blind $0.02
*** HOLE CARDS ***
Dealt to Lorpugo [Js 2c]
Agustín Suárez: folds 
Kaiminjanka8: folds 
radupaco: folds 
blaino22: calls $0.02
Reinvest83: calls $0.01
Lorpugo: checks 
*** FLOP *** [3c 9c 6d]
Reinvest83: checks 
Lorpugo: checks 
blaino22: bets $0.06
Reinvest83: folds 
Lorpugo: folds 
Uncalled bet ($0.06) returned to blaino22
blaino22 collected $0.06 from pot
*** SUMMARY ***
Total pot $0.06 | Rake $0 
Board [3c 9c 6d]
Seat 1: radupaco folded before Flop (didn't bet)
Seat 2: blaino22 (button) collected ($0.06)
Seat 3: Reinvest83 (small blind) folded on the Flop
Seat 4: Lorpugo (big blind) folded on the Flop
Seat 5: Agustín Suárez folded before Flop (didn't bet)
Seat 6: Kaiminjanka8 folded before Flop (didn't bet)



PokerStars Hand #239650812400:  Hold'em No Limit ($0.01/$0.02 USD) - 2022/11/04 16:29:38 ET
Table 'Aoluta III' 6-max Seat #3 is the button
Seat 1: radupaco ($1.64 in chips) 
Seat 2: blaino22 ($4.40 in chips) 
Seat 3: Reinvest83 ($4.55 in chips) 
Seat 4: Lorpugo ($5.74 in chips) 
Seat 5: Agustín Suárez ($1.97 in chips) 
Seat 6: Kaiminjanka8 ($3.06 in chips) 
Lorpugo: posts small blind $0.01
Agustín Suárez: posts big blind $0.02
*** HOLE CARDS ***
Dealt to Lorpugo [9h 9s]
Kaiminjanka8: folds 
radupaco: raises $0.05 to $0.07
blaino22: folds 
Reinvest83: raises $0.11 to $0.18
Lorpugo: calls $0.17
Agustín Suárez: folds 
radupaco: raises $1.46 to $1.64 and is all-in
Reinvest83: calls $1.46
Lorpugo: folds 
*** FLOP *** [Ad Jh Qs]
*** TURN *** [Ad Jh Qs] [5d]
*** RIVER *** [Ad Jh Qs 5d] [2c]
*** SHOW DOWN ***
radupaco: shows [Ks Ts] (a straight, Ten to Ace)
Reinvest83: shows [Qc Qd] (three of a kind, Queens)
radupaco collected $3.36 from pot
*** SUMMARY ***
Total pot $3.48 | Rake $0.12 
Board [Ad Jh Qs 5d 2c]
Seat 1: radupaco showed [Ks Ts] and won ($3.36) with a straight, Ten to Ace
Seat 2: blaino22 folded before Flop (didn't bet)
Seat 3: Reinvest83 (button) showed [Qc Qd] and lost with three of a kind, Queens
Seat 4: Lorpugo (small blind) folded before Flop
Seat 5: Agustín Suárez (big blind) folded before Flop
Seat 6: Kaiminjanka8 folded before Flop (didn't bet)



PokerStars Hand #239650827590:  Hold'em No Limit ($0.01/$0.02 USD) - 2022/11/04 16:30:15 ET
Table 'Aoluta III' 6-max Seat #4 is the button
Seat 1: radupaco ($3.36 in chips) 
Seat 2: blaino22 ($4.40 in chips) 
Seat 3: Reinvest83 ($2.91 in chips) 
Seat 4: Lorpugo ($5.56 in chips) 
Seat 5: Agustín Suárez ($1.95 in chips) 
Seat 6: Kaiminjanka8 ($3.06 in chips) 
Agustín Suárez: posts small blind $0.01
Kaiminjanka8: posts big blind $0.02
*** HOLE CARDS ***
Dealt to Lorpugo [Tc 2c]
radupaco: folds 
blaino22 has timed out
blaino22: folds 
Reinvest83: raises $0.04 to $0.06
Lorpugo: folds 
Agustín Suárez: calls $0.05
Kaiminjanka8: calls $0.04
*** FLOP *** [Kc Qc Kd]
Agustín Suárez: checks 
Kaiminjanka8: checks 
blaino22 leaves the table
Reinvest83: bets $0.09
Agustín Suárez: calls $0.09
baligo666 joins the table at seat #2 
Kaiminjanka8: folds 
*** TURN *** [Kc Qc Kd] [2h]
Agustín Suárez: checks 
Reinvest83: checks 
*** RIVER *** [Kc Qc Kd 2h] [6h]
Agustín Suárez: checks 
Reinvest83: checks 
*** SHOW DOWN ***
Agustín Suárez: shows [Qs Ad] (two pair, Kings and Queens)
Reinvest83: mucks hand 
Agustín Suárez collected $0.35 from pot
*** SUMMARY ***
Total pot $0.36 | Rake $0.01 
Board [Kc Qc Kd 2h 6h]
Seat 1: radupaco folded before Flop (didn't bet)
Seat 2: blaino22 folded before Flop (didn't bet)
Seat 3: Reinvest83 mucked [4c Ac]
Seat 4: Lorpugo (button) folded before Flop (didn't bet)
Seat 5: Agustín Suárez (small blind) showed [Qs Ad] and won ($0.35) with two pair, Kings and Queens
Seat 6: Kaiminjanka8 (big blind) folded on the Flop



PokerStars Hand #239650847846:  Hold'em No Limit ($0.01/$0.02 USD) - 2022/11/04 16:31:05 ET
Table 'Aoluta III' 6-max Seat #5 is the button
Seat 1: radupaco ($3.36 in chips) 
Seat 3: Reinvest83 ($2.76 in chips) 
Seat 4: Lorpugo ($5.56 in chips) 
Seat 5: Agustín Suárez ($2.15 in chips) 
Seat 6: Kaiminjanka8 ($3 in chips) 
Kaiminjanka8: posts small blind $0.01
radupaco: posts big blind $0.02
baligo666: sits out 
*** HOLE CARDS ***
Dealt to Lorpugo [6d As]
Reinvest83: raises $0.04 to $0.06
Lorpugo: folds 
Agustín Suárez: folds 
Kaiminjanka8: raises $0.04 to $0.10
radupaco: folds 
Reinvest83: calls $0.04
*** FLOP *** [5h Qc 6s]
Kaiminjanka8: checks 
Reinvest83: bets $0.11
Kaiminjanka8: calls $0.11
*** TURN *** [5h Qc 6s] [9s]
Kaiminjanka8: checks 
Reinvest83: bets $0.16
Kaiminjanka8: calls $0.16
*** RIVER *** [5h Qc 6s 9s] [Ts]
Kaiminjanka8: checks 
Reinvest83: bets $0.37
Kaiminjanka8: folds 
Uncalled bet ($0.37) returned to Reinvest83
Reinvest83 collected $0.73 from pot
Reinvest83: doesn't show hand 
*** SUMMARY ***
Total pot $0.76 | Rake $0.03 
Board [5h Qc 6s 9s Ts]
Seat 1: radupaco (big blind) folded before Flop
Seat 3: Reinvest83 collected ($0.73)
Seat 4: Lorpugo folded before Flop (didn't bet)
Seat 5: Agustín Suárez (button) folded before Flop (didn't bet)
Seat 6: Kaiminjanka8 (small blind) folded on the River



PokerStars Hand #239650865922:  Hold'em No Limit ($0.01/$0.02 USD) - 2022/11/04 16:31:49 ET
Table 'Aoluta III' 6-max Seat #6 is the button
Seat 1: radupaco ($3.34 in chips) 
Seat 2: baligo666 ($2 in chips) 
Seat 3: Reinvest83 ($3.12 in chips) 
Seat 4: Lorpugo ($5.56 in chips) 
Seat 5: Agustín Suárez ($2.15 in chips) 
Seat 6: Kaiminjanka8 ($2.63 in chips) 
radupaco: posts small blind $0.01
baligo666: posts big blind $0.02
*** HOLE CARDS ***
Dealt to Lorpugo [Tc 2d]
Reinvest83: folds 
Lorpugo: folds 
Agustín Suárez: folds 
Kaiminjanka8: calls $0.02
radupaco: folds 
baligo666: checks 
*** FLOP *** [2s Kd Kc]
baligo666: checks 
Kaiminjanka8: checks 
*** TURN *** [2s Kd Kc] [Jh]
baligo666: checks 
Kaiminjanka8: checks 
*** RIVER *** [2s Kd Kc Jh] [Ac]
baligo666: checks 
Kaiminjanka8: checks 
*** SHOW DOWN ***
baligo666: shows [3s Jc] (two pair, Kings and Jacks)
Kaiminjanka8: mucks hand 
baligo666 collected $0.05 from pot
*** SUMMARY ***
Total pot $0.05 | Rake $0 
Board [2s Kd Kc Jh Ac]
Seat 1: radupaco (small blind) folded before Flop
Seat 2: baligo666 (big blind) showed [3s Jc] and won ($0.05) with two pair, Kings and Jacks
Seat 3: Reinvest83 folded before Flop (didn't bet)
Seat 4: Lorpugo folded before Flop (didn't bet)
Seat 5: Agustín Suárez folded before Flop (didn't bet)
Seat 6: Kaiminjanka8 (button) mucked [Ts 9d]



