PokerStars Hand #239405611057:  Hold'em No Limit ($0.01/$0.02 USD) - 2022/10/23 12:46:23 ET
Table 'Khryses III' 6-max Seat #6 is the button
Seat 1: DmV1482 ($2.82 in chips) 
Seat 2: Lorpugo ($1.60 in chips) 
Seat 3: VladimirM626 ($1.16 in chips) 
Seat 4: KraVasya ($2.14 in chips) 
Seat 5: yonaikeralf ($2.64 in chips) 
Seat 6: kjordan25 ($0.98 in chips) 
DmV1482: posts small blind $0.01
Lorpugo: posts big blind $0.02
*** HOLE CARDS ***
Dealt to Lorpugo [7d Th]
VladimirM626: raises $0.06 to $0.08
KraVasya: calls $0.08
yonaikeralf: folds 
kjordan25: calls $0.08
DmV1482: folds 
Lorpugo: folds 
*** FLOP *** [5d 9h Kc]
VladimirM626: checks 
KraVasya: bets $0.20
kjordan25: folds 
VladimirM626: folds 
Uncalled bet ($0.20) returned to KraVasya
KraVasya collected $0.26 from pot
KraVasya: doesn't show hand 
*** SUMMARY ***
Total pot $0.27 | Rake $0.01 
Board [5d 9h Kc]
Seat 1: DmV1482 (small blind) folded before Flop
Seat 2: Lorpugo (big blind) folded before Flop
Seat 3: VladimirM626 folded on the Flop
Seat 4: KraVasya collected ($0.26)
Seat 5: yonaikeralf folded before Flop (didn't bet)
Seat 6: kjordan25 (button) folded on the Flop



PokerStars Hand #239405618932:  Hold'em No Limit ($0.01/$0.02 USD) - 2022/10/23 12:46:44 ET
Table 'Khryses III' 6-max Seat #1 is the button
Seat 1: DmV1482 ($2.81 in chips) 
Seat 2: Lorpugo ($1.60 in chips) 
Seat 3: VladimirM626 ($1.08 in chips) 
Seat 4: KraVasya ($2.32 in chips) 
Seat 5: yonaikeralf ($2.64 in chips) 
Seat 6: kjordan25 ($0.90 in chips) 
Lorpugo: posts small blind $0.01
VladimirM626: posts big blind $0.02
*** HOLE CARDS ***
Dealt to Lorpugo [6c 2d]
KraVasya: folds 
yonaikeralf: folds 
kjordan25: folds 
DmV1482: folds 
Lorpugo: folds 
Uncalled bet ($0.01) returned to VladimirM626
VladimirM626 collected $0.02 from pot
*** SUMMARY ***
Total pot $0.02 | Rake $0 
Seat 1: DmV1482 (button) folded before Flop (didn't bet)
Seat 2: Lorpugo (small blind) folded before Flop
Seat 3: VladimirM626 (big blind) collected ($0.02)
Seat 4: KraVasya folded before Flop (didn't bet)
Seat 5: yonaikeralf folded before Flop (didn't bet)
Seat 6: kjordan25 folded before Flop (didn't bet)



PokerStars Hand #239405621501:  Hold'em No Limit ($0.01/$0.02 USD) - 2022/10/23 12:46:51 ET
Table 'Khryses III' 6-max Seat #2 is the button
Seat 1: DmV1482 ($2.81 in chips) 
Seat 2: Lorpugo ($1.60 in chips) 
Seat 3: VladimirM626 ($1.09 in chips) 
Seat 4: KraVasya ($2.32 in chips) 
Seat 5: yonaikeralf ($2.64 in chips) 
Seat 6: kjordan25 ($0.90 in chips) 
VladimirM626: posts small blind $0.01
KraVasya: posts big blind $0.02
*** HOLE CARDS ***
Dealt to Lorpugo [2s 5s]
yonaikeralf: folds 
kjordan25: calls $0.02
DmV1482: raises $0.06 to $0.08
Lorpugo: folds 
VladimirM626: folds 
KraVasya: folds 
kjordan25: calls $0.06
*** FLOP *** [3h 5c 9h]
kjordan25: checks 
DmV1482: bets $0.12
kjordan25: calls $0.12
*** TURN *** [3h 5c 9h] [4d]
kjordan25: checks 
DmV1482: bets $0.27
kjordan25: folds 
Uncalled bet ($0.27) returned to DmV1482
DmV1482 collected $0.41 from pot
DmV1482: doesn't show hand 
*** SUMMARY ***
Total pot $0.43 | Rake $0.02 
Board [3h 5c 9h 4d]
Seat 1: DmV1482 collected ($0.41)
Seat 2: Lorpugo (button) folded before Flop (didn't bet)
Seat 3: VladimirM626 (small blind) folded before Flop
Seat 4: KraVasya (big blind) folded before Flop
Seat 5: yonaikeralf folded before Flop (didn't bet)
Seat 6: kjordan25 folded on the Turn



PokerStars Hand #239405635846:  Hold'em No Limit ($0.01/$0.02 USD) - 2022/10/23 12:47:28 ET
Table 'Khryses III' 6-max Seat #3 is the button
Seat 1: DmV1482 ($3.02 in chips) 
Seat 2: Lorpugo ($1.60 in chips) 
Seat 3: VladimirM626 ($1.08 in chips) 
Seat 4: KraVasya ($2.30 in chips) 
Seat 5: yonaikeralf ($2.64 in chips) 
Seat 6: kjordan25 ($0.70 in chips) 
KraVasya: posts small blind $0.01
yonaikeralf: posts big blind $0.02
*** HOLE CARDS ***
Dealt to Lorpugo [9d 3h]
kjordan25: calls $0.02
DmV1482: folds 
Lorpugo: folds 
VladimirM626: folds 
KraVasya: folds 
yonaikeralf: checks 
*** FLOP *** [5c 3s 5d]
yonaikeralf: checks 
kjordan25: bets $0.02
yonaikeralf: calls $0.02
*** TURN *** [5c 3s 5d] [6h]
yonaikeralf: checks 
kjordan25: checks 
*** RIVER *** [5c 3s 5d 6h] [7c]
yonaikeralf: checks 
kjordan25: bets $0.04
yonaikeralf: folds 
Uncalled bet ($0.04) returned to kjordan25
kjordan25 collected $0.09 from pot
*** SUMMARY ***
Total pot $0.09 | Rake $0 
Board [5c 3s 5d 6h 7c]
Seat 1: DmV1482 folded before Flop (didn't bet)
Seat 2: Lorpugo folded before Flop (didn't bet)
Seat 3: VladimirM626 (button) folded before Flop (didn't bet)
Seat 4: KraVasya (small blind) folded before Flop
Seat 5: yonaikeralf (big blind) folded on the River
Seat 6: kjordan25 collected ($0.09)



PokerStars Hand #239405652473:  Hold'em No Limit ($0.01/$0.02 USD) - 2022/10/23 12:48:11 ET
Table 'Khryses III' 6-max Seat #4 is the button
Seat 1: DmV1482 ($3.02 in chips) 
Seat 2: Lorpugo ($1.60 in chips) 
Seat 3: VladimirM626 ($1.08 in chips) 
Seat 4: KraVasya ($2.29 in chips) 
Seat 5: yonaikeralf ($2.60 in chips) 
Seat 6: kjordan25 ($0.75 in chips) 
yonaikeralf: posts small blind $0.01
kjordan25: posts big blind $0.02
*** HOLE CARDS ***
Dealt to Lorpugo [7c 8c]
DmV1482: folds 
Lorpugo: raises $0.04 to $0.06
VladimirM626: folds 
KraVasya: calls $0.06
yonaikeralf: folds 
kjordan25: calls $0.04
*** FLOP *** [8s 8d Ah]
kjordan25: checks 
Lorpugo: bets $0.09
KraVasya: folds 
kjordan25: folds 
Uncalled bet ($0.09) returned to Lorpugo
Lorpugo collected $0.18 from pot
Lorpugo: doesn't show hand 
*** SUMMARY ***
Total pot $0.19 | Rake $0.01 
Board [8s 8d Ah]
Seat 1: DmV1482 folded before Flop (didn't bet)
Seat 2: Lorpugo collected ($0.18)
Seat 3: VladimirM626 folded before Flop (didn't bet)
Seat 4: KraVasya (button) folded on the Flop
Seat 5: yonaikeralf (small blind) folded before Flop
Seat 6: kjordan25 (big blind) folded on the Flop



PokerStars Hand #239405665139:  Hold'em No Limit ($0.01/$0.02 USD) - 2022/10/23 12:48:44 ET
Table 'Khryses III' 6-max Seat #5 is the button
Seat 2: Lorpugo ($1.72 in chips) 
Seat 3: VladimirM626 ($1.08 in chips) 
Seat 4: KraVasya ($2.23 in chips) 
Seat 5: yonaikeralf ($2.59 in chips) 
Seat 6: kjordan25 ($0.69 in chips) 
kjordan25: posts small blind $0.01
DmV1482: is sitting out 
DmV1482 leaves the table
Lorpugo: posts big blind $0.02
*** HOLE CARDS ***
Dealt to Lorpugo [8d Tc]
VladimirM626: folds 
KraVasya: folds 
yonaikeralf: raises $0.04 to $0.06
kjordan25: folds 
Lorpugo: calls $0.04
*** FLOP *** [Ts 9c 8s]
Lorpugo: bets $0.13
Unlacky00 joins the table at seat #1 
yonaikeralf: calls $0.13
*** TURN *** [Ts 9c 8s] [7s]
Lorpugo: checks 
yonaikeralf: checks 
*** RIVER *** [Ts 9c 8s 7s] [8h]
Lorpugo: bets $1.53 and is all-in
yonaikeralf: folds 
Uncalled bet ($1.53) returned to Lorpugo
Lorpugo collected $0.38 from pot
Lorpugo: doesn't show hand 
*** SUMMARY ***
Total pot $0.39 | Rake $0.01 
Board [Ts 9c 8s 7s 8h]
Seat 2: Lorpugo (big blind) collected ($0.38)
Seat 3: VladimirM626 folded before Flop (didn't bet)
Seat 4: KraVasya folded before Flop (didn't bet)
Seat 5: yonaikeralf (button) folded on the River
Seat 6: kjordan25 (small blind) folded before Flop



PokerStars Hand #239405685550:  Hold'em No Limit ($0.01/$0.02 USD) - 2022/10/23 12:49:36 ET
Table 'Khryses III' 6-max Seat #6 is the button
Seat 2: Lorpugo ($1.91 in chips) 
Seat 3: VladimirM626 ($1.08 in chips) 
Seat 4: KraVasya ($2.23 in chips) 
Seat 5: yonaikeralf ($2.40 in chips) 
Seat 6: kjordan25 ($0.68 in chips) 
Lorpugo: posts small blind $0.01
VladimirM626: posts big blind $0.02
*** HOLE CARDS ***
Dealt to Lorpugo [2s 8d]
KraVasya: folds 
yonaikeralf: raises $0.04 to $0.06
kjordan25: calls $0.06
Lorpugo: folds 
VladimirM626: folds 
*** FLOP *** [Kc 9s 6d]
yonaikeralf: bets $0.07
kjordan25: calls $0.07
*** TURN *** [Kc 9s 6d] [4s]
yonaikeralf: checks 
kjordan25: bets $0.02
yonaikeralf: calls $0.02
*** RIVER *** [Kc 9s 6d 4s] [5s]
yonaikeralf: checks 
kjordan25: bets $0.02
yonaikeralf: calls $0.02
*** SHOW DOWN ***
kjordan25: shows [Kh 5c] (two pair, Kings and Fives)
yonaikeralf: mucks hand 
kjordan25 collected $0.36 from pot
*** SUMMARY ***
Total pot $0.37 | Rake $0.01 
Board [Kc 9s 6d 4s 5s]
Seat 2: Lorpugo (small blind) folded before Flop
Seat 3: VladimirM626 (big blind) folded before Flop
Seat 4: KraVasya folded before Flop (didn't bet)
Seat 5: yonaikeralf mucked [Jd Ad]
Seat 6: kjordan25 (button) showed [Kh 5c] and won ($0.36) with two pair, Kings and Fives



PokerStars Hand #239405703541:  Hold'em No Limit ($0.01/$0.02 USD) - 2022/10/23 12:50:24 ET
Table 'Khryses III' 6-max Seat #2 is the button
Seat 1: Unlacky00 ($2 in chips) 
Seat 2: Lorpugo ($1.90 in chips) 
Seat 3: VladimirM626 ($1.06 in chips) 
Seat 5: yonaikeralf ($2.23 in chips) 
Seat 6: kjordan25 ($0.87 in chips) 
VladimirM626: posts small blind $0.01
KraVasya: is sitting out 
yonaikeralf: posts big blind $0.02
Unlacky00: posts big blind $0.02
*** HOLE CARDS ***
Dealt to Lorpugo [Qc 7s]
kjordan25: folds 
Unlacky00: checks 
KraVasya leaves the table
Lorpugo: folds 
VladimirM626: calls $0.01
yonaikeralf: raises $0.10 to $0.12
Unlacky00: folds 
VladimirM626: folds 
Uncalled bet ($0.10) returned to yonaikeralf
yonaikeralf collected $0.06 from pot
*** SUMMARY ***
Total pot $0.06 | Rake $0 
Seat 1: Unlacky00 folded before Flop (didn't bet)
Seat 2: Lorpugo (button) folded before Flop (didn't bet)
Seat 3: VladimirM626 (small blind) folded before Flop
Seat 5: yonaikeralf (big blind) collected ($0.06)
Seat 6: kjordan25 folded before Flop (didn't bet)



PokerStars Hand #239405713713:  Hold'em No Limit ($0.01/$0.02 USD) - 2022/10/23 12:50:50 ET
Table 'Khryses III' 6-max Seat #3 is the button
Seat 1: Unlacky00 ($1.98 in chips) 
Seat 2: Lorpugo ($1.90 in chips) 
Seat 3: VladimirM626 ($1.04 in chips) 
Seat 5: yonaikeralf ($2.27 in chips) 
Seat 6: kjordan25 ($0.87 in chips) 
yonaikeralf: posts small blind $0.01
kjordan25: posts big blind $0.02
*** HOLE CARDS ***
Dealt to Lorpugo [3h 2c]
Unlacky00: calls $0.02
Lorpugo: folds 
VladimirM626: folds 
yonaikeralf: raises $0.08 to $0.10
kjordan25: folds 
Unlacky00: calls $0.08
*** FLOP *** [As Qs 8h]
yonaikeralf: bets $0.07
Nikalians joins the table at seat #4 
Unlacky00: calls $0.07
*** TURN *** [As Qs 8h] [Js]
yonaikeralf: checks 
Unlacky00: bets $0.17
yonaikeralf: calls $0.17
*** RIVER *** [As Qs 8h Js] [7c]
yonaikeralf: checks 
Unlacky00: bets $0.68
yonaikeralf: calls $0.68
*** SHOW DOWN ***
Unlacky00: shows [8s 3s] (a flush, Ace high)
yonaikeralf: mucks hand 
Unlacky00 collected $1.99 from pot
*** SUMMARY ***
Total pot $2.06 | Rake $0.07 
Board [As Qs 8h Js 7c]
Seat 1: Unlacky00 showed [8s 3s] and won ($1.99) with a flush, Ace high
Seat 2: Lorpugo folded before Flop (didn't bet)
Seat 3: VladimirM626 (button) folded before Flop (didn't bet)
Seat 5: yonaikeralf (small blind) mucked [9d Td]
Seat 6: kjordan25 (big blind) folded before Flop



PokerStars Hand #239405735596:  Hold'em No Limit ($0.01/$0.02 USD) - 2022/10/23 12:51:48 ET
Table 'Khryses III' 6-max Seat #5 is the button
Seat 1: Unlacky00 ($2.95 in chips) 
Seat 2: Lorpugo ($1.90 in chips) 
Seat 3: VladimirM626 ($1.04 in chips) 
Seat 5: yonaikeralf ($2 in chips) 
Seat 6: kjordan25 ($0.85 in chips) 
kjordan25: posts small blind $0.01
Unlacky00: posts big blind $0.02
Nikalians: sits out 
*** HOLE CARDS ***
Dealt to Lorpugo [8s 6d]
Lorpugo: folds 
VladimirM626: folds 
yonaikeralf: folds 
kjordan25: raises $0.02 to $0.04
Unlacky00: calls $0.02
*** FLOP *** [4d 8c 3c]
kjordan25: bets $0.04
Unlacky00: calls $0.04
*** TURN *** [4d 8c 3c] [3s]
kjordan25: bets $0.02
Unlacky00: raises $0.04 to $0.06
kjordan25: calls $0.04
*** RIVER *** [4d 8c 3c 3s] [Jh]
kjordan25: checks 
Unlacky00: checks 
*** SHOW DOWN ***
kjordan25: shows [As 9h] (a pair of Threes)
Unlacky00: mucks hand 
kjordan25 collected $0.27 from pot
*** SUMMARY ***
Total pot $0.28 | Rake $0.01 
Board [4d 8c 3c 3s Jh]
Seat 1: Unlacky00 (big blind) mucked [2h Ad]
Seat 2: Lorpugo folded before Flop (didn't bet)
Seat 3: VladimirM626 folded before Flop (didn't bet)
Seat 5: yonaikeralf (button) folded before Flop (didn't bet)
Seat 6: kjordan25 (small blind) showed [As 9h] and won ($0.27) with a pair of Threes



PokerStars Hand #239405751351:  Hold'em No Limit ($0.01/$0.02 USD) - 2022/10/23 12:52:28 ET
Table 'Khryses III' 6-max Seat #6 is the button
Seat 1: Unlacky00 ($2.81 in chips) 
Seat 2: Lorpugo ($1.90 in chips) 
Seat 3: VladimirM626 ($1.04 in chips) 
Seat 5: yonaikeralf ($2 in chips) 
Seat 6: kjordan25 ($0.98 in chips) 
Unlacky00: posts small blind $0.01
Lorpugo: posts big blind $0.02
Nikalians: sits out 
*** HOLE CARDS ***
Dealt to Lorpugo [6c 2s]
VladimirM626: folds 
yonaikeralf: raises $0.04 to $0.06
kjordan25: folds 
Unlacky00: folds 
Lorpugo: folds 
Uncalled bet ($0.04) returned to yonaikeralf
yonaikeralf collected $0.05 from pot
*** SUMMARY ***
Total pot $0.05 | Rake $0 
Seat 1: Unlacky00 (small blind) folded before Flop
Seat 2: Lorpugo (big blind) folded before Flop
Seat 3: VladimirM626 folded before Flop (didn't bet)
Seat 5: yonaikeralf collected ($0.05)
Seat 6: kjordan25 (button) folded before Flop (didn't bet)



PokerStars Hand #239405757238:  Hold'em No Limit ($0.01/$0.02 USD) - 2022/10/23 12:52:44 ET
Table 'Khryses III' 6-max Seat #1 is the button
Seat 1: Unlacky00 ($2.80 in chips) 
Seat 2: Lorpugo ($1.88 in chips) 
Seat 3: VladimirM626 ($1.04 in chips) 
Seat 5: yonaikeralf ($2.03 in chips) 
Seat 6: kjordan25 ($0.98 in chips) 
Lorpugo: posts small blind $0.01
VladimirM626: posts big blind $0.02
Nikalians: sits out 
*** HOLE CARDS ***
Dealt to Lorpugo [As Ac]
yonaikeralf: folds 
kjordan25: calls $0.02
Unlacky00: folds 
Lorpugo: raises $0.06 to $0.08
VladimirM626: folds 
kjordan25: folds 
Uncalled bet ($0.06) returned to Lorpugo
Lorpugo collected $0.06 from pot
Lorpugo: doesn't show hand 
*** SUMMARY ***
Total pot $0.06 | Rake $0 
Seat 1: Unlacky00 (button) folded before Flop (didn't bet)
Seat 2: Lorpugo (small blind) collected ($0.06)
Seat 3: VladimirM626 (big blind) folded before Flop
Seat 5: yonaikeralf folded before Flop (didn't bet)
Seat 6: kjordan25 folded before Flop



PokerStars Hand #239405762383:  Hold'em No Limit ($0.01/$0.02 USD) - 2022/10/23 12:52:57 ET
Table 'Khryses III' 6-max Seat #2 is the button
Seat 1: Unlacky00 ($2.80 in chips) 
Seat 2: Lorpugo ($1.92 in chips) 
Seat 3: VladimirM626 ($1.02 in chips) 
Seat 4: Nikalians ($1.60 in chips) 
Seat 5: yonaikeralf ($2.03 in chips) 
Seat 6: kjordan25 ($0.96 in chips) 
VladimirM626: posts small blind $0.01
Nikalians: posts big blind $0.02
*** HOLE CARDS ***
Dealt to Lorpugo [2s 6h]
yonaikeralf: folds 
kjordan25: folds 
Unlacky00: folds 
Lorpugo: folds 
VladimirM626: calls $0.01
Nikalians: checks 
*** FLOP *** [8s 7c 9c]
VladimirM626: bets $0.06
Nikalians: folds 
Uncalled bet ($0.06) returned to VladimirM626
VladimirM626 collected $0.04 from pot
*** SUMMARY ***
Total pot $0.04 | Rake $0 
Board [8s 7c 9c]
Seat 1: Unlacky00 folded before Flop (didn't bet)
Seat 2: Lorpugo (button) folded before Flop (didn't bet)
Seat 3: VladimirM626 (small blind) collected ($0.04)
Seat 4: Nikalians (big blind) folded on the Flop
Seat 5: yonaikeralf folded before Flop (didn't bet)
Seat 6: kjordan25 folded before Flop (didn't bet)



PokerStars Hand #239405769509:  Hold'em No Limit ($0.01/$0.02 USD) - 2022/10/23 12:53:15 ET
Table 'Khryses III' 6-max Seat #3 is the button
Seat 1: Unlacky00 ($2.80 in chips) 
Seat 2: Lorpugo ($1.92 in chips) 
Seat 3: VladimirM626 ($1.04 in chips) 
Seat 4: Nikalians ($1.58 in chips) 
Seat 5: yonaikeralf ($2.03 in chips) 
Seat 6: kjordan25 ($0.96 in chips) 
Nikalians: posts small blind $0.01
yonaikeralf: posts big blind $0.02
*** HOLE CARDS ***
Dealt to Lorpugo [Tc Ac]
kjordan25: calls $0.02
Unlacky00: calls $0.02
Lorpugo: raises $0.09 to $0.11
VladimirM626: folds 
Nikalians: calls $0.10
yonaikeralf: raises $0.21 to $0.32
kjordan25: folds 
Unlacky00: folds 
Lorpugo: folds 
Nikalians: folds 
Uncalled bet ($0.21) returned to yonaikeralf
yonaikeralf collected $0.37 from pot
*** SUMMARY ***
Total pot $0.37 | Rake $0 
Seat 1: Unlacky00 folded before Flop
Seat 2: Lorpugo folded before Flop
Seat 3: VladimirM626 (button) folded before Flop (didn't bet)
Seat 4: Nikalians (small blind) folded before Flop
Seat 5: yonaikeralf (big blind) collected ($0.37)
Seat 6: kjordan25 folded before Flop



PokerStars Hand #239405785230:  Hold'em No Limit ($0.01/$0.02 USD) - 2022/10/23 12:53:56 ET
Table 'Khryses III' 6-max Seat #4 is the button
Seat 1: Unlacky00 ($2.78 in chips) 
Seat 2: Lorpugo ($1.81 in chips) 
Seat 3: VladimirM626 ($1.04 in chips) 
Seat 4: Nikalians ($1.47 in chips) 
Seat 5: yonaikeralf ($2.29 in chips) 
Seat 6: kjordan25 ($0.94 in chips) 
yonaikeralf: posts small blind $0.01
kjordan25: posts big blind $0.02
*** HOLE CARDS ***
Dealt to Lorpugo [7d 3c]
Unlacky00: folds 
Lorpugo: folds 
VladimirM626: raises $0.02 to $0.04
Nikalians: folds 
yonaikeralf: folds 
kjordan25: folds 
Uncalled bet ($0.02) returned to VladimirM626
VladimirM626 collected $0.05 from pot
*** SUMMARY ***
Total pot $0.05 | Rake $0 
Seat 1: Unlacky00 folded before Flop (didn't bet)
Seat 2: Lorpugo folded before Flop (didn't bet)
Seat 3: VladimirM626 collected ($0.05)
Seat 4: Nikalians (button) folded before Flop (didn't bet)
Seat 5: yonaikeralf (small blind) folded before Flop
Seat 6: kjordan25 (big blind) folded before Flop



PokerStars Hand #239405791973:  Hold'em No Limit ($0.01/$0.02 USD) - 2022/10/23 12:54:14 ET
Table 'Khryses III' 6-max Seat #5 is the button
Seat 1: Unlacky00 ($2.78 in chips) 
Seat 2: Lorpugo ($1.81 in chips) 
Seat 3: VladimirM626 ($1.07 in chips) 
Seat 4: Nikalians ($1.47 in chips) 
Seat 5: yonaikeralf ($2.28 in chips) 
Seat 6: kjordan25 ($0.92 in chips) 
kjordan25: posts small blind $0.01
Unlacky00: posts big blind $0.02
*** HOLE CARDS ***
Dealt to Lorpugo [7c As]
Lorpugo: raises $0.04 to $0.06
VladimirM626: folds 
Nikalians: folds 
yonaikeralf: folds 
kjordan25: calls $0.05
Unlacky00: calls $0.04
*** FLOP *** [Kh 4c 7d]
kjordan25: checks 
Unlacky00: checks 
Lorpugo: bets $0.06
kjordan25: folds 
Unlacky00: folds 
Uncalled bet ($0.06) returned to Lorpugo
Lorpugo collected $0.17 from pot
Lorpugo: doesn't show hand 
*** SUMMARY ***
Total pot $0.18 | Rake $0.01 
Board [Kh 4c 7d]
Seat 1: Unlacky00 (big blind) folded on the Flop
Seat 2: Lorpugo collected ($0.17)
Seat 3: VladimirM626 folded before Flop (didn't bet)
Seat 4: Nikalians folded before Flop (didn't bet)
Seat 5: yonaikeralf (button) folded before Flop (didn't bet)
Seat 6: kjordan25 (small blind) folded on the Flop



PokerStars Hand #239405806728:  Hold'em No Limit ($0.01/$0.02 USD) - 2022/10/23 12:54:53 ET
Table 'Khryses III' 6-max Seat #6 is the button
Seat 1: Unlacky00 ($2.72 in chips) 
Seat 2: Lorpugo ($1.92 in chips) 
Seat 3: VladimirM626 ($1.07 in chips) 
Seat 4: Nikalians ($1.47 in chips) 
Seat 5: yonaikeralf ($2.28 in chips) 
Seat 6: kjordan25 ($0.86 in chips) 
Unlacky00: posts small blind $0.01
Lorpugo: posts big blind $0.02
*** HOLE CARDS ***
Dealt to Lorpugo [4c As]
VladimirM626: folds 
Nikalians: folds 
yonaikeralf: folds 
kjordan25: raises $0.02 to $0.04
Unlacky00: folds 
Lorpugo: raises $0.09 to $0.13
kjordan25: calls $0.09
*** FLOP *** [Tc 4s 6s]
Lorpugo: bets $0.17
kjordan25: calls $0.17
*** TURN *** [Tc 4s 6s] [3h]
Lorpugo: checks 
kjordan25: bets $0.02
Lorpugo: calls $0.02
*** RIVER *** [Tc 4s 6s 3h] [7h]
Lorpugo: checks 
kjordan25: bets $0.02
Lorpugo: calls $0.02
*** SHOW DOWN ***
kjordan25: shows [Td 9d] (a pair of Tens)
Lorpugo: mucks hand 
kjordan25 collected $0.67 from pot
*** SUMMARY ***
Total pot $0.69 | Rake $0.02 
Board [Tc 4s 6s 3h 7h]
Seat 1: Unlacky00 (small blind) folded before Flop
Seat 2: Lorpugo (big blind) mucked [4c As]
Seat 3: VladimirM626 folded before Flop (didn't bet)
Seat 4: Nikalians folded before Flop (didn't bet)
Seat 5: yonaikeralf folded before Flop (didn't bet)
Seat 6: kjordan25 (button) showed [Td 9d] and won ($0.67) with a pair of Tens



PokerStars Hand #239405824138:  Hold'em No Limit ($0.01/$0.02 USD) - 2022/10/23 12:55:54 ET
Table 'Khryses III' 6-max Seat #1 is the button
Seat 1: Unlacky00 ($2.71 in chips) 
Seat 2: Lorpugo ($1.60 in chips) 
Seat 3: VladimirM626 ($1.07 in chips) 
Seat 4: Nikalians ($1.47 in chips) 
Seat 5: yonaikeralf ($2.28 in chips) 
Seat 6: kjordan25 ($1.19 in chips) 
Lorpugo: posts small blind $0.01
VladimirM626: posts big blind $0.02
*** HOLE CARDS ***
Dealt to Lorpugo [Ks Td]
Nikalians: folds 
yonaikeralf: folds 
kjordan25: raises $0.02 to $0.04
Unlacky00: folds 
Lorpugo: raises $0.10 to $0.14
VladimirM626: folds 
kjordan25: calls $0.10
*** FLOP *** [Tc 4s Jh]
Lorpugo: checks 
kjordan25: bets $0.02
Lorpugo: raises $0.12 to $0.14
kjordan25: calls $0.12
*** TURN *** [Tc 4s Jh] [7s]
Lorpugo: checks 
kjordan25: checks 
*** RIVER *** [Tc 4s Jh 7s] [Qd]
Lorpugo: checks 
kjordan25: bets $0.56
Lorpugo: folds 
Uncalled bet ($0.56) returned to kjordan25
kjordan25 collected $0.56 from pot
*** SUMMARY ***
Total pot $0.58 | Rake $0.02 
Board [Tc 4s Jh 7s Qd]
Seat 1: Unlacky00 (button) folded before Flop (didn't bet)
Seat 2: Lorpugo (small blind) folded on the River
Seat 3: VladimirM626 (big blind) folded before Flop
Seat 4: Nikalians folded before Flop (didn't bet)
Seat 5: yonaikeralf folded before Flop (didn't bet)
Seat 6: kjordan25 collected ($0.56)



PokerStars Hand #239405843403:  Hold'em No Limit ($0.01/$0.02 USD) - 2022/10/23 12:57:09 ET
Table 'Khryses III' 6-max Seat #2 is the button
Seat 1: Unlacky00 ($2.71 in chips) 
Seat 2: Lorpugo ($1.60 in chips) 
Seat 3: VladimirM626 ($1.05 in chips) 
Seat 4: Nikalians ($1.47 in chips) 
Seat 5: yonaikeralf ($2.28 in chips) 
Seat 6: kjordan25 ($1.47 in chips) 
VladimirM626: posts small blind $0.01
Nikalians: posts big blind $0.02
*** HOLE CARDS ***
Dealt to Lorpugo [Jh Tc]
yonaikeralf: folds 
kjordan25: calls $0.02
Unlacky00: raises $0.04 to $0.06
Lorpugo: calls $0.06
VladimirM626: folds 
Nikalians: folds 
kjordan25: calls $0.04
*** FLOP *** [3h 3d 2c]
kjordan25: checks 
Unlacky00: bets $0.10
Lorpugo: folds 
kjordan25: folds 
Uncalled bet ($0.10) returned to Unlacky00
Unlacky00 collected $0.20 from pot
*** SUMMARY ***
Total pot $0.21 | Rake $0.01 
Board [3h 3d 2c]
Seat 1: Unlacky00 collected ($0.20)
Seat 2: Lorpugo (button) folded on the Flop
Seat 3: VladimirM626 (small blind) folded before Flop
Seat 4: Nikalians (big blind) folded before Flop
Seat 5: yonaikeralf folded before Flop (didn't bet)
Seat 6: kjordan25 folded on the Flop



PokerStars Hand #239405855542:  Hold'em No Limit ($0.01/$0.02 USD) - 2022/10/23 12:57:56 ET
Table 'Khryses III' 6-max Seat #3 is the button
Seat 1: Unlacky00 ($2.85 in chips) 
Seat 2: Lorpugo ($1.60 in chips) 
Seat 3: VladimirM626 ($1.04 in chips) 
Seat 4: Nikalians ($1.45 in chips) 
Seat 5: yonaikeralf ($2.28 in chips) 
Seat 6: kjordan25 ($1.41 in chips) 
Nikalians: posts small blind $0.01
yonaikeralf: posts big blind $0.02
*** HOLE CARDS ***
Dealt to Lorpugo [As 8d]
kjordan25: calls $0.02
Unlacky00: folds 
Lorpugo: raises $0.07 to $0.09
VladimirM626: folds 
Nikalians: folds 
yonaikeralf: folds 
kjordan25: folds 
Uncalled bet ($0.07) returned to Lorpugo
Lorpugo collected $0.07 from pot
Lorpugo: doesn't show hand 
*** SUMMARY ***
Total pot $0.07 | Rake $0 
Seat 1: Unlacky00 folded before Flop (didn't bet)
Seat 2: Lorpugo collected ($0.07)
Seat 3: VladimirM626 (button) folded before Flop (didn't bet)
Seat 4: Nikalians (small blind) folded before Flop
Seat 5: yonaikeralf (big blind) folded before Flop
Seat 6: kjordan25 folded before Flop



PokerStars Hand #239405860816:  Hold'em No Limit ($0.01/$0.02 USD) - 2022/10/23 12:58:16 ET
Table 'Khryses III' 6-max Seat #4 is the button
Seat 1: Unlacky00 ($2.85 in chips) 
Seat 2: Lorpugo ($1.65 in chips) 
Seat 3: VladimirM626 ($1.04 in chips) 
Seat 4: Nikalians ($1.44 in chips) 
Seat 5: yonaikeralf ($2.26 in chips) 
Seat 6: kjordan25 ($1.39 in chips) 
yonaikeralf: posts small blind $0.01
kjordan25: posts big blind $0.02
*** HOLE CARDS ***
Dealt to Lorpugo [As 3h]
Unlacky00: folds 
Lorpugo: folds 
VladimirM626: folds 
Nikalians: folds 
yonaikeralf: folds 
Uncalled bet ($0.01) returned to kjordan25
kjordan25 collected $0.02 from pot
*** SUMMARY ***
Total pot $0.02 | Rake $0 
Seat 1: Unlacky00 folded before Flop (didn't bet)
Seat 2: Lorpugo folded before Flop (didn't bet)
Seat 3: VladimirM626 folded before Flop (didn't bet)
Seat 4: Nikalians (button) folded before Flop (didn't bet)
Seat 5: yonaikeralf (small blind) folded before Flop
Seat 6: kjordan25 (big blind) collected ($0.02)



PokerStars Hand #239405868192:  Hold'em No Limit ($0.01/$0.02 USD) - 2022/10/23 12:58:45 ET
Table 'Khryses III' 6-max Seat #5 is the button
Seat 1: Unlacky00 ($2.85 in chips) 
Seat 2: Lorpugo ($1.65 in chips) 
Seat 3: VladimirM626 ($1.04 in chips) 
Seat 4: Nikalians ($1.44 in chips) 
Seat 5: yonaikeralf ($2.25 in chips) 
Seat 6: kjordan25 ($1.40 in chips) 
kjordan25: posts small blind $0.01
Unlacky00: posts big blind $0.02
*** HOLE CARDS ***
Dealt to Lorpugo [2c Kd]
Lorpugo: folds 
VladimirM626: calls $0.02
Nikalians: folds 
yonaikeralf: raises $0.06 to $0.08
kjordan25: folds 
Unlacky00: folds 
VladimirM626: calls $0.06
*** FLOP *** [Kh 3h 2h]
VladimirM626: checks 
yonaikeralf: bets $0.06
VladimirM626: folds 
Uncalled bet ($0.06) returned to yonaikeralf
yonaikeralf collected $0.18 from pot
*** SUMMARY ***
Total pot $0.19 | Rake $0.01 
Board [Kh 3h 2h]
Seat 1: Unlacky00 (big blind) folded before Flop
Seat 2: Lorpugo folded before Flop (didn't bet)
Seat 3: VladimirM626 folded on the Flop
Seat 4: Nikalians folded before Flop (didn't bet)
Seat 5: yonaikeralf (button) collected ($0.18)
Seat 6: kjordan25 (small blind) folded before Flop



PokerStars Hand #239405876622:  Hold'em No Limit ($0.01/$0.02 USD) - 2022/10/23 12:59:17 ET
Table 'Khryses III' 6-max Seat #6 is the button
Seat 1: Unlacky00 ($2.83 in chips) 
Seat 2: Lorpugo ($1.65 in chips) 
Seat 3: VladimirM626 ($0.96 in chips) 
Seat 4: Nikalians ($1.44 in chips) 
Seat 5: yonaikeralf ($2.35 in chips) 
Seat 6: kjordan25 ($1.39 in chips) 
Unlacky00: posts small blind $0.01
Lorpugo: posts big blind $0.02
*** HOLE CARDS ***
Dealt to Lorpugo [8c 7s]
VladimirM626: folds 
Nikalians: folds 
yonaikeralf: raises $0.04 to $0.06
kjordan25: folds 
Unlacky00 is disconnected 
Unlacky00 has timed out while disconnected
Unlacky00: folds 
Lorpugo: calls $0.04
*** FLOP *** [Td 4s 3h]
Lorpugo: checks 
yonaikeralf: bets $0.07
Lorpugo: folds 
Uncalled bet ($0.07) returned to yonaikeralf
yonaikeralf collected $0.13 from pot
*** SUMMARY ***
Total pot $0.13 | Rake $0 
Board [Td 4s 3h]
Seat 1: Unlacky00 (small blind) folded before Flop
Seat 2: Lorpugo (big blind) folded on the Flop
Seat 3: VladimirM626 folded before Flop (didn't bet)
Seat 4: Nikalians folded before Flop (didn't bet)
Seat 5: yonaikeralf collected ($0.13)
Seat 6: kjordan25 (button) folded before Flop (didn't bet)



PokerStars Hand #239405893528:  Hold'em No Limit ($0.01/$0.02 USD) - 2022/10/23 13:00:17 ET
Table 'Khryses III' 6-max Seat #2 is the button
Seat 2: Lorpugo ($1.60 in chips) 
Seat 3: VladimirM626 ($0.96 in chips) 
Seat 4: Nikalians ($1.44 in chips) 
Seat 5: yonaikeralf ($2.42 in chips) 
Seat 6: kjordan25 ($1.39 in chips) 
VladimirM626: posts small blind $0.01
Nikalians: posts big blind $0.02
*** HOLE CARDS ***
Dealt to Lorpugo [6s Ad]
yonaikeralf: folds 
kjordan25: calls $0.02
Lorpugo: calls $0.02
VladimirM626: folds 
Nikalians: raises $0.07 to $0.09
kjordan25: folds 
Lorpugo: calls $0.07
*** FLOP *** [4c Ts 3s]
Nikalians: bets $0.07
Lorpugo: calls $0.07
*** TURN *** [4c Ts 3s] [3h]
Nikalians: checks 
Lorpugo: bets $0.26
Nikalians: folds 
Uncalled bet ($0.26) returned to Lorpugo
Lorpugo collected $0.34 from pot
Lorpugo: doesn't show hand 
*** SUMMARY ***
Total pot $0.35 | Rake $0.01 
Board [4c Ts 3s 3h]
Seat 2: Lorpugo (button) collected ($0.34)
Seat 3: VladimirM626 (small blind) folded before Flop
Seat 4: Nikalians (big blind) folded on the Turn
Seat 5: yonaikeralf folded before Flop (didn't bet)
Seat 6: kjordan25 folded before Flop



PokerStars Hand #239405908308:  Hold'em No Limit ($0.01/$0.02 USD) - 2022/10/23 13:01:07 ET
Table 'Khryses III' 6-max Seat #3 is the button
Seat 1: Unlacky00 ($2.82 in chips) 
Seat 2: Lorpugo ($1.78 in chips) 
Seat 3: VladimirM626 ($0.95 in chips) 
Seat 4: Nikalians ($1.28 in chips) 
Seat 5: yonaikeralf ($2.42 in chips) 
Seat 6: kjordan25 ($1.37 in chips) 
Nikalians: posts small blind $0.01
yonaikeralf: posts big blind $0.02
*** HOLE CARDS ***
Dealt to Lorpugo [Qd 3d]
kjordan25: calls $0.02
Unlacky00: calls $0.02
Lorpugo: folds 
VladimirM626: folds 
Nikalians: folds 
yonaikeralf: checks 
*** FLOP *** [2d Qh Jh]
yonaikeralf: checks 
kjordan25: checks 
Unlacky00: checks 
*** TURN *** [2d Qh Jh] [Qs]
yonaikeralf: checks 
kjordan25: checks 
Unlacky00: checks 
*** RIVER *** [2d Qh Jh Qs] [Ks]
yonaikeralf: checks 
kjordan25: checks 
Unlacky00: checks 
*** SHOW DOWN ***
yonaikeralf: shows [9d 3c] (a pair of Queens)
kjordan25: mucks hand 
Unlacky00: shows [9c Ah] (a pair of Queens - Ace kicker)
Unlacky00 collected $0.07 from pot
*** SUMMARY ***
Total pot $0.07 | Rake $0 
Board [2d Qh Jh Qs Ks]
Seat 1: Unlacky00 showed [9c Ah] and won ($0.07) with a pair of Queens
Seat 2: Lorpugo folded before Flop (didn't bet)
Seat 3: VladimirM626 (button) folded before Flop (didn't bet)
Seat 4: Nikalians (small blind) folded before Flop
Seat 5: yonaikeralf (big blind) showed [9d 3c] and lost with a pair of Queens
Seat 6: kjordan25 mucked [5s 6h]



PokerStars Hand #239405925382:  Hold'em No Limit ($0.01/$0.02 USD) - 2022/10/23 13:01:56 ET
Table 'Khryses III' 6-max Seat #4 is the button
Seat 1: Unlacky00 ($2.87 in chips) 
Seat 2: Lorpugo ($1.78 in chips) 
Seat 3: VladimirM626 ($0.95 in chips) 
Seat 4: Nikalians ($1.27 in chips) 
Seat 5: yonaikeralf ($2.40 in chips) 
Seat 6: kjordan25 ($1.35 in chips) 
yonaikeralf: posts small blind $0.01
kjordan25: posts big blind $0.02
*** HOLE CARDS ***
Dealt to Lorpugo [Js Kd]
Unlacky00: calls $0.02
Lorpugo: folds 
VladimirM626: raises $0.07 to $0.09
Nikalians: folds 
yonaikeralf: calls $0.08
kjordan25: folds 
Unlacky00: folds 
*** FLOP *** [Qd Ac 3s]
yonaikeralf: checks 
VladimirM626: bets $0.10
yonaikeralf: folds 
Uncalled bet ($0.10) returned to VladimirM626
VladimirM626 collected $0.21 from pot
*** SUMMARY ***
Total pot $0.22 | Rake $0.01 
Board [Qd Ac 3s]
Seat 1: Unlacky00 folded before Flop
Seat 2: Lorpugo folded before Flop (didn't bet)
Seat 3: VladimirM626 collected ($0.21)
Seat 4: Nikalians (button) folded before Flop (didn't bet)
Seat 5: yonaikeralf (small blind) folded on the Flop
Seat 6: kjordan25 (big blind) folded before Flop



PokerStars Hand #239405935956:  Hold'em No Limit ($0.01/$0.02 USD) - 2022/10/23 13:02:24 ET
Table 'Khryses III' 6-max Seat #5 is the button
Seat 1: Unlacky00 ($2.85 in chips) 
Seat 2: Lorpugo ($1.78 in chips) 
Seat 3: VladimirM626 ($1.07 in chips) 
Seat 4: Nikalians ($1.27 in chips) 
Seat 5: yonaikeralf ($2.31 in chips) 
Seat 6: kjordan25 ($1.33 in chips) 
kjordan25: posts small blind $0.01
Unlacky00: posts big blind $0.02
*** HOLE CARDS ***
Dealt to Lorpugo [Qh 7c]
Lorpugo: folds 
VladimirM626: folds 
Nikalians: folds 
yonaikeralf: folds 
kjordan25: raises $0.02 to $0.04
Unlacky00: calls $0.02
*** FLOP *** [3s Qc Th]
kjordan25: bets $0.02
Unlacky00: calls $0.02
*** TURN *** [3s Qc Th] [Qs]
kjordan25: bets $0.12
Unlacky00: folds 
Uncalled bet ($0.12) returned to kjordan25
kjordan25 collected $0.12 from pot
*** SUMMARY ***
Total pot $0.12 | Rake $0 
Board [3s Qc Th Qs]
Seat 1: Unlacky00 (big blind) folded on the Turn
Seat 2: Lorpugo folded before Flop (didn't bet)
Seat 3: VladimirM626 folded before Flop (didn't bet)
Seat 4: Nikalians folded before Flop (didn't bet)
Seat 5: yonaikeralf (button) folded before Flop (didn't bet)
Seat 6: kjordan25 (small blind) collected ($0.12)



PokerStars Hand #239405950028:  Hold'em No Limit ($0.01/$0.02 USD) - 2022/10/23 13:02:58 ET
Table 'Khryses III' 6-max Seat #6 is the button
Seat 1: Unlacky00 ($2.79 in chips) 
Seat 2: Lorpugo ($1.78 in chips) 
Seat 3: VladimirM626 ($1.07 in chips) 
Seat 4: Nikalians ($1.27 in chips) 
Seat 5: yonaikeralf ($2.31 in chips) 
Seat 6: kjordan25 ($1.39 in chips) 
Unlacky00: posts small blind $0.01
Lorpugo: posts big blind $0.02
*** HOLE CARDS ***
Dealt to Lorpugo [Ac Jh]
VladimirM626: folds 
Nikalians: folds 
yonaikeralf: folds 
kjordan25: raises $0.02 to $0.04
Unlacky00: folds 
Lorpugo: raises $0.09 to $0.13
kjordan25: folds 
Uncalled bet ($0.09) returned to Lorpugo
Lorpugo collected $0.09 from pot
Lorpugo: doesn't show hand 
*** SUMMARY ***
Total pot $0.09 | Rake $0 
Seat 1: Unlacky00 (small blind) folded before Flop
Seat 2: Lorpugo (big blind) collected ($0.09)
Seat 3: VladimirM626 folded before Flop (didn't bet)
Seat 4: Nikalians folded before Flop (didn't bet)
Seat 5: yonaikeralf folded before Flop (didn't bet)
Seat 6: kjordan25 (button) folded before Flop



PokerStars Hand #239405956184:  Hold'em No Limit ($0.01/$0.02 USD) - 2022/10/23 13:03:14 ET
Table 'Khryses III' 6-max Seat #1 is the button
Seat 1: Unlacky00 ($2.78 in chips) 
Seat 2: Lorpugo ($1.83 in chips) 
Seat 3: VladimirM626 ($1.07 in chips) 
Seat 4: Nikalians ($1.27 in chips) 
Seat 5: yonaikeralf ($2.31 in chips) 
Seat 6: kjordan25 ($1.35 in chips) 
Lorpugo: posts small blind $0.01
VladimirM626: posts big blind $0.02
*** HOLE CARDS ***
Dealt to Lorpugo [3d 2h]
Nikalians: folds 
yonaikeralf: folds 
kjordan25: folds 
Unlacky00: folds 
Lorpugo: folds 
Uncalled bet ($0.01) returned to VladimirM626
VladimirM626 collected $0.02 from pot
*** SUMMARY ***
Total pot $0.02 | Rake $0 
Seat 1: Unlacky00 (button) folded before Flop (didn't bet)
Seat 2: Lorpugo (small blind) folded before Flop
Seat 3: VladimirM626 (big blind) collected ($0.02)
Seat 4: Nikalians folded before Flop (didn't bet)
Seat 5: yonaikeralf folded before Flop (didn't bet)
Seat 6: kjordan25 folded before Flop (didn't bet)



PokerStars Hand #239405961719:  Hold'em No Limit ($0.01/$0.02 USD) - 2022/10/23 13:03:28 ET
Table 'Khryses III' 6-max Seat #2 is the button
Seat 1: Unlacky00 ($2.78 in chips) 
Seat 2: Lorpugo ($1.82 in chips) 
Seat 3: VladimirM626 ($1.08 in chips) 
Seat 4: Nikalians ($1.27 in chips) 
Seat 5: yonaikeralf ($2.31 in chips) 
Seat 6: kjordan25 ($1.35 in chips) 
VladimirM626: posts small blind $0.01
Nikalians: posts big blind $0.02
*** HOLE CARDS ***
Dealt to Lorpugo [Ad 4c]
yonaikeralf: folds 
yonaikeralf leaves the table
kjordan25: calls $0.02
Unlacky00: folds 
Lorpugo: raises $0.07 to $0.09
VladimirM626: folds 
Nikalians: raises $0.21 to $0.30
kjordan25: folds 
Lorpugo: folds 
Uncalled bet ($0.21) returned to Nikalians
Nikalians collected $0.21 from pot
Nikalians: doesn't show hand 
*** SUMMARY ***
Total pot $0.21 | Rake $0 
Seat 1: Unlacky00 folded before Flop (didn't bet)
Seat 2: Lorpugo (button) folded before Flop
Seat 3: VladimirM626 (small blind) folded before Flop
Seat 4: Nikalians (big blind) collected ($0.21)
Seat 5: yonaikeralf folded before Flop (didn't bet)
Seat 6: kjordan25 folded before Flop



PokerStars Hand #239405970415:  Hold'em No Limit ($0.01/$0.02 USD) - 2022/10/23 13:03:50 ET
Table 'Khryses III' 6-max Seat #3 is the button
Seat 1: Unlacky00 ($2.78 in chips) 
Seat 2: Lorpugo ($1.73 in chips) 
Seat 3: VladimirM626 ($1.07 in chips) 
Seat 4: Nikalians ($1.39 in chips) 
Seat 6: kjordan25 ($1.33 in chips) 
Nikalians: posts small blind $0.01
kjordan25: posts big blind $0.02
*** HOLE CARDS ***
Dealt to Lorpugo [5h 2s]
Unlacky00: calls $0.02
Lorpugo: folds 
VladimirM626: folds 
Nikalians: raises $0.03 to $0.05
kjordan25: calls $0.03
Unlacky00: calls $0.03
*** FLOP *** [Td Qs 5d]
Nikalians: bets $0.05
kjordan25: folds 
Unlacky00: calls $0.05
*** TURN *** [Td Qs 5d] [4d]
Nikalians: checks 
Unlacky00: checks 
*** RIVER *** [Td Qs 5d 4d] [7h]
Nikalians: checks 
Unlacky00: checks 
*** SHOW DOWN ***
Nikalians: shows [5s 9s] (a pair of Fives)
Unlacky00: mucks hand 
Nikalians collected $0.24 from pot
*** SUMMARY ***
Total pot $0.25 | Rake $0.01 
Board [Td Qs 5d 4d 7h]
Seat 1: Unlacky00 mucked [Ah 9c]
Seat 2: Lorpugo folded before Flop (didn't bet)
Seat 3: VladimirM626 (button) folded before Flop (didn't bet)
Seat 4: Nikalians (small blind) showed [5s 9s] and won ($0.24) with a pair of Fives
Seat 6: kjordan25 (big blind) folded on the Flop



PokerStars Hand #239405985875:  Hold'em No Limit ($0.01/$0.02 USD) - 2022/10/23 13:04:28 ET
Table 'Khryses III' 6-max Seat #4 is the button
Seat 1: Unlacky00 ($2.68 in chips) 
Seat 2: Lorpugo ($1.73 in chips) 
Seat 3: VladimirM626 ($1.07 in chips) 
Seat 4: Nikalians ($1.53 in chips) 
Seat 6: kjordan25 ($1.28 in chips) 
kjordan25: posts small blind $0.01
Unlacky00: posts big blind $0.02
*** HOLE CARDS ***
Dealt to Lorpugo [5c Qd]
Lorpugo: folds 
Victorkaufmann joins the table at seat #5 
VladimirM626: calls $0.02
Nikalians: folds 
kjordan25: calls $0.01
Unlacky00: checks 
*** FLOP *** [5h 4d 8h]
kjordan25: checks 
Unlacky00: checks 
VladimirM626: checks 
*** TURN *** [5h 4d 8h] [6c]
kjordan25: checks 
Unlacky00: bets $0.06
VladimirM626: folds 
kjordan25: folds 
Uncalled bet ($0.06) returned to Unlacky00
Unlacky00 collected $0.06 from pot
*** SUMMARY ***
Total pot $0.06 | Rake $0 
Board [5h 4d 8h 6c]
Seat 1: Unlacky00 (big blind) collected ($0.06)
Seat 2: Lorpugo folded before Flop (didn't bet)
Seat 3: VladimirM626 folded on the Turn
Seat 4: Nikalians (button) folded before Flop (didn't bet)
Seat 6: kjordan25 (small blind) folded on the Turn



PokerStars Hand #239406005956:  Hold'em No Limit ($0.01/$0.02 USD) - 2022/10/23 13:05:18 ET
Table 'Khryses III' 6-max Seat #6 is the button
Seat 1: Unlacky00 ($2.72 in chips) 
Seat 2: Lorpugo ($1.73 in chips) 
Seat 3: VladimirM626 ($1.05 in chips) 
Seat 4: Nikalians ($1.53 in chips) 
Seat 5: Victorkaufmann ($0.82 in chips) 
Seat 6: kjordan25 ($1.26 in chips) 
Unlacky00: posts small blind $0.01
Lorpugo: posts big blind $0.02
Victorkaufmann: posts big blind $0.02
*** HOLE CARDS ***
Dealt to Lorpugo [Td 6s]
VladimirM626: folds 
Nikalians: folds 
Victorkaufmann: checks 
kjordan25: raises $0.02 to $0.04
Unlacky00: folds 
Lorpugo: folds 
Victorkaufmann: calls $0.02
*** FLOP *** [3h 9h Tc]
Victorkaufmann: bets $0.08
kjordan25: raises $0.08 to $0.16
Victorkaufmann: folds 
Uncalled bet ($0.08) returned to kjordan25
kjordan25 collected $0.26 from pot
*** SUMMARY ***
Total pot $0.27 | Rake $0.01 
Board [3h 9h Tc]
Seat 1: Unlacky00 (small blind) folded before Flop
Seat 2: Lorpugo (big blind) folded before Flop
Seat 3: VladimirM626 folded before Flop (didn't bet)
Seat 4: Nikalians folded before Flop (didn't bet)
Seat 5: Victorkaufmann folded on the Flop
Seat 6: kjordan25 (button) collected ($0.26)



PokerStars Hand #239406020999:  Hold'em No Limit ($0.01/$0.02 USD) - 2022/10/23 13:05:55 ET
Table 'Khryses III' 6-max Seat #1 is the button
Seat 1: Unlacky00 ($2.71 in chips) 
Seat 2: Lorpugo ($1.71 in chips) 
Seat 3: VladimirM626 ($1.05 in chips) 
Seat 4: Nikalians ($1.53 in chips) 
Seat 5: Victorkaufmann ($0.70 in chips) 
Seat 6: kjordan25 ($1.40 in chips) 
Lorpugo: posts small blind $0.01
VladimirM626: posts big blind $0.02
*** HOLE CARDS ***
Dealt to Lorpugo [4s Jh]
Nikalians: raises $0.03 to $0.05
Victorkaufmann: calls $0.05
kjordan25: folds 
Unlacky00: folds 
Lorpugo: folds 
VladimirM626: folds 
*** FLOP *** [3c Th 7c]
Nikalians: bets $0.07
Victorkaufmann: folds 
Uncalled bet ($0.07) returned to Nikalians
Nikalians collected $0.13 from pot
Nikalians: doesn't show hand 
*** SUMMARY ***
Total pot $0.13 | Rake $0 
Board [3c Th 7c]
Seat 1: Unlacky00 (button) folded before Flop (didn't bet)
Seat 2: Lorpugo (small blind) folded before Flop
Seat 3: VladimirM626 (big blind) folded before Flop
Seat 4: Nikalians collected ($0.13)
Seat 5: Victorkaufmann folded on the Flop
Seat 6: kjordan25 folded before Flop (didn't bet)



PokerStars Hand #239406030056:  Hold'em No Limit ($0.01/$0.02 USD) - 2022/10/23 13:06:18 ET
Table 'Khryses III' 6-max Seat #2 is the button
Seat 1: Unlacky00 ($2.71 in chips) 
Seat 2: Lorpugo ($1.70 in chips) 
Seat 3: VladimirM626 ($1.03 in chips) 
Seat 4: Nikalians ($1.61 in chips) 
Seat 5: Victorkaufmann ($0.65 in chips) 
Seat 6: kjordan25 ($1.40 in chips) 
VladimirM626: posts small blind $0.01
Nikalians: posts big blind $0.02
*** HOLE CARDS ***
Dealt to Lorpugo [8d 2c]
Victorkaufmann: calls $0.02
kjordan25: calls $0.02
Unlacky00: folds 
Lorpugo: folds 
VladimirM626: folds 
Nikalians: checks 
*** FLOP *** [3c 3h Qs]
Nikalians: checks 
Victorkaufmann: bets $0.02
kjordan25: raises $0.02 to $0.04
Nikalians: folds 
Victorkaufmann: calls $0.02
*** TURN *** [3c 3h Qs] [Th]
Victorkaufmann: bets $0.02
kjordan25: calls $0.02
*** RIVER *** [3c 3h Qs Th] [6s]
Victorkaufmann: bets $0.08
kjordan25: folds 
Uncalled bet ($0.08) returned to Victorkaufmann
Victorkaufmann collected $0.18 from pot
*** SUMMARY ***
Total pot $0.19 | Rake $0.01 
Board [3c 3h Qs Th 6s]
Seat 1: Unlacky00 folded before Flop (didn't bet)
Seat 2: Lorpugo (button) folded before Flop (didn't bet)
Seat 3: VladimirM626 (small blind) folded before Flop
Seat 4: Nikalians (big blind) folded on the Flop
Seat 5: Victorkaufmann collected ($0.18)
Seat 6: kjordan25 folded on the River



PokerStars Hand #239406044795:  Hold'em No Limit ($0.01/$0.02 USD) - 2022/10/23 13:06:54 ET
Table 'Khryses III' 6-max Seat #3 is the button
Seat 1: Unlacky00 ($2.71 in chips) 
Seat 2: Lorpugo ($1.70 in chips) 
Seat 3: VladimirM626 ($1.02 in chips) 
Seat 4: Nikalians ($1.59 in chips) 
Seat 5: Victorkaufmann ($0.75 in chips) 
Seat 6: kjordan25 ($1.32 in chips) 
Nikalians: posts small blind $0.01
Victorkaufmann: posts big blind $0.02
*** HOLE CARDS ***
Dealt to Lorpugo [7d 4h]
kjordan25: raises $0.02 to $0.04
Unlacky00: calls $0.04
Lorpugo: folds 
VladimirM626: folds 
Nikalians: raises $0.14 to $0.18
Victorkaufmann: folds 
kjordan25: calls $0.14
Unlacky00: calls $0.14
*** FLOP *** [Ah 3h 8h]
Nikalians: bets $0.18
kjordan25: folds 
Unlacky00: folds 
Uncalled bet ($0.18) returned to Nikalians
Nikalians collected $0.54 from pot
Nikalians: doesn't show hand 
*** SUMMARY ***
Total pot $0.56 | Rake $0.02 
Board [Ah 3h 8h]
Seat 1: Unlacky00 folded on the Flop
Seat 2: Lorpugo folded before Flop (didn't bet)
Seat 3: VladimirM626 (button) folded before Flop (didn't bet)
Seat 4: Nikalians (small blind) collected ($0.54)
Seat 5: Victorkaufmann (big blind) folded before Flop
Seat 6: kjordan25 folded on the Flop



PokerStars Hand #239406066533:  Hold'em No Limit ($0.01/$0.02 USD) - 2022/10/23 13:07:47 ET
Table 'Khryses III' 6-max Seat #4 is the button
Seat 1: Unlacky00 ($2.53 in chips) 
Seat 2: Lorpugo ($1.70 in chips) 
Seat 3: VladimirM626 ($1.02 in chips) 
Seat 4: Nikalians ($1.95 in chips) 
Seat 5: Victorkaufmann ($0.73 in chips) 
Seat 6: kjordan25 ($1.14 in chips) 
Victorkaufmann: posts small blind $0.01
kjordan25: posts big blind $0.02
*** HOLE CARDS ***
Dealt to Lorpugo [Jc 9s]
Unlacky00: folds 
Lorpugo: folds 
VladimirM626: raises $0.02 to $0.04
Nikalians: calls $0.04
Victorkaufmann: folds 
kjordan25: raises $0.02 to $0.06
VladimirM626: calls $0.02
Nikalians: calls $0.02
*** FLOP *** [6d Ks Td]
kjordan25: bets $0.02
VladimirM626: folds 
Nikalians: calls $0.02
*** TURN *** [6d Ks Td] [Ts]
kjordan25: bets $0.02
Nikalians: calls $0.02
*** RIVER *** [6d Ks Td Ts] [Qd]
kjordan25: checks 
Nikalians: checks 
*** SHOW DOWN ***
kjordan25: shows [Ac 3c] (a pair of Tens)
Nikalians: shows [7h 6h] (two pair, Tens and Sixes)
Nikalians collected $0.26 from pot
*** SUMMARY ***
Total pot $0.27 | Rake $0.01 
Board [6d Ks Td Ts Qd]
Seat 1: Unlacky00 folded before Flop (didn't bet)
Seat 2: Lorpugo folded before Flop (didn't bet)
Seat 3: VladimirM626 folded on the Flop
Seat 4: Nikalians (button) showed [7h 6h] and won ($0.26) with two pair, Tens and Sixes
Seat 5: Victorkaufmann (small blind) folded before Flop
Seat 6: kjordan25 (big blind) showed [Ac 3c] and lost with a pair of Tens



PokerStars Hand #239406084423:  Hold'em No Limit ($0.01/$0.02 USD) - 2022/10/23 13:08:32 ET
Table 'Khryses III' 6-max Seat #5 is the button
Seat 1: Unlacky00 ($2.53 in chips) 
Seat 2: Lorpugo ($1.70 in chips) 
Seat 3: VladimirM626 ($0.96 in chips) 
Seat 4: Nikalians ($2.11 in chips) 
Seat 5: Victorkaufmann ($0.72 in chips) 
Seat 6: kjordan25 ($1.04 in chips) 
kjordan25: posts small blind $0.01
Unlacky00: posts big blind $0.02
*** HOLE CARDS ***
Dealt to Lorpugo [Js Kd]
Lorpugo: raises $0.04 to $0.06
VladimirM626: folds 
Nikalians: calls $0.06
Victorkaufmann: folds 
kjordan25: calls $0.05
Unlacky00: folds 
*** FLOP *** [Qs 6c 7h]
kjordan25: bets $0.02
Lorpugo: raises $0.08 to $0.10
Nikalians: folds 
kjordan25: calls $0.08
*** TURN *** [Qs 6c 7h] [Ts]
kjordan25: checks 
Lorpugo: bets $0.38
kjordan25: folds 
Uncalled bet ($0.38) returned to Lorpugo
Lorpugo collected $0.39 from pot
Lorpugo: doesn't show hand 
*** SUMMARY ***
Total pot $0.40 | Rake $0.01 
Board [Qs 6c 7h Ts]
Seat 1: Unlacky00 (big blind) folded before Flop
Seat 2: Lorpugo collected ($0.39)
Seat 3: VladimirM626 folded before Flop (didn't bet)
Seat 4: Nikalians folded on the Flop
Seat 5: Victorkaufmann (button) folded before Flop (didn't bet)
Seat 6: kjordan25 (small blind) folded on the Turn



