PokerStars Hand #239467516741:  Hold'em No Limit ($0.01/$0.02 USD) - 2022/10/26 14:08:35 ET
Table 'Yrsa III' 6-max Seat #6 is the button
Seat 1: eliška102 ($0.85 in chips) 
Seat 2: Lorpugo ($1.60 in chips) 
Seat 3: aistmarabuu ($1.68 in chips) 
Seat 4: Ubersetzer ($0.48 in chips) 
Seat 5: Reinvest83 ($3.65 in chips) 
Seat 6: MarceloCris ($1.82 in chips) 
eliška102: posts small blind $0.01
Lorpugo: posts big blind $0.02
*** HOLE CARDS ***
Dealt to Lorpugo [6s Qc]
aistmarabuu: folds 
Ubersetzer: raises $0.04 to $0.06
Reinvest83: calls $0.06
MarceloCris: folds 
eliška102: folds 
Lorpugo: folds 
*** FLOP *** [9s 2c 7d]
Ubersetzer: bets $0.20
Reinvest83: folds 
Uncalled bet ($0.20) returned to Ubersetzer
Ubersetzer collected $0.14 from pot
Ubersetzer: doesn't show hand 
*** SUMMARY ***
Total pot $0.15 | Rake $0.01 
Board [9s 2c 7d]
Seat 1: eliška102 (small blind) folded before Flop
Seat 2: Lorpugo (big blind) folded before Flop
Seat 3: aistmarabuu folded before Flop (didn't bet)
Seat 4: Ubersetzer collected ($0.14)
Seat 5: Reinvest83 folded on the Flop
Seat 6: MarceloCris (button) folded before Flop (didn't bet)



PokerStars Hand #239467527396:  Hold'em No Limit ($0.01/$0.02 USD) - 2022/10/26 14:09:05 ET
Table 'Yrsa III' 6-max Seat #1 is the button
Seat 1: eliška102 ($0.84 in chips) 
Seat 2: Lorpugo ($1.60 in chips) 
Seat 3: aistmarabuu ($1.68 in chips) 
Seat 4: Ubersetzer ($0.56 in chips) 
Seat 5: Reinvest83 ($3.59 in chips) 
Seat 6: MarceloCris ($1.82 in chips) 
Lorpugo: posts small blind $0.01
aistmarabuu: posts big blind $0.02
*** HOLE CARDS ***
Dealt to Lorpugo [6c 7s]
Ubersetzer: folds 
Reinvest83: raises $0.04 to $0.06
MarceloCris: folds 
eliška102: calls $0.06
Lorpugo: folds 
aistmarabuu: calls $0.04
*** FLOP *** [9c Kh Ah]
aistmarabuu: checks 
Reinvest83: bets $0.09
eliška102: folds 
aistmarabuu: folds 
Uncalled bet ($0.09) returned to Reinvest83
Reinvest83 collected $0.18 from pot
Reinvest83: doesn't show hand 
*** SUMMARY ***
Total pot $0.19 | Rake $0.01 
Board [9c Kh Ah]
Seat 1: eliška102 (button) folded on the Flop
Seat 2: Lorpugo (small blind) folded before Flop
Seat 3: aistmarabuu (big blind) folded on the Flop
Seat 4: Ubersetzer folded before Flop (didn't bet)
Seat 5: Reinvest83 collected ($0.18)
Seat 6: MarceloCris folded before Flop (didn't bet)



PokerStars Hand #239467536576:  Hold'em No Limit ($0.01/$0.02 USD) - 2022/10/26 14:09:31 ET
Table 'Yrsa III' 6-max Seat #2 is the button
Seat 1: eliška102 ($0.78 in chips) 
Seat 2: Lorpugo ($1.60 in chips) 
Seat 3: aistmarabuu ($1.62 in chips) 
Seat 4: Ubersetzer ($0.56 in chips) 
Seat 5: Reinvest83 ($3.71 in chips) 
Seat 6: MarceloCris ($1.82 in chips) 
aistmarabuu: posts small blind $0.01
Ubersetzer: posts big blind $0.02
*** HOLE CARDS ***
Dealt to Lorpugo [8h 3c]
Reinvest83: folds 
MarceloCris has timed out
MarceloCris: folds 
eliška102: calls $0.02
Lorpugo: folds 
aistmarabuu: calls $0.01
Ubersetzer: checks 
*** FLOP *** [Th Jd 2c]
aistmarabuu: checks 
Ubersetzer: checks 
eliška102: bets $0.02
aistmarabuu: calls $0.02
Ubersetzer: calls $0.02
*** TURN *** [Th Jd 2c] [6d]
aistmarabuu: checks 
Ubersetzer: bets $0.08
eliška102: calls $0.08
aistmarabuu: folds 
*** RIVER *** [Th Jd 2c 6d] [8c]
Ubersetzer: checks 
eliška102: checks 
*** SHOW DOWN ***
Ubersetzer: shows [7d Tc] (a pair of Tens)
eliška102: shows [Td Ah] (a pair of Tens - Ace kicker)
eliška102 collected $0.27 from pot
*** SUMMARY ***
Total pot $0.28 | Rake $0.01 
Board [Th Jd 2c 6d 8c]
Seat 1: eliška102 showed [Td Ah] and won ($0.27) with a pair of Tens
Seat 2: Lorpugo (button) folded before Flop (didn't bet)
Seat 3: aistmarabuu (small blind) folded on the Turn
Seat 4: Ubersetzer (big blind) showed [7d Tc] and lost with a pair of Tens
Seat 5: Reinvest83 folded before Flop (didn't bet)
Seat 6: MarceloCris folded before Flop (didn't bet)



PokerStars Hand #239467560520:  Hold'em No Limit ($0.01/$0.02 USD) - 2022/10/26 14:10:38 ET
Table 'Yrsa III' 6-max Seat #3 is the button
Seat 1: eliška102 ($0.93 in chips) 
Seat 2: Lorpugo ($1.60 in chips) 
Seat 3: aistmarabuu ($1.58 in chips) 
Seat 4: Ubersetzer ($0.44 in chips) 
Seat 5: Reinvest83 ($3.71 in chips) 
Seat 6: MarceloCris ($1.82 in chips) 
Ubersetzer: posts small blind $0.01
Reinvest83: posts big blind $0.02
*** HOLE CARDS ***
Dealt to Lorpugo [Qh Jd]
MarceloCris: folds 
eliška102: folds 
Lorpugo: raises $0.04 to $0.06
aistmarabuu: folds 
Ubersetzer: folds 
Reinvest83: folds 
Uncalled bet ($0.04) returned to Lorpugo
Lorpugo collected $0.05 from pot
Lorpugo: doesn't show hand 
*** SUMMARY ***
Total pot $0.05 | Rake $0 
Seat 1: eliška102 folded before Flop (didn't bet)
Seat 2: Lorpugo collected ($0.05)
Seat 3: aistmarabuu (button) folded before Flop (didn't bet)
Seat 4: Ubersetzer (small blind) folded before Flop
Seat 5: Reinvest83 (big blind) folded before Flop
Seat 6: MarceloCris folded before Flop (didn't bet)



PokerStars Hand #239467564999:  Hold'em No Limit ($0.01/$0.02 USD) - 2022/10/26 14:10:51 ET
Table 'Yrsa III' 6-max Seat #4 is the button
Seat 1: eliška102 ($0.93 in chips) 
Seat 2: Lorpugo ($1.63 in chips) 
Seat 3: aistmarabuu ($1.58 in chips) 
Seat 4: Ubersetzer ($0.43 in chips) 
Seat 5: Reinvest83 ($3.69 in chips) 
Seat 6: MarceloCris ($1.82 in chips) 
Reinvest83: posts small blind $0.01
MarceloCris: posts big blind $0.02
*** HOLE CARDS ***
Dealt to Lorpugo [Qd Ah]
eliška102: folds 
Lorpugo: raises $0.04 to $0.06
aistmarabuu: folds 
Ubersetzer: folds 
Reinvest83: folds 
MarceloCris: calls $0.04
*** FLOP *** [2d 5h 2s]
MarceloCris: checks 
Lorpugo: bets $0.09
MarceloCris: folds 
Uncalled bet ($0.09) returned to Lorpugo
Lorpugo collected $0.13 from pot
Lorpugo: doesn't show hand 
*** SUMMARY ***
Total pot $0.13 | Rake $0 
Board [2d 5h 2s]
Seat 1: eliška102 folded before Flop (didn't bet)
Seat 2: Lorpugo collected ($0.13)
Seat 3: aistmarabuu folded before Flop (didn't bet)
Seat 4: Ubersetzer (button) folded before Flop (didn't bet)
Seat 5: Reinvest83 (small blind) folded before Flop
Seat 6: MarceloCris (big blind) folded on the Flop



PokerStars Hand #239467574721:  Hold'em No Limit ($0.01/$0.02 USD) - 2022/10/26 14:11:18 ET
Table 'Yrsa III' 6-max Seat #5 is the button
Seat 1: eliška102 ($0.93 in chips) 
Seat 2: Lorpugo ($1.70 in chips) 
Seat 3: aistmarabuu ($1.58 in chips) 
Seat 4: Ubersetzer ($0.43 in chips) 
Seat 5: Reinvest83 ($3.68 in chips) 
Seat 6: MarceloCris ($1.76 in chips) 
MarceloCris: posts small blind $0.01
eliška102: posts big blind $0.02
*** HOLE CARDS ***
Dealt to Lorpugo [7s 5s]
Lorpugo: raises $0.02 to $0.04
aistmarabuu: folds 
Ubersetzer: folds 
Reinvest83: folds 
MarceloCris: folds 
eliška102: folds 
Uncalled bet ($0.02) returned to Lorpugo
Lorpugo collected $0.05 from pot
Lorpugo: doesn't show hand 
*** SUMMARY ***
Total pot $0.05 | Rake $0 
Seat 1: eliška102 (big blind) folded before Flop
Seat 2: Lorpugo collected ($0.05)
Seat 3: aistmarabuu folded before Flop (didn't bet)
Seat 4: Ubersetzer folded before Flop (didn't bet)
Seat 5: Reinvest83 (button) folded before Flop (didn't bet)
Seat 6: MarceloCris (small blind) folded before Flop



PokerStars Hand #239467580580:  Hold'em No Limit ($0.01/$0.02 USD) - 2022/10/26 14:11:34 ET
Table 'Yrsa III' 6-max Seat #6 is the button
Seat 1: eliška102 ($0.91 in chips) 
Seat 2: Lorpugo ($1.73 in chips) 
Seat 3: aistmarabuu ($1.58 in chips) 
Seat 4: Ubersetzer ($0.43 in chips) 
Seat 5: Reinvest83 ($3.68 in chips) 
Seat 6: MarceloCris ($1.75 in chips) 
eliška102: posts small blind $0.01
Lorpugo: posts big blind $0.02
*** HOLE CARDS ***
Dealt to Lorpugo [Ts 2c]
aistmarabuu: folds 
Ubersetzer: folds 
Reinvest83: folds 
MarceloCris: folds 
eliška102: raises $0.02 to $0.04
Lorpugo: folds 
Uncalled bet ($0.02) returned to eliška102
eliška102 collected $0.04 from pot
*** SUMMARY ***
Total pot $0.04 | Rake $0 
Seat 1: eliška102 (small blind) collected ($0.04)
Seat 2: Lorpugo (big blind) folded before Flop
Seat 3: aistmarabuu folded before Flop (didn't bet)
Seat 4: Ubersetzer folded before Flop (didn't bet)
Seat 5: Reinvest83 folded before Flop (didn't bet)
Seat 6: MarceloCris (button) folded before Flop (didn't bet)



PokerStars Hand #239467586600:  Hold'em No Limit ($0.01/$0.02 USD) - 2022/10/26 14:11:51 ET
Table 'Yrsa III' 6-max Seat #1 is the button
Seat 1: eliška102 ($0.93 in chips) 
Seat 2: Lorpugo ($1.71 in chips) 
Seat 3: aistmarabuu ($1.58 in chips) 
Seat 4: Ubersetzer ($0.43 in chips) 
Seat 5: Reinvest83 ($3.68 in chips) 
Seat 6: MarceloCris ($1.75 in chips) 
Lorpugo: posts small blind $0.01
aistmarabuu: posts big blind $0.02
*** HOLE CARDS ***
Dealt to Lorpugo [7s 7h]
Ubersetzer: folds 
Reinvest83: folds 
MarceloCris: folds 
eliška102: calls $0.02
Lorpugo: raises $0.08 to $0.10
aistmarabuu: folds 
eliška102: calls $0.08
*** FLOP *** [Js 7d 8c]
Lorpugo: bets $0.07
eliška102: folds 
Uncalled bet ($0.07) returned to Lorpugo
Lorpugo collected $0.21 from pot
Lorpugo: doesn't show hand 
*** SUMMARY ***
Total pot $0.22 | Rake $0.01 
Board [Js 7d 8c]
Seat 1: eliška102 (button) folded on the Flop
Seat 2: Lorpugo (small blind) collected ($0.21)
Seat 3: aistmarabuu (big blind) folded before Flop
Seat 4: Ubersetzer folded before Flop (didn't bet)
Seat 5: Reinvest83 folded before Flop (didn't bet)
Seat 6: MarceloCris folded before Flop (didn't bet)



PokerStars Hand #239467598073:  Hold'em No Limit ($0.01/$0.02 USD) - 2022/10/26 14:12:23 ET
Table 'Yrsa III' 6-max Seat #2 is the button
Seat 1: eliška102 ($0.83 in chips) 
Seat 2: Lorpugo ($1.82 in chips) 
Seat 3: aistmarabuu ($1.56 in chips) 
Seat 4: Ubersetzer ($0.43 in chips) 
Seat 5: Reinvest83 ($3.68 in chips) 
Seat 6: MarceloCris ($1.75 in chips) 
aistmarabuu: posts small blind $0.01
Ubersetzer: posts big blind $0.02
*** HOLE CARDS ***
Dealt to Lorpugo [Kh 4s]
Reinvest83: folds 
MarceloCris: raises $0.03 to $0.05
eliška102: folds 
Lorpugo: folds 
aistmarabuu: folds 
Ubersetzer: folds 
Uncalled bet ($0.03) returned to MarceloCris
MarceloCris collected $0.05 from pot
MarceloCris: doesn't show hand 
*** SUMMARY ***
Total pot $0.05 | Rake $0 
Seat 1: eliška102 folded before Flop (didn't bet)
Seat 2: Lorpugo (button) folded before Flop (didn't bet)
Seat 3: aistmarabuu (small blind) folded before Flop
Seat 4: Ubersetzer (big blind) folded before Flop
Seat 5: Reinvest83 folded before Flop (didn't bet)
Seat 6: MarceloCris collected ($0.05)



PokerStars Hand #239467604178:  Hold'em No Limit ($0.01/$0.02 USD) - 2022/10/26 14:12:40 ET
Table 'Yrsa III' 6-max Seat #3 is the button
Seat 1: eliška102 ($0.83 in chips) 
Seat 2: Lorpugo ($1.82 in chips) 
Seat 3: aistmarabuu ($1.55 in chips) 
Seat 4: Ubersetzer ($0.41 in chips) 
Seat 5: Reinvest83 ($3.68 in chips) 
Seat 6: MarceloCris ($1.78 in chips) 
Ubersetzer: posts small blind $0.01
Reinvest83: posts big blind $0.02
*** HOLE CARDS ***
Dealt to Lorpugo [5d Ah]
MarceloCris: folds 
eliška102: folds 
Lorpugo: raises $0.04 to $0.06
aistmarabuu: folds 
Ubersetzer: folds 
Reinvest83: folds 
Uncalled bet ($0.04) returned to Lorpugo
Lorpugo collected $0.05 from pot
Lorpugo: doesn't show hand 
*** SUMMARY ***
Total pot $0.05 | Rake $0 
Seat 1: eliška102 folded before Flop (didn't bet)
Seat 2: Lorpugo collected ($0.05)
Seat 3: aistmarabuu (button) folded before Flop (didn't bet)
Seat 4: Ubersetzer (small blind) folded before Flop
Seat 5: Reinvest83 (big blind) folded before Flop
Seat 6: MarceloCris folded before Flop (didn't bet)



PokerStars Hand #239467610735:  Hold'em No Limit ($0.01/$0.02 USD) - 2022/10/26 14:12:58 ET
Table 'Yrsa III' 6-max Seat #4 is the button
Seat 1: eliška102 ($0.83 in chips) 
Seat 2: Lorpugo ($1.85 in chips) 
Seat 3: aistmarabuu ($1.55 in chips) 
Seat 4: Ubersetzer ($0.40 in chips) 
Seat 5: Reinvest83 ($3.66 in chips) 
Seat 6: MarceloCris ($1.78 in chips) 
Reinvest83: posts small blind $0.01
MarceloCris: posts big blind $0.02
*** HOLE CARDS ***
Dealt to Lorpugo [2s Kc]
eliška102: folds 
Lorpugo: folds 
aistmarabuu: raises $0.03 to $0.05
Ubersetzer: folds 
Reinvest83: folds 
MarceloCris: folds 
Uncalled bet ($0.03) returned to aistmarabuu
aistmarabuu collected $0.05 from pot
aistmarabuu: doesn't show hand 
*** SUMMARY ***
Total pot $0.05 | Rake $0 
Seat 1: eliška102 folded before Flop (didn't bet)
Seat 2: Lorpugo folded before Flop (didn't bet)
Seat 3: aistmarabuu collected ($0.05)
Seat 4: Ubersetzer (button) folded before Flop (didn't bet)
Seat 5: Reinvest83 (small blind) folded before Flop
Seat 6: MarceloCris (big blind) folded before Flop



PokerStars Hand #239467619448:  Hold'em No Limit ($0.01/$0.02 USD) - 2022/10/26 14:13:22 ET
Table 'Yrsa III' 6-max Seat #5 is the button
Seat 1: eliška102 ($0.83 in chips) 
Seat 2: Lorpugo ($1.85 in chips) 
Seat 3: aistmarabuu ($1.58 in chips) 
Seat 4: Ubersetzer ($0.40 in chips) 
Seat 5: Reinvest83 ($3.65 in chips) 
Seat 6: MarceloCris ($1.76 in chips) 
MarceloCris: posts small blind $0.01
eliška102: posts big blind $0.02
*** HOLE CARDS ***
Dealt to Lorpugo [Ah Ts]
Lorpugo: raises $0.02 to $0.04
aistmarabuu: folds 
Ubersetzer: folds 
Reinvest83: folds 
MarceloCris: folds 
eliška102: folds 
Uncalled bet ($0.02) returned to Lorpugo
Lorpugo collected $0.05 from pot
Lorpugo: doesn't show hand 
*** SUMMARY ***
Total pot $0.05 | Rake $0 
Seat 1: eliška102 (big blind) folded before Flop
Seat 2: Lorpugo collected ($0.05)
Seat 3: aistmarabuu folded before Flop (didn't bet)
Seat 4: Ubersetzer folded before Flop (didn't bet)
Seat 5: Reinvest83 (button) folded before Flop (didn't bet)
Seat 6: MarceloCris (small blind) folded before Flop



PokerStars Hand #239467624515:  Hold'em No Limit ($0.01/$0.02 USD) - 2022/10/26 14:13:36 ET
Table 'Yrsa III' 6-max Seat #6 is the button
Seat 1: eliška102 ($0.81 in chips) 
Seat 2: Lorpugo ($1.88 in chips) 
Seat 3: aistmarabuu ($1.58 in chips) 
Seat 4: Ubersetzer ($0.40 in chips) 
Seat 5: Reinvest83 ($3.65 in chips) 
Seat 6: MarceloCris ($1.75 in chips) 
eliška102: posts small blind $0.01
Lorpugo: posts big blind $0.02
*** HOLE CARDS ***
Dealt to Lorpugo [Kd 2s]
aistmarabuu: raises $0.02 to $0.04
Ubersetzer: folds 
Reinvest83: folds 
MarceloCris: folds 
eliška102: folds 
Lorpugo: folds 
Uncalled bet ($0.02) returned to aistmarabuu
aistmarabuu collected $0.05 from pot
aistmarabuu: doesn't show hand 
*** SUMMARY ***
Total pot $0.05 | Rake $0 
Seat 1: eliška102 (small blind) folded before Flop
Seat 2: Lorpugo (big blind) folded before Flop
Seat 3: aistmarabuu collected ($0.05)
Seat 4: Ubersetzer folded before Flop (didn't bet)
Seat 5: Reinvest83 folded before Flop (didn't bet)
Seat 6: MarceloCris (button) folded before Flop (didn't bet)



PokerStars Hand #239467629643:  Hold'em No Limit ($0.01/$0.02 USD) - 2022/10/26 14:13:50 ET
Table 'Yrsa III' 6-max Seat #1 is the button
Seat 1: eliška102 ($0.80 in chips) 
Seat 2: Lorpugo ($1.86 in chips) 
Seat 3: aistmarabuu ($1.61 in chips) 
Seat 4: Ubersetzer ($0.40 in chips) 
Seat 5: Reinvest83 ($3.65 in chips) 
Seat 6: MarceloCris ($1.75 in chips) 
Lorpugo: posts small blind $0.01
aistmarabuu: posts big blind $0.02
*** HOLE CARDS ***
Dealt to Lorpugo [Ts Js]
Ubersetzer: raises $0.04 to $0.06
Reinvest83: folds 
MarceloCris: calls $0.06
eliška102: calls $0.06
Lorpugo: calls $0.05
aistmarabuu: folds 
*** FLOP *** [Qc 8d Jc]
Lorpugo: checks 
Ubersetzer: bets $0.34 and is all-in
MarceloCris: folds 
eliška102: calls $0.34
Lorpugo: folds 
*** TURN *** [Qc 8d Jc] [Ac]
*** RIVER *** [Qc 8d Jc Ac] [Tc]
*** SHOW DOWN ***
Ubersetzer: shows [Kd Ks] (a straight, Ten to Ace)
eliška102: shows [9h 9c] (a flush, Ace high)
eliška102 collected $0.91 from pot
*** SUMMARY ***
Total pot $0.94 | Rake $0.03 
Board [Qc 8d Jc Ac Tc]
Seat 1: eliška102 (button) showed [9h 9c] and won ($0.91) with a flush, Ace high
Seat 2: Lorpugo (small blind) folded on the Flop
Seat 3: aistmarabuu (big blind) folded before Flop
Seat 4: Ubersetzer showed [Kd Ks] and lost with a straight, Ten to Ace
Seat 5: Reinvest83 folded before Flop (didn't bet)
Seat 6: MarceloCris folded on the Flop



PokerStars Hand #239467648810:  Hold'em No Limit ($0.01/$0.02 USD) - 2022/10/26 14:14:42 ET
Table 'Yrsa III' 6-max Seat #2 is the button
Seat 1: eliška102 ($1.31 in chips) 
Seat 2: Lorpugo ($1.80 in chips) 
Seat 3: aistmarabuu ($1.59 in chips) 
Seat 5: Reinvest83 ($3.65 in chips) 
Seat 6: MarceloCris ($1.69 in chips) 
aistmarabuu: posts small blind $0.01
Reinvest83: posts big blind $0.02
*** HOLE CARDS ***
Dealt to Lorpugo [7h 5h]
MarceloCris: raises $0.03 to $0.05
eliška102: folds 
Lorpugo: calls $0.05
aistmarabuu: folds 
Reinvest83: calls $0.03
*** FLOP *** [Jd 9h Td]
Reinvest83: checks 
MarceloCris: bets $0.08
Lorpugo: folds 
Reinvest83: folds 
Uncalled bet ($0.08) returned to MarceloCris
MarceloCris collected $0.15 from pot
MarceloCris: doesn't show hand 
*** SUMMARY ***
Total pot $0.16 | Rake $0.01 
Board [Jd 9h Td]
Seat 1: eliška102 folded before Flop (didn't bet)
Seat 2: Lorpugo (button) folded on the Flop
Seat 3: aistmarabuu (small blind) folded before Flop
Seat 5: Reinvest83 (big blind) folded on the Flop
Seat 6: MarceloCris collected ($0.15)



PokerStars Hand #239467659167:  Hold'em No Limit ($0.01/$0.02 USD) - 2022/10/26 14:15:09 ET
Table 'Yrsa III' 6-max Seat #3 is the button
Seat 1: eliška102 ($1.31 in chips) 
Seat 2: Lorpugo ($1.75 in chips) 
Seat 3: aistmarabuu ($1.58 in chips) 
Seat 5: Reinvest83 ($3.60 in chips) 
Seat 6: MarceloCris ($1.79 in chips) 
Reinvest83: posts small blind $0.01
MarceloCris: posts big blind $0.02
*** HOLE CARDS ***
Dealt to Lorpugo [6d Kd]
eliška102: folds 
Lorpugo: folds 
aistmarabuu: folds 
Reinvest83: folds 
Uncalled bet ($0.01) returned to MarceloCris
MarceloCris collected $0.02 from pot
MarceloCris: doesn't show hand 
*** SUMMARY ***
Total pot $0.02 | Rake $0 
Seat 1: eliška102 folded before Flop (didn't bet)
Seat 2: Lorpugo folded before Flop (didn't bet)
Seat 3: aistmarabuu (button) folded before Flop (didn't bet)
Seat 5: Reinvest83 (small blind) folded before Flop
Seat 6: MarceloCris (big blind) collected ($0.02)



PokerStars Hand #239467664528:  Hold'em No Limit ($0.01/$0.02 USD) - 2022/10/26 14:15:24 ET
Table 'Yrsa III' 6-max Seat #5 is the button
Seat 1: eliška102 ($1.31 in chips) 
Seat 2: Lorpugo ($1.75 in chips) 
Seat 3: aistmarabuu ($1.58 in chips) 
Seat 4: Ubersetzer ($0.80 in chips) 
Seat 5: Reinvest83 ($3.59 in chips) 
Seat 6: MarceloCris ($1.80 in chips) 
MarceloCris: posts small blind $0.01
eliška102: posts big blind $0.02
Ubersetzer: posts small & big blinds $0.03
*** HOLE CARDS ***
Dealt to Lorpugo [3d 4s]
Lorpugo: folds 
aistmarabuu: folds 
Ubersetzer: raises $0.04 to $0.06
Reinvest83: folds 
MarceloCris: folds 
eliška102: calls $0.04
*** FLOP *** [Kc Ks 9d]
eliška102: checks 
Ubersetzer: bets $0.10
eliška102: folds 
Uncalled bet ($0.10) returned to Ubersetzer
Ubersetzer collected $0.14 from pot
Ubersetzer: doesn't show hand 
*** SUMMARY ***
Total pot $0.14 | Rake $0 
Board [Kc Ks 9d]
Seat 1: eliška102 (big blind) folded on the Flop
Seat 2: Lorpugo folded before Flop (didn't bet)
Seat 3: aistmarabuu folded before Flop (didn't bet)
Seat 4: Ubersetzer collected ($0.14)
Seat 5: Reinvest83 (button) folded before Flop (didn't bet)
Seat 6: MarceloCris (small blind) folded before Flop



PokerStars Hand #239467674604:  Hold'em No Limit ($0.01/$0.02 USD) - 2022/10/26 14:15:51 ET
Table 'Yrsa III' 6-max Seat #6 is the button
Seat 1: eliška102 ($1.25 in chips) 
Seat 2: Lorpugo ($1.75 in chips) 
Seat 3: aistmarabuu ($1.58 in chips) 
Seat 4: Ubersetzer ($0.87 in chips) 
Seat 5: Reinvest83 ($3.59 in chips) 
Seat 6: MarceloCris ($1.79 in chips) 
eliška102: posts small blind $0.01
Lorpugo: posts big blind $0.02
*** HOLE CARDS ***
Dealt to Lorpugo [4c Qh]
aistmarabuu: folds 
Ubersetzer: folds 
Reinvest83: folds 
MarceloCris: folds 
eliška102: folds 
Uncalled bet ($0.01) returned to Lorpugo
Lorpugo collected $0.02 from pot
Lorpugo: doesn't show hand 
*** SUMMARY ***
Total pot $0.02 | Rake $0 
Seat 1: eliška102 (small blind) folded before Flop
Seat 2: Lorpugo (big blind) collected ($0.02)
Seat 3: aistmarabuu folded before Flop (didn't bet)
Seat 4: Ubersetzer folded before Flop (didn't bet)
Seat 5: Reinvest83 folded before Flop (didn't bet)
Seat 6: MarceloCris (button) folded before Flop (didn't bet)



PokerStars Hand #239467678515:  Hold'em No Limit ($0.01/$0.02 USD) - 2022/10/26 14:16:02 ET
Table 'Yrsa III' 6-max Seat #1 is the button
Seat 1: eliška102 ($1.24 in chips) 
Seat 2: Lorpugo ($1.76 in chips) 
Seat 3: aistmarabuu ($1.58 in chips) 
Seat 4: Ubersetzer ($0.87 in chips) 
Seat 5: Reinvest83 ($3.59 in chips) 
Seat 6: MarceloCris ($1.79 in chips) 
Lorpugo: posts small blind $0.01
aistmarabuu: posts big blind $0.02
*** HOLE CARDS ***
Dealt to Lorpugo [6s Js]
Ubersetzer: folds 
Reinvest83: raises $0.04 to $0.06
MarceloCris: folds 
eliška102: folds 
Lorpugo: folds 
aistmarabuu: calls $0.04
*** FLOP *** [2h 9h Ks]
aistmarabuu: checks 
Reinvest83: bets $0.07
aistmarabuu: folds 
Uncalled bet ($0.07) returned to Reinvest83
Reinvest83 collected $0.13 from pot
Reinvest83: doesn't show hand 
*** SUMMARY ***
Total pot $0.13 | Rake $0 
Board [2h 9h Ks]
Seat 1: eliška102 (button) folded before Flop (didn't bet)
Seat 2: Lorpugo (small blind) folded before Flop
Seat 3: aistmarabuu (big blind) folded on the Flop
Seat 4: Ubersetzer folded before Flop (didn't bet)
Seat 5: Reinvest83 collected ($0.13)
Seat 6: MarceloCris folded before Flop (didn't bet)



PokerStars Hand #239467685636:  Hold'em No Limit ($0.01/$0.02 USD) - 2022/10/26 14:16:21 ET
Table 'Yrsa III' 6-max Seat #2 is the button
Seat 1: eliška102 ($1.24 in chips) 
Seat 2: Lorpugo ($1.75 in chips) 
Seat 3: aistmarabuu ($1.52 in chips) 
Seat 4: Ubersetzer ($0.87 in chips) 
Seat 5: Reinvest83 ($3.66 in chips) 
Seat 6: MarceloCris ($1.79 in chips) 
aistmarabuu: posts small blind $0.01
Ubersetzer: posts big blind $0.02
*** HOLE CARDS ***
Dealt to Lorpugo [Qc 7c]
Reinvest83: folds 
MarceloCris: folds 
eliška102: folds 
Lorpugo: raises $0.04 to $0.06
aistmarabuu: folds 
Ubersetzer: folds 
Uncalled bet ($0.04) returned to Lorpugo
Lorpugo collected $0.05 from pot
Lorpugo: doesn't show hand 
*** SUMMARY ***
Total pot $0.05 | Rake $0 
Seat 1: eliška102 folded before Flop (didn't bet)
Seat 2: Lorpugo (button) collected ($0.05)
Seat 3: aistmarabuu (small blind) folded before Flop
Seat 4: Ubersetzer (big blind) folded before Flop
Seat 5: Reinvest83 folded before Flop (didn't bet)
Seat 6: MarceloCris folded before Flop (didn't bet)



PokerStars Hand #239467689862:  Hold'em No Limit ($0.01/$0.02 USD) - 2022/10/26 14:16:32 ET
Table 'Yrsa III' 6-max Seat #3 is the button
Seat 1: eliška102 ($1.24 in chips) 
Seat 2: Lorpugo ($1.78 in chips) 
Seat 3: aistmarabuu ($1.51 in chips) 
Seat 4: Ubersetzer ($0.85 in chips) 
Seat 5: Reinvest83 ($3.66 in chips) 
Seat 6: MarceloCris ($1.79 in chips) 
Ubersetzer: posts small blind $0.01
Reinvest83: posts big blind $0.02
*** HOLE CARDS ***
Dealt to Lorpugo [Ks Jh]
MarceloCris: folds 
eliška102: calls $0.02
Lorpugo: calls $0.02
aistmarabuu: folds 
Ubersetzer: calls $0.01
Reinvest83: checks 
*** FLOP *** [2c 4h 2s]
Ubersetzer: checks 
Reinvest83: checks 
eliška102: checks 
Lorpugo: bets $0.02
Ubersetzer: folds 
Reinvest83: folds 
eliška102: folds 
Uncalled bet ($0.02) returned to Lorpugo
Lorpugo collected $0.08 from pot
Lorpugo: doesn't show hand 
*** SUMMARY ***
Total pot $0.08 | Rake $0 
Board [2c 4h 2s]
Seat 1: eliška102 folded on the Flop
Seat 2: Lorpugo collected ($0.08)
Seat 3: aistmarabuu (button) folded before Flop (didn't bet)
Seat 4: Ubersetzer (small blind) folded on the Flop
Seat 5: Reinvest83 (big blind) folded on the Flop
Seat 6: MarceloCris folded before Flop (didn't bet)



PokerStars Hand #239467699684:  Hold'em No Limit ($0.01/$0.02 USD) - 2022/10/26 14:16:59 ET
Table 'Yrsa III' 6-max Seat #4 is the button
Seat 1: eliška102 ($1.22 in chips) 
Seat 2: Lorpugo ($1.84 in chips) 
Seat 3: aistmarabuu ($1.51 in chips) 
Seat 4: Ubersetzer ($0.83 in chips) 
Seat 5: Reinvest83 ($3.64 in chips) 
Seat 6: MarceloCris ($1.79 in chips) 
Reinvest83: posts small blind $0.01
MarceloCris: posts big blind $0.02
*** HOLE CARDS ***
Dealt to Lorpugo [Kc 7h]
eliška102: folds 
Lorpugo: folds 
aistmarabuu: raises $0.02 to $0.04
Ubersetzer: folds 
Reinvest83: folds 
MarceloCris: calls $0.02
*** FLOP *** [7c 6c Kh]
MarceloCris: checks 
aistmarabuu: bets $0.04
MarceloCris: folds 
Uncalled bet ($0.04) returned to aistmarabuu
aistmarabuu collected $0.09 from pot
aistmarabuu: doesn't show hand 
*** SUMMARY ***
Total pot $0.09 | Rake $0 
Board [7c 6c Kh]
Seat 1: eliška102 folded before Flop (didn't bet)
Seat 2: Lorpugo folded before Flop (didn't bet)
Seat 3: aistmarabuu collected ($0.09)
Seat 4: Ubersetzer (button) folded before Flop (didn't bet)
Seat 5: Reinvest83 (small blind) folded before Flop
Seat 6: MarceloCris (big blind) folded on the Flop



PokerStars Hand #239467706180:  Hold'em No Limit ($0.01/$0.02 USD) - 2022/10/26 14:17:17 ET
Table 'Yrsa III' 6-max Seat #5 is the button
Seat 1: eliška102 ($1.22 in chips) 
Seat 2: Lorpugo ($1.84 in chips) 
Seat 3: aistmarabuu ($1.56 in chips) 
Seat 4: Ubersetzer ($0.83 in chips) 
Seat 5: Reinvest83 ($3.63 in chips) 
Seat 6: MarceloCris ($1.75 in chips) 
MarceloCris: posts small blind $0.01
eliška102: posts big blind $0.02
*** HOLE CARDS ***
Dealt to Lorpugo [4d 2h]
Lorpugo: folds 
aistmarabuu: raises $0.02 to $0.04
Ubersetzer: calls $0.04
Reinvest83: calls $0.04
MarceloCris: calls $0.03
eliška102: folds 
*** FLOP *** [9c Qc 6d]
MarceloCris: checks 
aistmarabuu: checks 
Ubersetzer: checks 
Reinvest83: bets $0.09
MarceloCris: folds 
aistmarabuu: folds 
Ubersetzer: folds 
Uncalled bet ($0.09) returned to Reinvest83
Reinvest83 collected $0.17 from pot
Reinvest83: doesn't show hand 
*** SUMMARY ***
Total pot $0.18 | Rake $0.01 
Board [9c Qc 6d]
Seat 1: eliška102 (big blind) folded before Flop
Seat 2: Lorpugo folded before Flop (didn't bet)
Seat 3: aistmarabuu folded on the Flop
Seat 4: Ubersetzer folded on the Flop
Seat 5: Reinvest83 (button) collected ($0.17)
Seat 6: MarceloCris (small blind) folded on the Flop



PokerStars Hand #239467717884:  Hold'em No Limit ($0.01/$0.02 USD) - 2022/10/26 14:17:48 ET
Table 'Yrsa III' 6-max Seat #6 is the button
Seat 1: eliška102 ($1.20 in chips) 
Seat 2: Lorpugo ($1.84 in chips) 
Seat 3: aistmarabuu ($1.52 in chips) 
Seat 4: Ubersetzer ($0.79 in chips) 
Seat 5: Reinvest83 ($3.76 in chips) 
Seat 6: MarceloCris ($1.71 in chips) 
eliška102: posts small blind $0.01
Lorpugo: posts big blind $0.02
*** HOLE CARDS ***
Dealt to Lorpugo [2s 3h]
aistmarabuu: raises $0.02 to $0.04
Ubersetzer: folds 
Reinvest83: calls $0.04
MarceloCris: calls $0.04
eliška102: calls $0.03
Lorpugo: folds 
*** FLOP *** [Ah Qs Kh]
eliška102: checks 
aistmarabuu: bets $0.05
Reinvest83: folds 
MarceloCris: calls $0.05
eliška102: calls $0.05
*** TURN *** [Ah Qs Kh] [5h]
eliška102: checks 
aistmarabuu: checks 
MarceloCris: checks 
*** RIVER *** [Ah Qs Kh 5h] [4c]
eliška102: bets $0.04
aistmarabuu: calls $0.04
MarceloCris: folds 
*** SHOW DOWN ***
eliška102: shows [Kc Ks] (three of a kind, Kings)
aistmarabuu: mucks hand 
eliška102 collected $0.40 from pot
*** SUMMARY ***
Total pot $0.41 | Rake $0.01 
Board [Ah Qs Kh 5h 4c]
Seat 1: eliška102 (small blind) showed [Kc Ks] and won ($0.40) with three of a kind, Kings
Seat 2: Lorpugo (big blind) folded before Flop
Seat 3: aistmarabuu mucked [Th As]
Seat 4: Ubersetzer folded before Flop (didn't bet)
Seat 5: Reinvest83 folded on the Flop
Seat 6: MarceloCris (button) folded on the River



PokerStars Hand #239467735763:  Hold'em No Limit ($0.01/$0.02 USD) - 2022/10/26 14:18:37 ET
Table 'Yrsa III' 6-max Seat #1 is the button
Seat 1: eliška102 ($1.47 in chips) 
Seat 2: Lorpugo ($1.82 in chips) 
Seat 3: aistmarabuu ($1.39 in chips) 
Seat 4: Ubersetzer ($0.79 in chips) 
Seat 5: Reinvest83 ($3.72 in chips) 
Seat 6: MarceloCris ($1.62 in chips) 
Lorpugo: posts small blind $0.01
aistmarabuu: posts big blind $0.02
*** HOLE CARDS ***
Dealt to Lorpugo [Kd Jc]
Ubersetzer: folds 
Reinvest83: folds 
MarceloCris: folds 
eliška102: folds 
Lorpugo: raises $0.04 to $0.06
aistmarabuu: folds 
Uncalled bet ($0.04) returned to Lorpugo
Lorpugo collected $0.04 from pot
Lorpugo: doesn't show hand 
*** SUMMARY ***
Total pot $0.04 | Rake $0 
Seat 1: eliška102 (button) folded before Flop (didn't bet)
Seat 2: Lorpugo (small blind) collected ($0.04)
Seat 3: aistmarabuu (big blind) folded before Flop
Seat 4: Ubersetzer folded before Flop (didn't bet)
Seat 5: Reinvest83 folded before Flop (didn't bet)
Seat 6: MarceloCris folded before Flop (didn't bet)



PokerStars Hand #239467740816:  Hold'em No Limit ($0.01/$0.02 USD) - 2022/10/26 14:18:51 ET
Table 'Yrsa III' 6-max Seat #2 is the button
Seat 1: eliška102 ($1.47 in chips) 
Seat 2: Lorpugo ($1.84 in chips) 
Seat 3: aistmarabuu ($1.37 in chips) 
Seat 4: Ubersetzer ($0.79 in chips) 
Seat 5: Reinvest83 ($3.72 in chips) 
Seat 6: MarceloCris ($1.62 in chips) 
aistmarabuu: posts small blind $0.01
Ubersetzer: posts big blind $0.02
*** HOLE CARDS ***
Dealt to Lorpugo [2s 4h]
Reinvest83: raises $0.04 to $0.06
MarceloCris: folds 
eliška102: folds 
Lorpugo: folds 
aistmarabuu: folds 
Ubersetzer: calls $0.04
*** FLOP *** [Td 4s 9c]
Ubersetzer: checks 
Reinvest83: checks 
*** TURN *** [Td 4s 9c] [3c]
Ubersetzer: bets $0.08
Reinvest83: folds 
Uncalled bet ($0.08) returned to Ubersetzer
Ubersetzer collected $0.13 from pot
Ubersetzer: doesn't show hand 
*** SUMMARY ***
Total pot $0.13 | Rake $0 
Board [Td 4s 9c 3c]
Seat 1: eliška102 folded before Flop (didn't bet)
Seat 2: Lorpugo (button) folded before Flop (didn't bet)
Seat 3: aistmarabuu (small blind) folded before Flop
Seat 4: Ubersetzer (big blind) collected ($0.13)
Seat 5: Reinvest83 folded on the Turn
Seat 6: MarceloCris folded before Flop (didn't bet)



PokerStars Hand #239467751788:  Hold'em No Limit ($0.01/$0.02 USD) - 2022/10/26 14:19:20 ET
Table 'Yrsa III' 6-max Seat #3 is the button
Seat 1: eliška102 ($1.47 in chips) 
Seat 2: Lorpugo ($1.84 in chips) 
Seat 3: aistmarabuu ($1.36 in chips) 
Seat 4: Ubersetzer ($0.86 in chips) 
Seat 5: Reinvest83 ($3.66 in chips) 
Seat 6: MarceloCris ($1.62 in chips) 
Ubersetzer: posts small blind $0.01
Reinvest83: posts big blind $0.02
*** HOLE CARDS ***
Dealt to Lorpugo [8c Jc]
MarceloCris: folds 
eliška102: folds 
Lorpugo: raises $0.04 to $0.06
aistmarabuu: folds 
Ubersetzer: folds 
Reinvest83: folds 
Uncalled bet ($0.04) returned to Lorpugo
Lorpugo collected $0.05 from pot
Lorpugo: doesn't show hand 
*** SUMMARY ***
Total pot $0.05 | Rake $0 
Seat 1: eliška102 folded before Flop (didn't bet)
Seat 2: Lorpugo collected ($0.05)
Seat 3: aistmarabuu (button) folded before Flop (didn't bet)
Seat 4: Ubersetzer (small blind) folded before Flop
Seat 5: Reinvest83 (big blind) folded before Flop
Seat 6: MarceloCris folded before Flop (didn't bet)



PokerStars Hand #239467757903:  Hold'em No Limit ($0.01/$0.02 USD) - 2022/10/26 14:19:37 ET
Table 'Yrsa III' 6-max Seat #4 is the button
Seat 1: eliška102 ($1.47 in chips) 
Seat 2: Lorpugo ($1.87 in chips) 
Seat 3: aistmarabuu ($1.36 in chips) 
Seat 4: Ubersetzer ($0.85 in chips) 
Seat 5: Reinvest83 ($3.64 in chips) 
Seat 6: MarceloCris ($1.62 in chips) 
Reinvest83: posts small blind $0.01
MarceloCris: posts big blind $0.02
*** HOLE CARDS ***
Dealt to Lorpugo [Kd Qs]
eliška102: calls $0.02
Lorpugo: raises $0.07 to $0.09
aistmarabuu: folds 
Ubersetzer: folds 
aistmarabuu leaves the table
Reinvest83: calls $0.08
MarceloCris: folds 
GENJD joins the table at seat #3 
eliška102: calls $0.07
*** FLOP *** [5s 8c Ks]
Reinvest83: checks 
eliška102: checks 
Lorpugo: checks 
*** TURN *** [5s 8c Ks] [4s]
Reinvest83: bets $0.14
eliška102: folds 
Lorpugo: calls $0.14
*** RIVER *** [5s 8c Ks 4s] [6d]
Reinvest83: checks 
Lorpugo: bets $0.18
Reinvest83: calls $0.18
*** SHOW DOWN ***
Lorpugo: shows [Kd Qs] (a pair of Kings)
Reinvest83: mucks hand 
Lorpugo collected $0.90 from pot
*** SUMMARY ***
Total pot $0.93 | Rake $0.03 
Board [5s 8c Ks 4s 6d]
Seat 1: eliška102 folded on the Turn
Seat 2: Lorpugo showed [Kd Qs] and won ($0.90) with a pair of Kings
Seat 3: aistmarabuu folded before Flop (didn't bet)
Seat 4: Ubersetzer (button) folded before Flop (didn't bet)
Seat 5: Reinvest83 (small blind) mucked [Js Jd]
Seat 6: MarceloCris (big blind) folded before Flop



PokerStars Hand #239467772852:  Hold'em No Limit ($0.01/$0.02 USD) - 2022/10/26 14:20:18 ET
Table 'Yrsa III' 6-max Seat #5 is the button
Seat 1: eliška102 ($1.38 in chips) 
Seat 2: Lorpugo ($2.36 in chips) 
Seat 3: GENJD ($2 in chips) 
Seat 4: Ubersetzer ($0.85 in chips) 
Seat 5: Reinvest83 ($3.23 in chips) 
Seat 6: MarceloCris ($1.60 in chips) 
MarceloCris: posts small blind $0.01
eliška102: posts big blind $0.02
GENJD: posts big blind $0.02
*** HOLE CARDS ***
Dealt to Lorpugo [Kc Qs]
Lorpugo: raises $0.02 to $0.04
GENJD: raises $0.22 to $0.26
Ubersetzer: folds 
Reinvest83: folds 
MarceloCris: folds 
eliška102: folds 
Lorpugo: calls $0.22
*** FLOP *** [4h 9d 5s]
Lorpugo: checks 
GENJD: bets $0.53
Lorpugo: folds 
Uncalled bet ($0.53) returned to GENJD
GENJD collected $0.53 from pot
GENJD: doesn't show hand 
*** SUMMARY ***
Total pot $0.55 | Rake $0.02 
Board [4h 9d 5s]
Seat 1: eliška102 (big blind) folded before Flop
Seat 2: Lorpugo folded on the Flop
Seat 3: GENJD collected ($0.53)
Seat 4: Ubersetzer folded before Flop (didn't bet)
Seat 5: Reinvest83 (button) folded before Flop (didn't bet)
Seat 6: MarceloCris (small blind) folded before Flop



PokerStars Hand #239467788767:  Hold'em No Limit ($0.01/$0.02 USD) - 2022/10/26 14:21:01 ET
Table 'Yrsa III' 6-max Seat #6 is the button
Seat 1: eliška102 ($1.36 in chips) 
Seat 2: Lorpugo ($2.10 in chips) 
Seat 3: GENJD ($2.27 in chips) 
Seat 4: Ubersetzer ($0.85 in chips) 
Seat 5: Reinvest83 ($3.23 in chips) 
Seat 6: MarceloCris ($1.59 in chips) 
eliška102: posts small blind $0.01
Lorpugo: posts big blind $0.02
*** HOLE CARDS ***
Dealt to Lorpugo [Jh 8s]
GENJD: folds 
Ubersetzer: folds 
Reinvest83: folds 
MarceloCris: folds 
eliška102: calls $0.01
Lorpugo: raises $0.08 to $0.10
eliška102: folds 
Uncalled bet ($0.08) returned to Lorpugo
Lorpugo collected $0.04 from pot
Lorpugo: doesn't show hand 
*** SUMMARY ***
Total pot $0.04 | Rake $0 
Seat 1: eliška102 (small blind) folded before Flop
Seat 2: Lorpugo (big blind) collected ($0.04)
Seat 3: GENJD folded before Flop (didn't bet)
Seat 4: Ubersetzer folded before Flop (didn't bet)
Seat 5: Reinvest83 folded before Flop (didn't bet)
Seat 6: MarceloCris (button) folded before Flop (didn't bet)



PokerStars Hand #239467797358:  Hold'em No Limit ($0.01/$0.02 USD) - 2022/10/26 14:21:25 ET
Table 'Yrsa III' 6-max Seat #1 is the button
Seat 1: eliška102 ($1.34 in chips) 
Seat 2: Lorpugo ($2.12 in chips) 
Seat 3: GENJD ($2.27 in chips) 
Seat 4: Ubersetzer ($0.85 in chips) 
Seat 5: Reinvest83 ($3.23 in chips) 
Seat 6: MarceloCris ($1.59 in chips) 
Lorpugo: posts small blind $0.01
GENJD: posts big blind $0.02
*** HOLE CARDS ***
Dealt to Lorpugo [Kd 9d]
Ubersetzer: folds 
Reinvest83: folds 
MarceloCris: folds 
eliška102: folds 
Lorpugo: raises $0.04 to $0.06
GENJD: folds 
Uncalled bet ($0.04) returned to Lorpugo
Lorpugo collected $0.04 from pot
Lorpugo: doesn't show hand 
*** SUMMARY ***
Total pot $0.04 | Rake $0 
Seat 1: eliška102 (button) folded before Flop (didn't bet)
Seat 2: Lorpugo (small blind) collected ($0.04)
Seat 3: GENJD (big blind) folded before Flop
Seat 4: Ubersetzer folded before Flop (didn't bet)
Seat 5: Reinvest83 folded before Flop (didn't bet)
Seat 6: MarceloCris folded before Flop (didn't bet)



PokerStars Hand #239467803782:  Hold'em No Limit ($0.01/$0.02 USD) - 2022/10/26 14:21:42 ET
Table 'Yrsa III' 6-max Seat #2 is the button
Seat 1: eliška102 ($1.34 in chips) 
Seat 2: Lorpugo ($2.14 in chips) 
Seat 3: GENJD ($2.25 in chips) 
Seat 4: Ubersetzer ($0.85 in chips) 
Seat 5: Reinvest83 ($3.23 in chips) 
Seat 6: MarceloCris ($1.59 in chips) 
GENJD: posts small blind $0.01
Ubersetzer: posts big blind $0.02
*** HOLE CARDS ***
Dealt to Lorpugo [7s 8h]
Reinvest83: folds 
MarceloCris: folds 
eliška102: folds 
Lorpugo: raises $0.04 to $0.06
GENJD: folds 
Ubersetzer: folds 
Uncalled bet ($0.04) returned to Lorpugo
Lorpugo collected $0.05 from pot
Lorpugo: doesn't show hand 
*** SUMMARY ***
Total pot $0.05 | Rake $0 
Seat 1: eliška102 folded before Flop (didn't bet)
Seat 2: Lorpugo (button) collected ($0.05)
Seat 3: GENJD (small blind) folded before Flop
Seat 4: Ubersetzer (big blind) folded before Flop
Seat 5: Reinvest83 folded before Flop (didn't bet)
Seat 6: MarceloCris folded before Flop (didn't bet)



PokerStars Hand #239467810520:  Hold'em No Limit ($0.01/$0.02 USD) - 2022/10/26 14:22:00 ET
Table 'Yrsa III' 6-max Seat #3 is the button
Seat 1: eliška102 ($1.34 in chips) 
Seat 2: Lorpugo ($2.17 in chips) 
Seat 3: GENJD ($2.24 in chips) 
Seat 4: Ubersetzer ($0.83 in chips) 
Seat 5: Reinvest83 ($3.23 in chips) 
Seat 6: MarceloCris ($1.59 in chips) 
Ubersetzer: posts small blind $0.01
Reinvest83: posts big blind $0.02
*** HOLE CARDS ***
Dealt to Lorpugo [3c Th]
MarceloCris: folds 
eliška102: folds 
Lorpugo: folds 
GENJD: raises $0.10 to $0.12
Ubersetzer: folds 
Reinvest83: folds 
Uncalled bet ($0.10) returned to GENJD
GENJD collected $0.05 from pot
GENJD: doesn't show hand 
*** SUMMARY ***
Total pot $0.05 | Rake $0 
Seat 1: eliška102 folded before Flop (didn't bet)
Seat 2: Lorpugo folded before Flop (didn't bet)
Seat 3: GENJD (button) collected ($0.05)
Seat 4: Ubersetzer (small blind) folded before Flop
Seat 5: Reinvest83 (big blind) folded before Flop
Seat 6: MarceloCris folded before Flop (didn't bet)



PokerStars Hand #239467820763:  Hold'em No Limit ($0.01/$0.02 USD) - 2022/10/26 14:22:28 ET
Table 'Yrsa III' 6-max Seat #4 is the button
Seat 1: eliška102 ($1.34 in chips) 
Seat 2: Lorpugo ($2.17 in chips) 
Seat 3: GENJD ($2.27 in chips) 
Seat 4: Ubersetzer ($0.82 in chips) 
Seat 5: Reinvest83 ($3.21 in chips) 
Seat 6: MarceloCris ($1.59 in chips) 
Reinvest83: posts small blind $0.01
MarceloCris: posts big blind $0.02
*** HOLE CARDS ***
Dealt to Lorpugo [Js 3h]
eliška102: folds 
Lorpugo: folds 
GENJD: folds 
Ubersetzer: raises $0.04 to $0.06
Reinvest83: folds 
MarceloCris: folds 
Uncalled bet ($0.04) returned to Ubersetzer
Ubersetzer collected $0.05 from pot
Ubersetzer: doesn't show hand 
*** SUMMARY ***
Total pot $0.05 | Rake $0 
Seat 1: eliška102 folded before Flop (didn't bet)
Seat 2: Lorpugo folded before Flop (didn't bet)
Seat 3: GENJD folded before Flop (didn't bet)
Seat 4: Ubersetzer (button) collected ($0.05)
Seat 5: Reinvest83 (small blind) folded before Flop
Seat 6: MarceloCris (big blind) folded before Flop



PokerStars Hand #239467830190:  Hold'em No Limit ($0.01/$0.02 USD) - 2022/10/26 14:22:53 ET
Table 'Yrsa III' 6-max Seat #5 is the button
Seat 1: eliška102 ($1.34 in chips) 
Seat 2: Lorpugo ($2.17 in chips) 
Seat 3: GENJD ($2.27 in chips) 
Seat 4: Ubersetzer ($0.85 in chips) 
Seat 5: Reinvest83 ($3.20 in chips) 
Seat 6: MarceloCris ($1.57 in chips) 
MarceloCris: posts small blind $0.01
eliška102: posts big blind $0.02
*** HOLE CARDS ***
Dealt to Lorpugo [7s Ac]
Lorpugo: raises $0.02 to $0.04
GENJD: calls $0.04
Ubersetzer: folds 
Reinvest83: folds 
MarceloCris: calls $0.03
eliška102: calls $0.02
*** FLOP *** [6s Kh 8h]
MarceloCris: checks 
eliška102: checks 
Lorpugo: checks 
GENJD: checks 
*** TURN *** [6s Kh 8h] [Jh]
MarceloCris: checks 
eliška102: checks 
Lorpugo: checks 
GENJD: checks 
*** RIVER *** [6s Kh 8h Jh] [4d]
MarceloCris: checks 
eliška102: checks 
Lorpugo: checks 
GENJD: bets $0.15
MarceloCris: folds 
eliška102: folds 
Lorpugo: folds 
Uncalled bet ($0.15) returned to GENJD
GENJD collected $0.15 from pot
GENJD: doesn't show hand 
*** SUMMARY ***
Total pot $0.16 | Rake $0.01 
Board [6s Kh 8h Jh 4d]
Seat 1: eliška102 (big blind) folded on the River
Seat 2: Lorpugo folded on the River
Seat 3: GENJD collected ($0.15)
Seat 4: Ubersetzer folded before Flop (didn't bet)
Seat 5: Reinvest83 (button) folded before Flop (didn't bet)
Seat 6: MarceloCris (small blind) folded on the River



PokerStars Hand #239467861922:  Hold'em No Limit ($0.01/$0.02 USD) - 2022/10/26 14:24:20 ET
Table 'Yrsa III' 6-max Seat #6 is the button
Seat 1: eliška102 ($1.30 in chips) 
Seat 2: Lorpugo ($2.13 in chips) 
Seat 3: GENJD ($2.38 in chips) 
Seat 4: Ubersetzer ($0.85 in chips) 
Seat 5: Reinvest83 ($3.20 in chips) 
Seat 6: MarceloCris ($1.53 in chips) 
eliška102: posts small blind $0.01
Lorpugo: posts big blind $0.02
*** HOLE CARDS ***
Dealt to Lorpugo [Jh Ac]
GENJD: folds 
Ubersetzer: folds 
Reinvest83: raises $0.04 to $0.06
MarceloCris: calls $0.06
eliška102: folds 
Lorpugo: calls $0.04
*** FLOP *** [Ah 5c 2c]
Lorpugo: checks 
Reinvest83: checks 
MarceloCris: checks 
*** TURN *** [Ah 5c 2c] [6d]
Lorpugo: bets $0.06
Reinvest83: folds 
MarceloCris: folds 
Uncalled bet ($0.06) returned to Lorpugo
Lorpugo collected $0.18 from pot
Lorpugo: doesn't show hand 
*** SUMMARY ***
Total pot $0.19 | Rake $0.01 
Board [Ah 5c 2c 6d]
Seat 1: eliška102 (small blind) folded before Flop
Seat 2: Lorpugo (big blind) collected ($0.18)
Seat 3: GENJD folded before Flop (didn't bet)
Seat 4: Ubersetzer folded before Flop (didn't bet)
Seat 5: Reinvest83 folded on the Turn
Seat 6: MarceloCris (button) folded on the Turn



PokerStars Hand #239467877803:  Hold'em No Limit ($0.01/$0.02 USD) - 2022/10/26 14:25:03 ET
Table 'Yrsa III' 6-max Seat #1 is the button
Seat 1: eliška102 ($1.29 in chips) 
Seat 2: Lorpugo ($2.25 in chips) 
Seat 3: GENJD ($2.38 in chips) 
Seat 4: Ubersetzer ($0.85 in chips) 
Seat 5: Reinvest83 ($3.14 in chips) 
Seat 6: MarceloCris ($1.47 in chips) 
Lorpugo: posts small blind $0.01
GENJD: posts big blind $0.02
*** HOLE CARDS ***
Dealt to Lorpugo [Js Ks]
Ubersetzer: folds 
Reinvest83: folds 
MarceloCris: folds 
eliška102: folds 
Lorpugo: raises $0.04 to $0.06
GENJD: folds 
Uncalled bet ($0.04) returned to Lorpugo
Lorpugo collected $0.04 from pot
Lorpugo: doesn't show hand 
*** SUMMARY ***
Total pot $0.04 | Rake $0 
Seat 1: eliška102 (button) folded before Flop (didn't bet)
Seat 2: Lorpugo (small blind) collected ($0.04)
Seat 3: GENJD (big blind) folded before Flop
Seat 4: Ubersetzer folded before Flop (didn't bet)
Seat 5: Reinvest83 folded before Flop (didn't bet)
Seat 6: MarceloCris folded before Flop (didn't bet)



PokerStars Hand #239467881828:  Hold'em No Limit ($0.01/$0.02 USD) - 2022/10/26 14:25:14 ET
Table 'Yrsa III' 6-max Seat #2 is the button
Seat 1: eliška102 ($1.29 in chips) 
Seat 2: Lorpugo ($2.27 in chips) 
Seat 3: GENJD ($2.36 in chips) 
Seat 4: Ubersetzer ($0.85 in chips) 
Seat 5: Reinvest83 ($3.14 in chips) 
Seat 6: MarceloCris ($1.47 in chips) 
GENJD: posts small blind $0.01
Ubersetzer: posts big blind $0.02
*** HOLE CARDS ***
Dealt to Lorpugo [Ad Qh]
Reinvest83: raises $0.04 to $0.06
MarceloCris: folds 
eliška102: folds 
Lorpugo: raises $0.15 to $0.21
GENJD: folds 
Ubersetzer: folds 
Reinvest83: calls $0.15
*** FLOP *** [2h 8h Ks]
Reinvest83: checks 
Lorpugo: checks 
*** TURN *** [2h 8h Ks] [7s]
Reinvest83: checks 
Lorpugo: checks 
*** RIVER *** [2h 8h Ks 7s] [Kh]
Reinvest83: checks 
Lorpugo: checks 
*** SHOW DOWN ***
Reinvest83: shows [3h 3d] (two pair, Kings and Threes)
Lorpugo: mucks hand 
Reinvest83 collected $0.43 from pot
*** SUMMARY ***
Total pot $0.45 | Rake $0.02 
Board [2h 8h Ks 7s Kh]
Seat 1: eliška102 folded before Flop (didn't bet)
Seat 2: Lorpugo (button) mucked [Ad Qh]
Seat 3: GENJD (small blind) folded before Flop
Seat 4: Ubersetzer (big blind) folded before Flop
Seat 5: Reinvest83 showed [3h 3d] and won ($0.43) with two pair, Kings and Threes
Seat 6: MarceloCris folded before Flop (didn't bet)



PokerStars Hand #239467897416:  Hold'em No Limit ($0.01/$0.02 USD) - 2022/10/26 14:25:57 ET
Table 'Yrsa III' 6-max Seat #3 is the button
Seat 1: eliška102 ($1.29 in chips) 
Seat 2: Lorpugo ($2.06 in chips) 
Seat 3: GENJD ($2.35 in chips) 
Seat 4: Ubersetzer ($0.83 in chips) 
Seat 5: Reinvest83 ($3.36 in chips) 
Seat 6: MarceloCris ($1.47 in chips) 
Ubersetzer: posts small blind $0.01
Reinvest83: posts big blind $0.02
*** HOLE CARDS ***
Dealt to Lorpugo [7d 3d]
MarceloCris: folds 
eliška102: raises $0.02 to $0.04
Lorpugo: folds 
GENJD: calls $0.04
Ubersetzer: folds 
Reinvest83: folds 
*** FLOP *** [8d Qc 4s]
eliška102: bets $0.04
GENJD: folds 
Uncalled bet ($0.04) returned to eliška102
eliška102 collected $0.11 from pot
*** SUMMARY ***
Total pot $0.11 | Rake $0 
Board [8d Qc 4s]
Seat 1: eliška102 collected ($0.11)
Seat 2: Lorpugo folded before Flop (didn't bet)
Seat 3: GENJD (button) folded on the Flop
Seat 4: Ubersetzer (small blind) folded before Flop
Seat 5: Reinvest83 (big blind) folded before Flop
Seat 6: MarceloCris folded before Flop (didn't bet)



PokerStars Hand #239467909038:  Hold'em No Limit ($0.01/$0.02 USD) - 2022/10/26 14:26:29 ET
Table 'Yrsa III' 6-max Seat #4 is the button
Seat 1: eliška102 ($1.36 in chips) 
Seat 2: Lorpugo ($2.06 in chips) 
Seat 3: GENJD ($2.31 in chips) 
Seat 4: Ubersetzer ($0.82 in chips) 
Seat 5: Reinvest83 ($3.34 in chips) 
Seat 6: MarceloCris ($1.47 in chips) 
Reinvest83: posts small blind $0.01
MarceloCris: posts big blind $0.02
*** HOLE CARDS ***
Dealt to Lorpugo [8s 6c]
eliška102: folds 
Lorpugo: folds 
GENJD: folds 
Ubersetzer: folds 
Reinvest83: folds 
Uncalled bet ($0.01) returned to MarceloCris
MarceloCris collected $0.02 from pot
MarceloCris: doesn't show hand 
*** SUMMARY ***
Total pot $0.02 | Rake $0 
Seat 1: eliška102 folded before Flop (didn't bet)
Seat 2: Lorpugo folded before Flop (didn't bet)
Seat 3: GENJD folded before Flop (didn't bet)
Seat 4: Ubersetzer (button) folded before Flop (didn't bet)
Seat 5: Reinvest83 (small blind) folded before Flop
Seat 6: MarceloCris (big blind) collected ($0.02)



PokerStars Hand #239467913033:  Hold'em No Limit ($0.01/$0.02 USD) - 2022/10/26 14:26:40 ET
Table 'Yrsa III' 6-max Seat #5 is the button
Seat 1: eliška102 ($1.36 in chips) 
Seat 2: Lorpugo ($2.06 in chips) 
Seat 3: GENJD ($2.31 in chips) 
Seat 4: Ubersetzer ($0.82 in chips) 
Seat 5: Reinvest83 ($3.33 in chips) 
Seat 6: MarceloCris ($1.48 in chips) 
MarceloCris: posts small blind $0.01
eliška102: posts big blind $0.02
*** HOLE CARDS ***
Dealt to Lorpugo [Ks 5d]
Lorpugo: folds 
GENJD: folds 
Ubersetzer: folds 
Reinvest83: raises $0.04 to $0.06
MarceloCris: calls $0.05
eliška102: calls $0.04
*** FLOP *** [9h 3s 3d]
MarceloCris: checks 
eliška102: checks 
Reinvest83: checks 
*** TURN *** [9h 3s 3d] [Qh]
MarceloCris: checks 
eliška102: checks 
Reinvest83: checks 
*** RIVER *** [9h 3s 3d Qh] [As]
MarceloCris: checks 
eliška102: checks 
Reinvest83: checks 
*** SHOW DOWN ***
MarceloCris: shows [4d 2d] (a pair of Threes)
eliška102: shows [5h 5s] (two pair, Fives and Threes)
Reinvest83: shows [5c 9c] (two pair, Nines and Threes)
Reinvest83 collected $0.17 from pot
*** SUMMARY ***
Total pot $0.18 | Rake $0.01 
Board [9h 3s 3d Qh As]
Seat 1: eliška102 (big blind) showed [5h 5s] and lost with two pair, Fives and Threes
Seat 2: Lorpugo folded before Flop (didn't bet)
Seat 3: GENJD folded before Flop (didn't bet)
Seat 4: Ubersetzer folded before Flop (didn't bet)
Seat 5: Reinvest83 (button) showed [5c 9c] and won ($0.17) with two pair, Nines and Threes
Seat 6: MarceloCris (small blind) showed [4d 2d] and lost with a pair of Threes



PokerStars Hand #239467927004:  Hold'em No Limit ($0.01/$0.02 USD) - 2022/10/26 14:27:19 ET
Table 'Yrsa III' 6-max Seat #6 is the button
Seat 1: eliška102 ($1.30 in chips) 
Seat 2: Lorpugo ($2.06 in chips) 
Seat 3: GENJD ($2.31 in chips) 
Seat 4: Ubersetzer ($0.82 in chips) 
Seat 5: Reinvest83 ($3.44 in chips) 
Seat 6: MarceloCris ($1.42 in chips) 
eliška102: posts small blind $0.01
Lorpugo: posts big blind $0.02
*** HOLE CARDS ***
Dealt to Lorpugo [2s As]
GENJD: calls $0.02
Ubersetzer: folds 
Reinvest83: raises $0.04 to $0.06
MarceloCris: folds 
eliška102: folds 
Lorpugo: calls $0.04
GENJD: calls $0.04
*** FLOP *** [6d Th Ac]
Lorpugo: checks 
GENJD: checks 
Reinvest83: checks 
*** TURN *** [6d Th Ac] [8c]
Lorpugo: bets $0.24
GENJD: folds 
MarceloCris leaves the table
Reinvest83: folds 
Uncalled bet ($0.24) returned to Lorpugo
Lorpugo collected $0.18 from pot
Lorpugo: doesn't show hand 
*** SUMMARY ***
Total pot $0.19 | Rake $0.01 
Board [6d Th Ac 8c]
Seat 1: eliška102 (small blind) folded before Flop
Seat 2: Lorpugo (big blind) collected ($0.18)
Seat 3: GENJD folded on the Turn
Seat 4: Ubersetzer folded before Flop (didn't bet)
Seat 5: Reinvest83 folded on the Turn
Seat 6: MarceloCris (button) folded before Flop (didn't bet)



PokerStars Hand #239467943745:  Hold'em No Limit ($0.01/$0.02 USD) - 2022/10/26 14:28:05 ET
Table 'Yrsa III' 6-max Seat #1 is the button
Seat 1: eliška102 ($1.29 in chips) 
Seat 2: Lorpugo ($2.18 in chips) 
Seat 3: GENJD ($2.25 in chips) 
Seat 4: Ubersetzer ($0.82 in chips) 
Seat 5: Reinvest83 ($3.38 in chips) 
Lorpugo: posts small blind $0.01
GENJD: posts big blind $0.02
*** HOLE CARDS ***
Dealt to Lorpugo [Kc 2d]
Ubersetzer: folds 
Reinvest83: folds 
eliška102: folds 
Lorpugo: raises $0.04 to $0.06
GENJD: calls $0.04
*** FLOP *** [7h Ad 4s]
Lorpugo: bets $0.04
GENJD: folds 
Uncalled bet ($0.04) returned to Lorpugo
Lorpugo collected $0.12 from pot
Lorpugo: doesn't show hand 
*** SUMMARY ***
Total pot $0.12 | Rake $0 
Board [7h Ad 4s]
Seat 1: eliška102 (button) folded before Flop (didn't bet)
Seat 2: Lorpugo (small blind) collected ($0.12)
Seat 3: GENJD (big blind) folded on the Flop
Seat 4: Ubersetzer folded before Flop (didn't bet)
Seat 5: Reinvest83 folded before Flop (didn't bet)



PokerStars Hand #239467954109:  Hold'em No Limit ($0.01/$0.02 USD) - 2022/10/26 14:28:33 ET
Table 'Yrsa III' 6-max Seat #2 is the button
Seat 1: eliška102 ($1.29 in chips) 
Seat 2: Lorpugo ($2.24 in chips) 
Seat 3: GENJD ($2.19 in chips) 
Seat 4: Ubersetzer ($0.82 in chips) 
Seat 5: Reinvest83 ($3.38 in chips) 
GENJD: posts small blind $0.01
Ubersetzer: posts big blind $0.02
*** HOLE CARDS ***
Dealt to Lorpugo [2c 5h]
Reinvest83: raises $0.04 to $0.06
eliška102: folds 
Lorpugo: folds 
GENJD: calls $0.05
Ubersetzer: folds 
*** FLOP *** [Kc Qs 8s]
GENJD: bets $0.07
Reinvest83: raises $0.11 to $0.18
GENJD: calls $0.11
*** TURN *** [Kc Qs 8s] [9c]
GENJD: checks 
Asmodeus DCLXVI joins the table at seat #6 
Reinvest83: bets $0.16
GENJD: calls $0.16
*** RIVER *** [Kc Qs 8s 9c] [Th]
GENJD: checks 
Reinvest83: checks 
*** SHOW DOWN ***
GENJD: shows [Tc Kh] (two pair, Kings and Tens)
Reinvest83: mucks hand 
GENJD collected $0.79 from pot
*** SUMMARY ***
Total pot $0.82 | Rake $0.03 
Board [Kc Qs 8s 9c Th]
Seat 1: eliška102 folded before Flop (didn't bet)
Seat 2: Lorpugo (button) folded before Flop (didn't bet)
Seat 3: GENJD (small blind) showed [Tc Kh] and won ($0.79) with two pair, Kings and Tens
Seat 4: Ubersetzer (big blind) folded before Flop
Seat 5: Reinvest83 mucked [Kd Ac]



PokerStars Hand #239467968191:  Hold'em No Limit ($0.01/$0.02 USD) - 2022/10/26 14:29:12 ET
Table 'Yrsa III' 6-max Seat #3 is the button
Seat 1: eliška102 ($1.29 in chips) 
Seat 2: Lorpugo ($2.24 in chips) 
Seat 3: GENJD ($2.58 in chips) 
Seat 4: Ubersetzer ($0.80 in chips) 
Seat 5: Reinvest83 ($2.98 in chips) 
Ubersetzer: posts small blind $0.01
Reinvest83: posts big blind $0.02
Asmodeus DCLXVI: sits out 
*** HOLE CARDS ***
Dealt to Lorpugo [4c Kd]
eliška102: calls $0.02
Lorpugo: folds 
GENJD: calls $0.02
Ubersetzer: folds 
Reinvest83: checks 
*** FLOP *** [9d 8s 2s]
Reinvest83: bets $0.04
eliška102: folds 
GENJD: raises $0.26 to $0.30
Reinvest83: calls $0.26
*** TURN *** [9d 8s 2s] [Js]
Reinvest83: bets $0.65
GENJD: calls $0.65
*** RIVER *** [9d 8s 2s Js] [6s]
Reinvest83: bets $2.01 and is all-in
GENJD: folds 
Uncalled bet ($2.01) returned to Reinvest83
Reinvest83 collected $1.90 from pot
Reinvest83: doesn't show hand 
*** SUMMARY ***
Total pot $1.97 | Rake $0.07 
Board [9d 8s 2s Js 6s]
Seat 1: eliška102 folded on the Flop
Seat 2: Lorpugo folded before Flop (didn't bet)
Seat 3: GENJD (button) folded on the River
Seat 4: Ubersetzer (small blind) folded before Flop
Seat 5: Reinvest83 (big blind) collected ($1.90)



PokerStars Hand #239467994360:  Hold'em No Limit ($0.01/$0.02 USD) - 2022/10/26 14:30:24 ET
Table 'Yrsa III' 6-max Seat #4 is the button
Seat 1: eliška102 ($1.27 in chips) 
Seat 2: Lorpugo ($2.24 in chips) 
Seat 3: GENJD ($2 in chips) 
Seat 4: Ubersetzer ($0.79 in chips) 
Seat 5: Reinvest83 ($3.91 in chips) 
Seat 6: Asmodeus DCLXVI ($0.80 in chips) 
Reinvest83: posts small blind $0.01
Asmodeus DCLXVI: posts big blind $0.02
*** HOLE CARDS ***
Dealt to Lorpugo [3s 8d]
eliška102: folds 
Lorpugo: folds 
GENJD: folds 
Ubersetzer: folds 
Reinvest83: folds 
Uncalled bet ($0.01) returned to Asmodeus DCLXVI
Asmodeus DCLXVI collected $0.02 from pot
Asmodeus DCLXVI: doesn't show hand 
*** SUMMARY ***
Total pot $0.02 | Rake $0 
Seat 1: eliška102 folded before Flop (didn't bet)
Seat 2: Lorpugo folded before Flop (didn't bet)
Seat 3: GENJD folded before Flop (didn't bet)
Seat 4: Ubersetzer (button) folded before Flop (didn't bet)
Seat 5: Reinvest83 (small blind) folded before Flop
Seat 6: Asmodeus DCLXVI (big blind) collected ($0.02)



PokerStars Hand #239467998430:  Hold'em No Limit ($0.01/$0.02 USD) - 2022/10/26 14:30:36 ET
Table 'Yrsa III' 6-max Seat #5 is the button
Seat 1: eliška102 ($1.27 in chips) 
Seat 2: Lorpugo ($2.24 in chips) 
Seat 3: GENJD ($2 in chips) 
Seat 4: Ubersetzer ($0.79 in chips) 
Seat 5: Reinvest83 ($3.90 in chips) 
Seat 6: Asmodeus DCLXVI ($0.81 in chips) 
Asmodeus DCLXVI: posts small blind $0.01
eliška102: posts big blind $0.02
*** HOLE CARDS ***
Dealt to Lorpugo [9h Jh]
Lorpugo: raises $0.02 to $0.04
GENJD: calls $0.04
Ubersetzer: folds 
Reinvest83: folds 
Asmodeus DCLXVI: folds 
eliška102: calls $0.02
*** FLOP *** [Ac 9s 5h]
eliška102: checks 
Lorpugo: checks 
GENJD: bets $0.13
eliška102: folds 
Lorpugo: calls $0.13
*** TURN *** [Ac 9s 5h] [6d]
Lorpugo: checks 
GENJD: checks 
*** RIVER *** [Ac 9s 5h 6d] [Kh]
Lorpugo: checks 
GENJD: checks 
*** SHOW DOWN ***
Lorpugo: shows [9h Jh] (a pair of Nines)
GENJD: mucks hand 
Lorpugo collected $0.38 from pot
*** SUMMARY ***
Total pot $0.39 | Rake $0.01 
Board [Ac 9s 5h 6d Kh]
Seat 1: eliška102 (big blind) folded on the Flop
Seat 2: Lorpugo showed [9h Jh] and won ($0.38) with a pair of Nines
Seat 3: GENJD mucked [Tc 9d]
Seat 4: Ubersetzer folded before Flop (didn't bet)
Seat 5: Reinvest83 (button) folded before Flop (didn't bet)
Seat 6: Asmodeus DCLXVI (small blind) folded before Flop



PokerStars Hand #239468015599:  Hold'em No Limit ($0.01/$0.02 USD) - 2022/10/26 14:31:22 ET
Table 'Yrsa III' 6-max Seat #6 is the button
Seat 1: eliška102 ($1.23 in chips) 
Seat 2: Lorpugo ($2.45 in chips) 
Seat 3: GENJD ($2 in chips) 
Seat 4: Ubersetzer ($0.79 in chips) 
Seat 5: Reinvest83 ($3.90 in chips) 
Seat 6: Asmodeus DCLXVI ($0.80 in chips) 
eliška102: posts small blind $0.01
Lorpugo: posts big blind $0.02
*** HOLE CARDS ***
Dealt to Lorpugo [9c Js]
GENJD: folds 
Ubersetzer: folds 
Reinvest83: raises $0.04 to $0.06
Asmodeus DCLXVI: folds 
eliška102: folds 
Lorpugo: calls $0.04
*** FLOP *** [Kd 3s Td]
Lorpugo: checks 
Reinvest83: bets $0.07
Lorpugo: folds 
Uncalled bet ($0.07) returned to Reinvest83
Reinvest83 collected $0.13 from pot
Reinvest83: doesn't show hand 
*** SUMMARY ***
Total pot $0.13 | Rake $0 
Board [Kd 3s Td]
Seat 1: eliška102 (small blind) folded before Flop
Seat 2: Lorpugo (big blind) folded on the Flop
Seat 3: GENJD folded before Flop (didn't bet)
Seat 4: Ubersetzer folded before Flop (didn't bet)
Seat 5: Reinvest83 collected ($0.13)
Seat 6: Asmodeus DCLXVI (button) folded before Flop (didn't bet)



PokerStars Hand #239468029802:  Hold'em No Limit ($0.01/$0.02 USD) - 2022/10/26 14:32:01 ET
Table 'Yrsa III' 6-max Seat #1 is the button
Seat 1: eliška102 ($1.22 in chips) 
Seat 2: Lorpugo ($2.39 in chips) 
Seat 3: GENJD ($2 in chips) 
Seat 4: Ubersetzer ($0.79 in chips) 
Seat 5: Reinvest83 ($3.97 in chips) 
Seat 6: Asmodeus DCLXVI ($0.80 in chips) 
Lorpugo: posts small blind $0.01
GENJD: posts big blind $0.02
*** HOLE CARDS ***
Dealt to Lorpugo [2d Td]
Ubersetzer: folds 
Reinvest83: raises $0.04 to $0.06
Asmodeus DCLXVI: folds 
eliška102: folds 
Lorpugo: folds 
GENJD: raises $0.18 to $0.24
Reinvest83: calls $0.18
*** FLOP *** [Ac 5s 8c]
GENJD: bets $0.47
Reinvest83: folds 
Uncalled bet ($0.47) returned to GENJD
GENJD collected $0.47 from pot
GENJD: doesn't show hand 
*** SUMMARY ***
Total pot $0.49 | Rake $0.02 
Board [Ac 5s 8c]
Seat 1: eliška102 (button) folded before Flop (didn't bet)
Seat 2: Lorpugo (small blind) folded before Flop
Seat 3: GENJD (big blind) collected ($0.47)
Seat 4: Ubersetzer folded before Flop (didn't bet)
Seat 5: Reinvest83 folded on the Flop
Seat 6: Asmodeus DCLXVI folded before Flop (didn't bet)



PokerStars Hand #239468039269:  Hold'em No Limit ($0.01/$0.02 USD) - 2022/10/26 14:32:27 ET
Table 'Yrsa III' 6-max Seat #2 is the button
Seat 1: eliška102 ($1.22 in chips) 
Seat 2: Lorpugo ($2.38 in chips) 
Seat 3: GENJD ($2.23 in chips) 
Seat 4: Ubersetzer ($0.79 in chips) 
Seat 5: Reinvest83 ($3.73 in chips) 
Seat 6: Asmodeus DCLXVI ($0.80 in chips) 
GENJD: posts small blind $0.01
Ubersetzer: posts big blind $0.02
*** HOLE CARDS ***
Dealt to Lorpugo [6h 6c]
Reinvest83: raises $0.04 to $0.06
Asmodeus DCLXVI: folds 
eliška102: folds 
Lorpugo: calls $0.06
GENJD: folds 
Ubersetzer: folds 
*** FLOP *** [Ts 9c Td]
Reinvest83: bets $0.07
Lorpugo: folds 
Uncalled bet ($0.07) returned to Reinvest83
Reinvest83 collected $0.14 from pot
Reinvest83: doesn't show hand 
*** SUMMARY ***
Total pot $0.15 | Rake $0.01 
Board [Ts 9c Td]
Seat 1: eliška102 folded before Flop (didn't bet)
Seat 2: Lorpugo (button) folded on the Flop
Seat 3: GENJD (small blind) folded before Flop
Seat 4: Ubersetzer (big blind) folded before Flop
Seat 5: Reinvest83 collected ($0.14)
Seat 6: Asmodeus DCLXVI folded before Flop (didn't bet)



PokerStars Hand #239468054900:  Hold'em No Limit ($0.01/$0.02 USD) - 2022/10/26 14:33:09 ET
Table 'Yrsa III' 6-max Seat #3 is the button
Seat 1: eliška102 ($1.22 in chips) 
Seat 2: Lorpugo ($2.32 in chips) 
Seat 3: GENJD ($2.22 in chips) 
Seat 4: Ubersetzer ($0.77 in chips) 
Seat 5: Reinvest83 ($3.81 in chips) 
Seat 6: Asmodeus DCLXVI ($0.80 in chips) 
Ubersetzer: posts small blind $0.01
Reinvest83: posts big blind $0.02
*** HOLE CARDS ***
Dealt to Lorpugo [Ts 7d]
Asmodeus DCLXVI: folds 
eliška102: folds 
Lorpugo: folds 
GENJD: raises $0.02 to $0.04
Ubersetzer: folds 
Reinvest83: calls $0.02
*** FLOP *** [3c Kd 4d]
Reinvest83: checks 
GENJD: checks 
*** TURN *** [3c Kd 4d] [7s]
Reinvest83: checks 
GENJD: bets $0.09
Reinvest83: folds 
Uncalled bet ($0.09) returned to GENJD
GENJD collected $0.09 from pot
GENJD: doesn't show hand 
*** SUMMARY ***
Total pot $0.09 | Rake $0 
Board [3c Kd 4d 7s]
Seat 1: eliška102 folded before Flop (didn't bet)
Seat 2: Lorpugo folded before Flop (didn't bet)
Seat 3: GENJD (button) collected ($0.09)
Seat 4: Ubersetzer (small blind) folded before Flop
Seat 5: Reinvest83 (big blind) folded on the Turn
Seat 6: Asmodeus DCLXVI folded before Flop (didn't bet)



PokerStars Hand #239468064955:  Hold'em No Limit ($0.01/$0.02 USD) - 2022/10/26 14:33:37 ET
Table 'Yrsa III' 6-max Seat #4 is the button
Seat 1: eliška102 ($1.22 in chips) 
Seat 2: Lorpugo ($2.32 in chips) 
Seat 3: GENJD ($2.27 in chips) 
Seat 4: Ubersetzer ($0.76 in chips) 
Seat 5: Reinvest83 ($3.77 in chips) 
Seat 6: Asmodeus DCLXVI ($0.80 in chips) 
Reinvest83: posts small blind $0.01
Asmodeus DCLXVI: posts big blind $0.02
*** HOLE CARDS ***
Dealt to Lorpugo [9h 2s]
eliška102: folds 
Lorpugo: folds 
GENJD: raises $0.02 to $0.04
Ubersetzer: calls $0.04
Reinvest83: calls $0.03
Asmodeus DCLXVI: raises $0.20 to $0.24
GENJD: folds 
Ubersetzer: folds 
Reinvest83: folds 
Uncalled bet ($0.20) returned to Asmodeus DCLXVI
Asmodeus DCLXVI collected $0.16 from pot
Asmodeus DCLXVI: doesn't show hand 
*** SUMMARY ***
Total pot $0.16 | Rake $0 
Seat 1: eliška102 folded before Flop (didn't bet)
Seat 2: Lorpugo folded before Flop (didn't bet)
Seat 3: GENJD folded before Flop
Seat 4: Ubersetzer (button) folded before Flop
Seat 5: Reinvest83 (small blind) folded before Flop
Seat 6: Asmodeus DCLXVI (big blind) collected ($0.16)



PokerStars Hand #239468076322:  Hold'em No Limit ($0.01/$0.02 USD) - 2022/10/26 14:34:08 ET
Table 'Yrsa III' 6-max Seat #5 is the button
Seat 1: eliška102 ($1.22 in chips) 
Seat 2: Lorpugo ($2.32 in chips) 
Seat 3: GENJD ($2.23 in chips) 
Seat 4: Ubersetzer ($0.72 in chips) 
Seat 5: Reinvest83 ($3.73 in chips) 
Seat 6: Asmodeus DCLXVI ($0.92 in chips) 
Asmodeus DCLXVI: posts small blind $0.01
eliška102: posts big blind $0.02
*** HOLE CARDS ***
Dealt to Lorpugo [7d 2h]
Lorpugo: folds 
GENJD: folds 
Ubersetzer: folds 
Reinvest83: folds 
Asmodeus DCLXVI: folds 
Uncalled bet ($0.01) returned to eliška102
eliška102 collected $0.02 from pot
*** SUMMARY ***
Total pot $0.02 | Rake $0 
Seat 1: eliška102 (big blind) collected ($0.02)
Seat 2: Lorpugo folded before Flop (didn't bet)
Seat 3: GENJD folded before Flop (didn't bet)
Seat 4: Ubersetzer folded before Flop (didn't bet)
Seat 5: Reinvest83 (button) folded before Flop (didn't bet)
Seat 6: Asmodeus DCLXVI (small blind) folded before Flop



PokerStars Hand #239468081469:  Hold'em No Limit ($0.01/$0.02 USD) - 2022/10/26 14:34:22 ET
Table 'Yrsa III' 6-max Seat #6 is the button
Seat 1: eliška102 ($1.23 in chips) 
Seat 2: Lorpugo ($2.32 in chips) 
Seat 3: GENJD ($2.23 in chips) 
Seat 4: Ubersetzer ($0.72 in chips) 
Seat 5: Reinvest83 ($3.73 in chips) 
Seat 6: Asmodeus DCLXVI ($0.91 in chips) 
eliška102: posts small blind $0.01
Lorpugo: posts big blind $0.02
*** HOLE CARDS ***
Dealt to Lorpugo [5h Qc]
GENJD: folds 
Ubersetzer: raises $0.04 to $0.06
Reinvest83: folds 
Asmodeus DCLXVI: folds 
eliška102: calls $0.05
Lorpugo: folds 
*** FLOP *** [4s 6d 3d]
eliška102: bets $0.06
Ubersetzer: folds 
Uncalled bet ($0.06) returned to eliška102
eliška102 collected $0.14 from pot
*** SUMMARY ***
Total pot $0.14 | Rake $0 
Board [4s 6d 3d]
Seat 1: eliška102 (small blind) collected ($0.14)
Seat 2: Lorpugo (big blind) folded before Flop
Seat 3: GENJD folded before Flop (didn't bet)
Seat 4: Ubersetzer folded on the Flop
Seat 5: Reinvest83 folded before Flop (didn't bet)
Seat 6: Asmodeus DCLXVI (button) folded before Flop (didn't bet)



PokerStars Hand #239468092119:  Hold'em No Limit ($0.01/$0.02 USD) - 2022/10/26 14:34:51 ET
Table 'Yrsa III' 6-max Seat #1 is the button
Seat 1: eliška102 ($1.31 in chips) 
Seat 2: Lorpugo ($2.30 in chips) 
Seat 3: GENJD ($2.23 in chips) 
Seat 4: Ubersetzer ($0.66 in chips) 
Seat 5: Reinvest83 ($3.73 in chips) 
Seat 6: Asmodeus DCLXVI ($0.91 in chips) 
Lorpugo: posts small blind $0.01
GENJD: posts big blind $0.02
*** HOLE CARDS ***
Dealt to Lorpugo [7c 6h]
Ubersetzer: folds 
Reinvest83: raises $0.04 to $0.06
Asmodeus DCLXVI: folds 
eliška102: folds 
Lorpugo: calls $0.05
GENJD: folds 
*** FLOP *** [8c 8d Jd]
Lorpugo: checks 
Reinvest83: checks 
*** TURN *** [8c 8d Jd] [5d]
Lorpugo: checks 
Reinvest83: bets $0.07
Lorpugo: calls $0.07
*** RIVER *** [8c 8d Jd 5d] [9d]
Lorpugo: checks 
Reinvest83: checks 
*** SHOW DOWN ***
Lorpugo: shows [7c 6h] (a straight, Five to Nine)
Reinvest83: shows [Td Qh] (a flush, Jack high)
Reinvest83 collected $0.27 from pot
*** SUMMARY ***
Total pot $0.28 | Rake $0.01 
Board [8c 8d Jd 5d 9d]
Seat 1: eliška102 (button) folded before Flop (didn't bet)
Seat 2: Lorpugo (small blind) showed [7c 6h] and lost with a straight, Five to Nine
Seat 3: GENJD (big blind) folded before Flop
Seat 4: Ubersetzer folded before Flop (didn't bet)
Seat 5: Reinvest83 showed [Td Qh] and won ($0.27) with a flush, Jack high
Seat 6: Asmodeus DCLXVI folded before Flop (didn't bet)



PokerStars Hand #239468108300:  Hold'em No Limit ($0.01/$0.02 USD) - 2022/10/26 14:35:35 ET
Table 'Yrsa III' 6-max Seat #2 is the button
Seat 1: eliška102 ($1.31 in chips) 
Seat 2: Lorpugo ($2.17 in chips) 
Seat 3: GENJD ($2.21 in chips) 
Seat 4: Ubersetzer ($0.66 in chips) 
Seat 5: Reinvest83 ($3.87 in chips) 
Seat 6: Asmodeus DCLXVI ($0.91 in chips) 
GENJD: posts small blind $0.01
Ubersetzer: posts big blind $0.02
*** HOLE CARDS ***
Dealt to Lorpugo [2h Js]
Reinvest83: folds 
Asmodeus DCLXVI: raises $0.04 to $0.06
eliška102: folds 
Lorpugo: folds 
GENJD: calls $0.05
Ubersetzer: folds 
*** FLOP *** [Th Tc 6c]
GENJD: checks 
Asmodeus DCLXVI: bets $0.07
GENJD: folds 
Uncalled bet ($0.07) returned to Asmodeus DCLXVI
Asmodeus DCLXVI collected $0.14 from pot
Asmodeus DCLXVI: doesn't show hand 
*** SUMMARY ***
Total pot $0.14 | Rake $0 
Board [Th Tc 6c]
Seat 1: eliška102 folded before Flop (didn't bet)
Seat 2: Lorpugo (button) folded before Flop (didn't bet)
Seat 3: GENJD (small blind) folded on the Flop
Seat 4: Ubersetzer (big blind) folded before Flop
Seat 5: Reinvest83 folded before Flop (didn't bet)
Seat 6: Asmodeus DCLXVI collected ($0.14)



PokerStars Hand #239468121060:  Hold'em No Limit ($0.01/$0.02 USD) - 2022/10/26 14:36:09 ET
Table 'Yrsa III' 6-max Seat #3 is the button
Seat 1: eliška102 ($1.31 in chips) 
Seat 2: Lorpugo ($2.17 in chips) 
Seat 3: GENJD ($2.15 in chips) 
Seat 4: Ubersetzer ($0.64 in chips) 
Seat 5: Reinvest83 ($3.87 in chips) 
Seat 6: Asmodeus DCLXVI ($0.99 in chips) 
Ubersetzer: posts small blind $0.01
Reinvest83: posts big blind $0.02
*** HOLE CARDS ***
Dealt to Lorpugo [Ad Jd]
Asmodeus DCLXVI: folds 
eliška102: folds 
Lorpugo: raises $0.04 to $0.06
GENJD: folds 
Ubersetzer: folds 
Reinvest83: folds 
Uncalled bet ($0.04) returned to Lorpugo
Lorpugo collected $0.05 from pot
Lorpugo: doesn't show hand 
*** SUMMARY ***
Total pot $0.05 | Rake $0 
Seat 1: eliška102 folded before Flop (didn't bet)
Seat 2: Lorpugo collected ($0.05)
Seat 3: GENJD (button) folded before Flop (didn't bet)
Seat 4: Ubersetzer (small blind) folded before Flop
Seat 5: Reinvest83 (big blind) folded before Flop
Seat 6: Asmodeus DCLXVI folded before Flop (didn't bet)



PokerStars Hand #239468128086:  Hold'em No Limit ($0.01/$0.02 USD) - 2022/10/26 14:36:28 ET
Table 'Yrsa III' 6-max Seat #4 is the button
Seat 1: eliška102 ($1.31 in chips) 
Seat 2: Lorpugo ($2.20 in chips) 
Seat 3: GENJD ($2.15 in chips) 
Seat 4: Ubersetzer ($0.63 in chips) 
Seat 5: Reinvest83 ($3.85 in chips) 
Seat 6: Asmodeus DCLXVI ($0.99 in chips) 
Reinvest83: posts small blind $0.01
Asmodeus DCLXVI: posts big blind $0.02
*** HOLE CARDS ***
Dealt to Lorpugo [8h Kd]
eliška102: folds 
Lorpugo: folds 
GENJD: folds 
Ubersetzer: folds 
Reinvest83: raises $0.04 to $0.06
Asmodeus DCLXVI: calls $0.04
*** FLOP *** [2h 4s Qs]
Reinvest83: bets $0.06
Asmodeus DCLXVI: raises $0.12 to $0.18
Reinvest83: calls $0.12
*** TURN *** [2h 4s Qs] [Jc]
Reinvest83: checks 
Asmodeus DCLXVI: checks 
*** RIVER *** [2h 4s Qs Jc] [6d]
Reinvest83: checks 
Asmodeus DCLXVI: checks 
*** SHOW DOWN ***
Reinvest83: shows [As 6s] (a pair of Sixes)
Asmodeus DCLXVI: mucks hand 
Reinvest83 collected $0.46 from pot
*** SUMMARY ***
Total pot $0.48 | Rake $0.02 
Board [2h 4s Qs Jc 6d]
Seat 1: eliška102 folded before Flop (didn't bet)
Seat 2: Lorpugo folded before Flop (didn't bet)
Seat 3: GENJD folded before Flop (didn't bet)
Seat 4: Ubersetzer (button) folded before Flop (didn't bet)
Seat 5: Reinvest83 (small blind) showed [As 6s] and won ($0.46) with a pair of Sixes
Seat 6: Asmodeus DCLXVI (big blind) mucked [8s Ks]



PokerStars Hand #239468163181:  Hold'em No Limit ($0.01/$0.02 USD) - 2022/10/26 14:38:02 ET
Table 'Yrsa III' 6-max Seat #5 is the button
Seat 1: eliška102 ($1.31 in chips) 
Seat 2: Lorpugo ($2.20 in chips) 
Seat 3: GENJD ($2.15 in chips) 
Seat 4: Ubersetzer ($0.63 in chips) 
Seat 5: Reinvest83 ($4.07 in chips) 
Seat 6: Asmodeus DCLXVI ($0.75 in chips) 
Asmodeus DCLXVI: posts small blind $0.01
eliška102: posts big blind $0.02
*** HOLE CARDS ***
Dealt to Lorpugo [6c 2h]
Lorpugo: folds 
GENJD: folds 
Ubersetzer: folds 
Reinvest83: folds 
Asmodeus DCLXVI: folds 
Uncalled bet ($0.01) returned to eliška102
eliška102 collected $0.02 from pot
*** SUMMARY ***
Total pot $0.02 | Rake $0 
Seat 1: eliška102 (big blind) collected ($0.02)
Seat 2: Lorpugo folded before Flop (didn't bet)
Seat 3: GENJD folded before Flop (didn't bet)
Seat 4: Ubersetzer folded before Flop (didn't bet)
Seat 5: Reinvest83 (button) folded before Flop (didn't bet)
Seat 6: Asmodeus DCLXVI (small blind) folded before Flop



PokerStars Hand #239468169113:  Hold'em No Limit ($0.01/$0.02 USD) - 2022/10/26 14:38:18 ET
Table 'Yrsa III' 6-max Seat #6 is the button
Seat 1: eliška102 ($1.32 in chips) 
Seat 2: Lorpugo ($2.20 in chips) 
Seat 3: GENJD ($2.15 in chips) 
Seat 4: Ubersetzer ($0.63 in chips) 
Seat 5: Reinvest83 ($4.07 in chips) 
Seat 6: Asmodeus DCLXVI ($0.74 in chips) 
eliška102: posts small blind $0.01
Lorpugo: posts big blind $0.02
*** HOLE CARDS ***
Dealt to Lorpugo [7d Qh]
GENJD: calls $0.02
Ubersetzer: folds 
Reinvest83: raises $0.04 to $0.06
Asmodeus DCLXVI: folds 
eliška102: folds 
Lorpugo: folds 
GENJD: calls $0.04
*** FLOP *** [2h 5s 8c]
GENJD: checks 
Reinvest83: bets $0.07
GENJD: calls $0.07
*** TURN *** [2h 5s 8c] [Jd]
GENJD: bets $0.28
Reinvest83: folds 
Uncalled bet ($0.28) returned to GENJD
GENJD collected $0.28 from pot
GENJD: doesn't show hand 
*** SUMMARY ***
Total pot $0.29 | Rake $0.01 
Board [2h 5s 8c Jd]
Seat 1: eliška102 (small blind) folded before Flop
Seat 2: Lorpugo (big blind) folded before Flop
Seat 3: GENJD collected ($0.28)
Seat 4: Ubersetzer folded before Flop (didn't bet)
Seat 5: Reinvest83 folded on the Turn
Seat 6: Asmodeus DCLXVI (button) folded before Flop (didn't bet)



PokerStars Hand #239468186863:  Hold'em No Limit ($0.01/$0.02 USD) - 2022/10/26 14:39:06 ET
Table 'Yrsa III' 6-max Seat #1 is the button
Seat 1: eliška102 ($1.31 in chips) 
Seat 2: Lorpugo ($2.18 in chips) 
Seat 3: GENJD ($2.30 in chips) 
Seat 4: Ubersetzer ($0.63 in chips) 
Seat 5: Reinvest83 ($3.94 in chips) 
Seat 6: Asmodeus DCLXVI ($0.74 in chips) 
Lorpugo: posts small blind $0.01
GENJD: posts big blind $0.02
*** HOLE CARDS ***
Dealt to Lorpugo [Kh 8c]
Ubersetzer: folds 
Reinvest83: folds 
Asmodeus DCLXVI: folds 
eliška102: folds 
Lorpugo: raises $0.04 to $0.06
GENJD: calls $0.04
*** FLOP *** [5s 7c Td]
Lorpugo: checks 
GENJD: checks 
*** TURN *** [5s 7c Td] [As]
Lorpugo: bets $0.06
GENJD: calls $0.06
*** RIVER *** [5s 7c Td As] [2c]
Lorpugo: checks 
GENJD: checks 
*** SHOW DOWN ***
Lorpugo: shows [Kh 8c] (high card Ace)
GENJD: mucks hand 
Lorpugo collected $0.23 from pot
*** SUMMARY ***
Total pot $0.24 | Rake $0.01 
Board [5s 7c Td As 2c]
Seat 1: eliška102 (button) folded before Flop (didn't bet)
Seat 2: Lorpugo (small blind) showed [Kh 8c] and won ($0.23) with high card Ace
Seat 3: GENJD (big blind) mucked [6s Ks]
Seat 4: Ubersetzer folded before Flop (didn't bet)
Seat 5: Reinvest83 folded before Flop (didn't bet)
Seat 6: Asmodeus DCLXVI folded before Flop (didn't bet)



PokerStars Hand #239468205134:  Hold'em No Limit ($0.01/$0.02 USD) - 2022/10/26 14:39:56 ET
Table 'Yrsa III' 6-max Seat #2 is the button
Seat 1: eliška102 ($1.31 in chips) 
Seat 2: Lorpugo ($2.29 in chips) 
Seat 3: GENJD ($2.18 in chips) 
Seat 4: Ubersetzer ($0.63 in chips) 
Seat 5: Reinvest83 ($3.94 in chips) 
Seat 6: Asmodeus DCLXVI ($0.74 in chips) 
GENJD: posts small blind $0.01
Ubersetzer: posts big blind $0.02
*** HOLE CARDS ***
Dealt to Lorpugo [7d Kd]
Reinvest83: raises $0.04 to $0.06
Asmodeus DCLXVI: folds 
eliška102: folds 
Lorpugo: calls $0.06
GENJD: calls $0.05
Ubersetzer: folds 
*** FLOP *** [Tc 9d 4s]
GENJD: checks 
Reinvest83: checks 
Lorpugo: checks 
*** TURN *** [Tc 9d 4s] [Ah]
GENJD: checks 
Reinvest83: checks 
Lorpugo: checks 
*** RIVER *** [Tc 9d 4s Ah] [3d]
GENJD: checks 
Reinvest83: checks 
Lorpugo: bets $2.23 and is all-in
GENJD: folds 
Reinvest83: folds 
Uncalled bet ($2.23) returned to Lorpugo
Lorpugo collected $0.19 from pot
Lorpugo: doesn't show hand 
*** SUMMARY ***
Total pot $0.20 | Rake $0.01 
Board [Tc 9d 4s Ah 3d]
Seat 1: eliška102 folded before Flop (didn't bet)
Seat 2: Lorpugo (button) collected ($0.19)
Seat 3: GENJD (small blind) folded on the River
Seat 4: Ubersetzer (big blind) folded before Flop
Seat 5: Reinvest83 folded on the River
Seat 6: Asmodeus DCLXVI folded before Flop (didn't bet)



