PokerStars Hand #239691171378:  Hold'em No Limit ($0.02/$0.05 USD) - 2022/11/06 12:43:34 ET
Table 'Veritas IV' 6-max Seat #4 is the button
Seat 1: VPyan ($5 in chips) 
Seat 2: uranus18 ($5.13 in chips) 
Seat 4: anzevolk ($7.90 in chips) 
Seat 5: FelipeBezz ($5.21 in chips) 
Seat 6: Lorpugo ($4 in chips) 
FelipeBezz: posts small blind $0.02
Lorpugo: posts big blind $0.05
*** HOLE CARDS ***
Dealt to Lorpugo [Ks 3d]
VPyan: folds 
uranus18: raises $0.07 to $0.12
anzevolk: folds 
FelipeBezz: folds 
Lorpugo: folds 
Uncalled bet ($0.07) returned to uranus18
uranus18 collected $0.12 from pot
uranus18: doesn't show hand 
*** SUMMARY ***
Total pot $0.12 | Rake $0 
Seat 1: VPyan folded before Flop (didn't bet)
Seat 2: uranus18 collected ($0.12)
Seat 4: anzevolk (button) folded before Flop (didn't bet)
Seat 5: FelipeBezz (small blind) folded before Flop
Seat 6: Lorpugo (big blind) folded before Flop



PokerStars Hand #239691180295:  Hold'em No Limit ($0.02/$0.05 USD) - 2022/11/06 12:43:53 ET
Table 'Veritas IV' 6-max Seat #5 is the button
Seat 1: VPyan ($5 in chips) 
Seat 2: uranus18 ($5.20 in chips) 
Seat 4: anzevolk ($7.90 in chips) 
Seat 5: FelipeBezz ($5.19 in chips) 
Seat 6: Lorpugo ($3.95 in chips) 
Lorpugo: posts small blind $0.02
VPyan: posts big blind $0.05
*** HOLE CARDS ***
Dealt to Lorpugo [2d Qh]
uranus18: folds 
anzevolk: folds 
FelipeBezz: folds 
Lorpugo: folds 
Uncalled bet ($0.03) returned to VPyan
VPyan collected $0.04 from pot
VPyan: doesn't show hand 
*** SUMMARY ***
Total pot $0.04 | Rake $0 
Seat 1: VPyan (big blind) collected ($0.04)
Seat 2: uranus18 folded before Flop (didn't bet)
Seat 4: anzevolk folded before Flop (didn't bet)
Seat 5: FelipeBezz (button) folded before Flop (didn't bet)
Seat 6: Lorpugo (small blind) folded before Flop



PokerStars Hand #239691185512:  Hold'em No Limit ($0.02/$0.05 USD) - 2022/11/06 12:44:04 ET
Table 'Veritas IV' 6-max Seat #6 is the button
Seat 1: VPyan ($5.02 in chips) 
Seat 2: uranus18 ($5.20 in chips) 
Seat 4: anzevolk ($7.90 in chips) 
Seat 5: FelipeBezz ($5.19 in chips) 
Seat 6: Lorpugo ($3.93 in chips) 
VPyan: posts small blind $0.02
uranus18: posts big blind $0.05
*** HOLE CARDS ***
Dealt to Lorpugo [4h Qd]
anzevolk: folds 
FelipeBezz: calls $0.05
Lorpugo: folds 
VPyan: folds 
uranus18: checks 
*** FLOP *** [3s 8h 7d]
uranus18: checks 
FelipeBezz: checks 
*** TURN *** [3s 8h 7d] [4s]
uranus18: checks 
FelipeBezz: checks 
*** RIVER *** [3s 8h 7d 4s] [Qh]
uranus18: checks 
FelipeBezz: checks 
*** SHOW DOWN ***
uranus18: shows [2d Jh] (high card Queen)
FelipeBezz: mucks hand 
uranus18 collected $0.12 from pot
*** SUMMARY ***
Total pot $0.12 | Rake $0 
Board [3s 8h 7d 4s Qh]
Seat 1: VPyan (small blind) folded before Flop
Seat 2: uranus18 (big blind) showed [2d Jh] and won ($0.12) with high card Queen
Seat 4: anzevolk folded before Flop (didn't bet)
Seat 5: FelipeBezz mucked [Tc 5c]
Seat 6: Lorpugo (button) folded before Flop (didn't bet)



PokerStars Hand #239691200501:  Hold'em No Limit ($0.02/$0.05 USD) - 2022/11/06 12:44:37 ET
Table 'Veritas IV' 6-max Seat #1 is the button
Seat 1: VPyan ($5 in chips) 
Seat 2: uranus18 ($5.27 in chips) 
Seat 4: anzevolk ($7.90 in chips) 
Seat 5: FelipeBezz ($5.14 in chips) 
Seat 6: Lorpugo ($3.93 in chips) 
uranus18: posts small blind $0.02
anzevolk: posts big blind $0.05
*** HOLE CARDS ***
Dealt to Lorpugo [3c 3h]
FelipeBezz: folds 
Lorpugo: raises $0.10 to $0.15
VPyan: folds 
uranus18: raises $0.45 to $0.60
anzevolk: folds 
Lorpugo: folds 
Uncalled bet ($0.45) returned to uranus18
uranus18 collected $0.35 from pot
uranus18: doesn't show hand 
*** SUMMARY ***
Total pot $0.35 | Rake $0 
Seat 1: VPyan (button) folded before Flop (didn't bet)
Seat 2: uranus18 (small blind) collected ($0.35)
Seat 4: anzevolk (big blind) folded before Flop
Seat 5: FelipeBezz folded before Flop (didn't bet)
Seat 6: Lorpugo folded before Flop



PokerStars Hand #239691211426:  Hold'em No Limit ($0.02/$0.05 USD) - 2022/11/06 12:45:00 ET
Table 'Veritas IV' 6-max Seat #2 is the button
Seat 1: VPyan ($5 in chips) 
Seat 2: uranus18 ($5.47 in chips) 
Seat 4: anzevolk ($7.85 in chips) 
Seat 5: FelipeBezz ($5.14 in chips) 
Seat 6: Lorpugo ($3.78 in chips) 
anzevolk: posts small blind $0.02
FelipeBezz: posts big blind $0.05
*** HOLE CARDS ***
Dealt to Lorpugo [6h 8h]
Lorpugo: folds 
VPyan: folds 
uranus18: raises $0.07 to $0.12
anzevolk: folds 
FelipeBezz: folds 
Uncalled bet ($0.07) returned to uranus18
uranus18 collected $0.12 from pot
uranus18: doesn't show hand 
*** SUMMARY ***
Total pot $0.12 | Rake $0 
Seat 1: VPyan folded before Flop (didn't bet)
Seat 2: uranus18 (button) collected ($0.12)
Seat 4: anzevolk (small blind) folded before Flop
Seat 5: FelipeBezz (big blind) folded before Flop
Seat 6: Lorpugo folded before Flop (didn't bet)



PokerStars Hand #239691216664:  Hold'em No Limit ($0.02/$0.05 USD) - 2022/11/06 12:45:11 ET
Table 'Veritas IV' 6-max Seat #4 is the button
Seat 1: VPyan ($5 in chips) 
Seat 2: uranus18 ($5.54 in chips) 
Seat 4: anzevolk ($7.83 in chips) 
Seat 5: FelipeBezz ($5.09 in chips) 
Seat 6: Lorpugo ($3.78 in chips) 
FelipeBezz: posts small blind $0.02
Lorpugo: posts big blind $0.05
*** HOLE CARDS ***
Dealt to Lorpugo [4c 6s]
VPyan: folds 
uranus18: raises $0.07 to $0.12
anzevolk: folds 
FelipeBezz: folds 
Lorpugo: folds 
Uncalled bet ($0.07) returned to uranus18
uranus18 collected $0.12 from pot
uranus18: doesn't show hand 
*** SUMMARY ***
Total pot $0.12 | Rake $0 
Seat 1: VPyan folded before Flop (didn't bet)
Seat 2: uranus18 collected ($0.12)
Seat 4: anzevolk (button) folded before Flop (didn't bet)
Seat 5: FelipeBezz (small blind) folded before Flop
Seat 6: Lorpugo (big blind) folded before Flop



PokerStars Hand #239691222550:  Hold'em No Limit ($0.02/$0.05 USD) - 2022/11/06 12:45:24 ET
Table 'Veritas IV' 6-max Seat #5 is the button
Seat 1: VPyan ($5 in chips) 
Seat 2: uranus18 ($5.61 in chips) 
Seat 4: anzevolk ($7.83 in chips) 
Seat 5: FelipeBezz ($5.07 in chips) 
Seat 6: Lorpugo ($3.73 in chips) 
Lorpugo: posts small blind $0.02
VPyan: posts big blind $0.05
*** HOLE CARDS ***
Dealt to Lorpugo [6c 7s]
uranus18: folds 
anzevolk: folds 
FelipeBezz: raises $0.15 to $0.20
Lorpugo: folds 
VPyan: folds 
Uncalled bet ($0.15) returned to FelipeBezz
FelipeBezz collected $0.12 from pot
FelipeBezz: doesn't show hand 
*** SUMMARY ***
Total pot $0.12 | Rake $0 
Seat 1: VPyan (big blind) folded before Flop
Seat 2: uranus18 folded before Flop (didn't bet)
Seat 4: anzevolk folded before Flop (didn't bet)
Seat 5: FelipeBezz (button) collected ($0.12)
Seat 6: Lorpugo (small blind) folded before Flop



PokerStars Hand #239691231872:  Hold'em No Limit ($0.02/$0.05 USD) - 2022/11/06 12:45:44 ET
Table 'Veritas IV' 6-max Seat #6 is the button
Seat 1: VPyan ($5 in chips) 
Seat 2: uranus18 ($5.61 in chips) 
Seat 4: anzevolk ($7.83 in chips) 
Seat 5: FelipeBezz ($5.14 in chips) 
Seat 6: Lorpugo ($3.71 in chips) 
VPyan: posts small blind $0.02
uranus18: posts big blind $0.05
*** HOLE CARDS ***
Dealt to Lorpugo [Ad Ks]
anzevolk: folds 
FelipeBezz: folds 
Lorpugo: raises $0.10 to $0.15
VPyan: calls $0.13
uranus18: folds 
*** FLOP *** [Kh Ac Qs]
VPyan: checks 
Lorpugo: bets $0.17
VPyan: calls $0.17
*** TURN *** [Kh Ac Qs] [7s]
VPyan: checks 
Lorpugo: bets $0.85
VPyan: folds 
Uncalled bet ($0.85) returned to Lorpugo
Lorpugo collected $0.66 from pot
Lorpugo: doesn't show hand 
*** SUMMARY ***
Total pot $0.69 | Rake $0.03 
Board [Kh Ac Qs 7s]
Seat 1: VPyan (small blind) folded on the Turn
Seat 2: uranus18 (big blind) folded before Flop
Seat 4: anzevolk folded before Flop (didn't bet)
Seat 5: FelipeBezz folded before Flop (didn't bet)
Seat 6: Lorpugo (button) collected ($0.66)



PokerStars Hand #239691254094:  Hold'em No Limit ($0.02/$0.05 USD) - 2022/11/06 12:46:32 ET
Table 'Veritas IV' 6-max Seat #1 is the button
Seat 1: VPyan ($5 in chips) 
Seat 2: uranus18 ($5.56 in chips) 
Seat 4: anzevolk ($7.83 in chips) 
Seat 5: FelipeBezz ($5.14 in chips) 
Seat 6: Lorpugo ($4.05 in chips) 
uranus18: posts small blind $0.02
anzevolk: posts big blind $0.05
*** HOLE CARDS ***
Dealt to Lorpugo [Jh Kc]
FelipeBezz: raises $0.12 to $0.17
Lorpugo: folds 
VPyan: calls $0.17
uranus18: folds 
anzevolk: folds 
*** FLOP *** [8c 3h 4d]
FelipeBezz: bets $0.39
VPyan: folds 
Uncalled bet ($0.39) returned to FelipeBezz
FelipeBezz collected $0.39 from pot
RickyMussell leaves the table
FelipeBezz: doesn't show hand 
*** SUMMARY ***
Total pot $0.41 | Rake $0.02 
Board [8c 3h 4d]
Seat 1: VPyan (button) folded on the Flop
Seat 2: uranus18 (small blind) folded before Flop
Seat 4: anzevolk (big blind) folded before Flop
Seat 5: FelipeBezz collected ($0.39)
Seat 6: Lorpugo folded before Flop (didn't bet)



PokerStars Hand #239691263094:  Hold'em No Limit ($0.02/$0.05 USD) - 2022/11/06 12:46:51 ET
Table 'Veritas IV' 6-max Seat #2 is the button
Seat 1: VPyan ($5 in chips) 
Seat 2: uranus18 ($5.54 in chips) 
Seat 4: anzevolk ($7.78 in chips) 
Seat 5: FelipeBezz ($5.36 in chips) 
Seat 6: Lorpugo ($4.05 in chips) 
anzevolk: posts small blind $0.02
FelipeBezz: posts big blind $0.05
*** HOLE CARDS ***
Dealt to Lorpugo [Jh 4d]
Lorpugo: folds 
VPyan: raises $0.10 to $0.15
marcofonseca.br joins the table at seat #3 
uranus18: folds 
anzevolk: folds 
FelipeBezz: calls $0.10
*** FLOP *** [Js 4s 5d]
FelipeBezz: checks 
VPyan: checks 
*** TURN *** [Js 4s 5d] [3h]
FelipeBezz: checks 
VPyan: bets $0.23
FelipeBezz: calls $0.23
*** RIVER *** [Js 4s 5d 3h] [Ts]
FelipeBezz: checks 
VPyan: checks 
*** SHOW DOWN ***
FelipeBezz: shows [6d Qd] (high card Queen)
VPyan: shows [Td 7d] (a pair of Tens)
VPyan collected $0.75 from pot
*** SUMMARY ***
Total pot $0.78 | Rake $0.03 
Board [Js 4s 5d 3h Ts]
Seat 1: VPyan showed [Td 7d] and won ($0.75) with a pair of Tens
Seat 2: uranus18 (button) folded before Flop (didn't bet)
Seat 4: anzevolk (small blind) folded before Flop
Seat 5: FelipeBezz (big blind) showed [6d Qd] and lost with high card Queen
Seat 6: Lorpugo folded before Flop (didn't bet)



PokerStars Hand #239691277214:  Hold'em No Limit ($0.02/$0.05 USD) - 2022/11/06 12:47:21 ET
Table 'Veritas IV' 6-max Seat #4 is the button
Seat 1: VPyan ($5.37 in chips) 
Seat 2: uranus18 ($5.54 in chips) 
Seat 4: anzevolk ($7.76 in chips) 
Seat 5: FelipeBezz ($4.98 in chips) 
Seat 6: Lorpugo ($4.05 in chips) 
FelipeBezz: posts small blind $0.02
Lorpugo: posts big blind $0.05
marcofonseca.br: sits out 
*** HOLE CARDS ***
Dealt to Lorpugo [Qs Jd]
VPyan: folds 
uranus18: folds 
anzevolk: folds 
FelipeBezz: folds 
Uncalled bet ($0.03) returned to Lorpugo
FelipeBezz leaves the table
Lorpugo collected $0.04 from pot
Lorpugo: doesn't show hand 
*** SUMMARY ***
Total pot $0.04 | Rake $0 
Seat 1: VPyan folded before Flop (didn't bet)
Seat 2: uranus18 folded before Flop (didn't bet)
Seat 4: anzevolk (button) folded before Flop (didn't bet)
Seat 5: FelipeBezz (small blind) folded before Flop
Seat 6: Lorpugo (big blind) collected ($0.04)



PokerStars Hand #239691282539:  Hold'em No Limit ($0.02/$0.05 USD) - 2022/11/06 12:47:33 ET
Table 'Veritas IV' 6-max Seat #6 is the button
Seat 1: VPyan ($5.37 in chips) 
Seat 2: uranus18 ($5.54 in chips) 
Seat 4: anzevolk ($7.76 in chips) 
Seat 6: Lorpugo ($4.07 in chips) 
VPyan: posts small blind $0.02
uranus18: posts big blind $0.05
marcofonseca.br: sits out 
*** HOLE CARDS ***
Dealt to Lorpugo [Qs 6d]
anzevolk: folds 
Lorpugo: folds 
VPyan: folds 
Uncalled bet ($0.03) returned to uranus18
uranus18 collected $0.04 from pot
uranus18: doesn't show hand 
*** SUMMARY ***
Total pot $0.04 | Rake $0 
Seat 1: VPyan (small blind) folded before Flop
Seat 2: uranus18 (big blind) collected ($0.04)
Seat 4: anzevolk folded before Flop (didn't bet)
Seat 6: Lorpugo (button) folded before Flop (didn't bet)



PokerStars Hand #239691285661:  Hold'em No Limit ($0.02/$0.05 USD) - 2022/11/06 12:47:40 ET
Table 'Veritas IV' 6-max Seat #1 is the button
Seat 1: VPyan ($5.35 in chips) 
Seat 2: uranus18 ($5.56 in chips) 
Seat 4: anzevolk ($7.76 in chips) 
Seat 6: Lorpugo ($4.07 in chips) 
uranus18: posts small blind $0.02
marcofonseca.br: is sitting out 
anzevolk: posts big blind $0.05
*** HOLE CARDS ***
Dealt to Lorpugo [7d 4c]
Lorpugo: folds 
VPyan: raises $0.07 to $0.12
uranus18: folds 
anzevolk: folds 
Uncalled bet ($0.07) returned to VPyan
EduardEst321 joins the table at seat #5 
VPyan collected $0.12 from pot
VPyan: doesn't show hand 
*** SUMMARY ***
Total pot $0.12 | Rake $0 
Seat 1: VPyan (button) collected ($0.12)
Seat 2: uranus18 (small blind) folded before Flop
Seat 4: anzevolk (big blind) folded before Flop
Seat 6: Lorpugo folded before Flop (didn't bet)



PokerStars Hand #239691291685:  Hold'em No Limit ($0.02/$0.05 USD) - 2022/11/06 12:47:53 ET
Table 'Veritas IV' 6-max Seat #2 is the button
Seat 1: VPyan ($5.42 in chips) 
Seat 2: uranus18 ($5.54 in chips) 
Seat 4: anzevolk ($7.71 in chips) 
Seat 5: EduardEst321 ($2.37 in chips) 
Seat 6: Lorpugo ($4.07 in chips) 
anzevolk: posts small blind $0.02
EduardEst321: posts big blind $0.05
*** HOLE CARDS ***
Dealt to Lorpugo [7d Jc]
Lorpugo: folds 
VPyan: folds 
uranus18: folds 
anzevolk: raises $0.06 to $0.11
EduardEst321: folds 
Uncalled bet ($0.06) returned to anzevolk
anzevolk collected $0.10 from pot
anzevolk: doesn't show hand 
*** SUMMARY ***
Total pot $0.10 | Rake $0 
Seat 1: VPyan folded before Flop (didn't bet)
Seat 2: uranus18 (button) folded before Flop (didn't bet)
Seat 4: anzevolk (small blind) collected ($0.10)
Seat 5: EduardEst321 (big blind) folded before Flop
Seat 6: Lorpugo folded before Flop (didn't bet)



PokerStars Hand #239691296384:  Hold'em No Limit ($0.02/$0.05 USD) - 2022/11/06 12:48:03 ET
Table 'Veritas IV' 6-max Seat #4 is the button
Seat 1: VPyan ($5.42 in chips) 
Seat 2: uranus18 ($5.54 in chips) 
Seat 4: anzevolk ($7.76 in chips) 
Seat 5: EduardEst321 ($2.32 in chips) 
Seat 6: Lorpugo ($4.07 in chips) 
EduardEst321: posts small blind $0.02
Lorpugo: posts big blind $0.05
*** HOLE CARDS ***
Dealt to Lorpugo [6c Ad]
VPyan: folds 
uranus18: folds 
anzevolk: folds 
EduardEst321: folds 
Uncalled bet ($0.03) returned to Lorpugo
Lorpugo collected $0.04 from pot
Lorpugo: doesn't show hand 
*** SUMMARY ***
Total pot $0.04 | Rake $0 
Seat 1: VPyan folded before Flop (didn't bet)
Seat 2: uranus18 folded before Flop (didn't bet)
Seat 4: anzevolk (button) folded before Flop (didn't bet)
Seat 5: EduardEst321 (small blind) folded before Flop
Seat 6: Lorpugo (big blind) collected ($0.04)



PokerStars Hand #239691299559:  Hold'em No Limit ($0.02/$0.05 USD) - 2022/11/06 12:48:10 ET
Table 'Veritas IV' 6-max Seat #5 is the button
Seat 1: VPyan ($5.42 in chips) 
Seat 2: uranus18 ($5.54 in chips) 
Seat 4: anzevolk ($7.76 in chips) 
Seat 5: EduardEst321 ($2.30 in chips) 
Seat 6: Lorpugo ($4.09 in chips) 
Lorpugo: posts small blind $0.02
VPyan: posts big blind $0.05
*** HOLE CARDS ***
Dealt to Lorpugo [5d 2c]
uranus18: folds 
anzevolk: folds 
EduardEst321: folds 
marcofonseca.br leaves the table
Lorpugo: folds 
Uncalled bet ($0.03) returned to VPyan
VPyan collected $0.04 from pot
VPyan: doesn't show hand 
*** SUMMARY ***
Total pot $0.04 | Rake $0 
Seat 1: VPyan (big blind) collected ($0.04)
Seat 2: uranus18 folded before Flop (didn't bet)
Seat 4: anzevolk folded before Flop (didn't bet)
Seat 5: EduardEst321 (button) folded before Flop (didn't bet)
Seat 6: Lorpugo (small blind) folded before Flop



PokerStars Hand #239691303268:  Hold'em No Limit ($0.02/$0.05 USD) - 2022/11/06 12:48:18 ET
Table 'Veritas IV' 6-max Seat #6 is the button
Seat 1: VPyan ($5.44 in chips) 
Seat 2: uranus18 ($5.54 in chips) 
Seat 4: anzevolk ($7.76 in chips) 
Seat 5: EduardEst321 ($2.30 in chips) 
Seat 6: Lorpugo ($4.07 in chips) 
VPyan: posts small blind $0.02
uranus18: posts big blind $0.05
*** HOLE CARDS ***
Dealt to Lorpugo [5h Th]
anzevolk: folds 
EduardEst321: folds 
Lorpugo: folds 
VPyan: folds 
Uncalled bet ($0.03) returned to uranus18
uranus18 collected $0.04 from pot
uranus18: doesn't show hand 
*** SUMMARY ***
Total pot $0.04 | Rake $0 
Seat 1: VPyan (small blind) folded before Flop
Seat 2: uranus18 (big blind) collected ($0.04)
Seat 4: anzevolk folded before Flop (didn't bet)
Seat 5: EduardEst321 folded before Flop (didn't bet)
Seat 6: Lorpugo (button) folded before Flop (didn't bet)



PokerStars Hand #239691307278:  Hold'em No Limit ($0.02/$0.05 USD) - 2022/11/06 12:48:27 ET
Table 'Veritas IV' 6-max Seat #1 is the button
Seat 1: VPyan ($5.42 in chips) 
Seat 2: uranus18 ($5.56 in chips) 
Seat 4: anzevolk ($7.76 in chips) 
Seat 5: EduardEst321 ($2.30 in chips) 
Seat 6: Lorpugo ($4.07 in chips) 
uranus18: posts small blind $0.02
anzevolk: posts big blind $0.05
*** HOLE CARDS ***
Dealt to Lorpugo [8c Ts]
EduardEst321: raises $0.20 to $0.25
Lorpugo: folds 
mcGrosero joins the table at seat #3 
VPyan: calls $0.25
uranus18: folds 
anzevolk: folds 
*** FLOP *** [Jc Ks 2c]
EduardEst321: checks 
VPyan: checks 
*** TURN *** [Jc Ks 2c] [Qs]
EduardEst321: checks 
VPyan: checks 
*** RIVER *** [Jc Ks 2c Qs] [6h]
EduardEst321: bets $0.30
VPyan: calls $0.30
*** SHOW DOWN ***
EduardEst321: shows [Ac 4s] (high card Ace)
VPyan: shows [7h 7s] (a pair of Sevens)
VPyan collected $1.12 from pot
*** SUMMARY ***
Total pot $1.17 | Rake $0.05 
Board [Jc Ks 2c Qs 6h]
Seat 1: VPyan (button) showed [7h 7s] and won ($1.12) with a pair of Sevens
Seat 2: uranus18 (small blind) folded before Flop
Seat 4: anzevolk (big blind) folded before Flop
Seat 5: EduardEst321 showed [Ac 4s] and lost with high card Ace
Seat 6: Lorpugo folded before Flop (didn't bet)



PokerStars Hand #239691326029:  Hold'em No Limit ($0.02/$0.05 USD) - 2022/11/06 12:49:07 ET
Table 'Veritas IV' 6-max Seat #2 is the button
Seat 1: VPyan ($5.99 in chips) 
Seat 2: uranus18 ($5.54 in chips) 
Seat 4: anzevolk ($7.71 in chips) 
Seat 5: EduardEst321 ($1.75 in chips) 
Seat 6: Lorpugo ($4.07 in chips) 
anzevolk: posts small blind $0.02
EduardEst321: posts big blind $0.05
*** HOLE CARDS ***
Dealt to Lorpugo [Ah 4c]
Lorpugo: folds 
VPyan: folds 
uranus18: folds 
anzevolk: folds 
Uncalled bet ($0.03) returned to EduardEst321
EduardEst321 collected $0.04 from pot
*** SUMMARY ***
Total pot $0.04 | Rake $0 
Seat 1: VPyan folded before Flop (didn't bet)
Seat 2: uranus18 (button) folded before Flop (didn't bet)
Seat 4: anzevolk (small blind) folded before Flop
Seat 5: EduardEst321 (big blind) collected ($0.04)
Seat 6: Lorpugo folded before Flop (didn't bet)



PokerStars Hand #239691329433:  Hold'em No Limit ($0.02/$0.05 USD) - 2022/11/06 12:49:15 ET
Table 'Veritas IV' 6-max Seat #4 is the button
Seat 1: VPyan ($5.99 in chips) 
Seat 2: uranus18 ($5.54 in chips) 
Seat 4: anzevolk ($7.69 in chips) 
Seat 5: EduardEst321 ($1.77 in chips) 
Seat 6: Lorpugo ($4.07 in chips) 
EduardEst321: posts small blind $0.02
Lorpugo: posts big blind $0.05
mcGrosero: sits out 
*** HOLE CARDS ***
Dealt to Lorpugo [8s 4s]
VPyan: raises $0.12 to $0.17
uranus18: folds 
anzevolk: raises $0.31 to $0.48
EduardEst321: calls $0.46
Lorpugo: folds 
VPyan: raises $5.51 to $5.99 and is all-in
anzevolk: raises $1.70 to $7.69 and is all-in
EduardEst321: calls $1.29 and is all-in
Uncalled bet ($1.70) returned to anzevolk
*** FLOP *** [9c Th 7d]
*** TURN *** [9c Th 7d] [Qs]
*** RIVER *** [9c Th 7d Qs] [9s]
*** SHOW DOWN ***
VPyan: shows [Ad Ah] (two pair, Aces and Nines)
anzevolk: shows [Kc Kh] (two pair, Kings and Nines)
EduardEst321: shows [7h 9d] (a full house, Nines full of Sevens)
VPyan cashed out the hand for $9.90 | Cash Out Fee $0.10
EduardEst321 cashed out the hand for $0.80 | Cash Out Fee $0.01
*** SUMMARY ***
Total pot $13.80 Main pot $5.14. Side pot $8.09. | Rake $0.57 
Board [9c Th 7d Qs 9s]
Seat 1: VPyan showed [Ad Ah] and won ($8.09) with two pair, Aces and Nines (pot not awarded as player cashed out)
Seat 2: uranus18 folded before Flop (didn't bet)
Seat 4: anzevolk (button) showed [Kc Kh] and lost with two pair, Kings and Nines
Seat 5: EduardEst321 (small blind) showed [7h 9d] and won ($5.14) with a full house, Nines full of Sevens (pot not awarded as player cashed out)
Seat 6: Lorpugo (big blind) folded before Flop



PokerStars Hand #239691344839:  Hold'em No Limit ($0.02/$0.05 USD) - 2022/11/06 12:49:48 ET
Table 'Veritas IV' 6-max Seat #5 is the button
Seat 1: VPyan ($9.90 in chips) 
Seat 2: uranus18 ($5.54 in chips) 
Seat 4: anzevolk ($2.55 in chips) 
Seat 5: EduardEst321 ($0.80 in chips) 
Seat 6: Lorpugo ($4.02 in chips) 
Lorpugo: posts small blind $0.02
VPyan: posts big blind $0.05
mcGrosero: sits out 
*** HOLE CARDS ***
Dealt to Lorpugo [Js 6c]
uranus18: raises $0.07 to $0.12
anzevolk: folds 
EduardEst321: folds 
Lorpugo: folds 
VPyan: calls $0.07
*** FLOP *** [8c 9d Jc]
VPyan: checks 
uranus18: bets $0.13
VPyan: calls $0.13
*** TURN *** [8c 9d Jc] [5c]
VPyan: checks 
uranus18: checks 
*** RIVER *** [8c 9d Jc 5c] [Ac]
VPyan: checks 
uranus18: checks 
*** SHOW DOWN ***
VPyan: shows [As Qh] (a pair of Aces)
uranus18: mucks hand 
VPyan collected $0.50 from pot
*** SUMMARY ***
Total pot $0.52 | Rake $0.02 
Board [8c 9d Jc 5c Ac]
Seat 1: VPyan (big blind) showed [As Qh] and won ($0.50) with a pair of Aces
Seat 2: uranus18 mucked [Kh Qd]
Seat 4: anzevolk folded before Flop (didn't bet)
Seat 5: EduardEst321 (button) folded before Flop (didn't bet)
Seat 6: Lorpugo (small blind) folded before Flop



PokerStars Hand #239691373471:  Hold'em No Limit ($0.02/$0.05 USD) - 2022/11/06 12:50:51 ET
Table 'Veritas IV' 6-max Seat #6 is the button
Seat 1: VPyan ($10.15 in chips) 
Seat 2: uranus18 ($5.29 in chips) 
Seat 4: anzevolk ($2.55 in chips) 
Seat 5: EduardEst321 ($0.80 in chips) 
Seat 6: Lorpugo ($4 in chips) 
VPyan: posts small blind $0.02
uranus18: posts big blind $0.05
mcGrosero: sits out 
*** HOLE CARDS ***
Dealt to Lorpugo [4h Td]
anzevolk: folds 
EduardEst321: folds 
Lorpugo: folds 
VPyan: folds 
Uncalled bet ($0.03) returned to uranus18
uranus18 collected $0.04 from pot
uranus18: doesn't show hand 
*** SUMMARY ***
Total pot $0.04 | Rake $0 
Seat 1: VPyan (small blind) folded before Flop
Seat 2: uranus18 (big blind) collected ($0.04)
Seat 4: anzevolk folded before Flop (didn't bet)
Seat 5: EduardEst321 folded before Flop (didn't bet)
Seat 6: Lorpugo (button) folded before Flop (didn't bet)



PokerStars Hand #239691377435:  Hold'em No Limit ($0.02/$0.05 USD) - 2022/11/06 12:51:00 ET
Table 'Veritas IV' 6-max Seat #1 is the button
Seat 1: VPyan ($10.13 in chips) 
Seat 2: uranus18 ($5.31 in chips) 
Seat 3: mcGrosero ($5 in chips) 
Seat 4: anzevolk ($2.55 in chips) 
Seat 5: EduardEst321 ($0.80 in chips) 
Seat 6: Lorpugo ($4 in chips) 
uranus18: posts small blind $0.02
mcGrosero: posts big blind $0.05
*** HOLE CARDS ***
Dealt to Lorpugo [8c 2d]
anzevolk: folds 
EduardEst321: raises $0.20 to $0.25
Lorpugo: folds 
VPyan: folds 
uranus18: folds 
mcGrosero: folds 
Uncalled bet ($0.20) returned to EduardEst321
EduardEst321 collected $0.12 from pot
*** SUMMARY ***
Total pot $0.12 | Rake $0 
Seat 1: VPyan (button) folded before Flop (didn't bet)
Seat 2: uranus18 (small blind) folded before Flop
Seat 3: mcGrosero (big blind) folded before Flop
Seat 4: anzevolk folded before Flop (didn't bet)
Seat 5: EduardEst321 collected ($0.12)
Seat 6: Lorpugo folded before Flop (didn't bet)



PokerStars Hand #239691382429:  Hold'em No Limit ($0.02/$0.05 USD) - 2022/11/06 12:51:11 ET
Table 'Veritas IV' 6-max Seat #2 is the button
Seat 1: VPyan ($10.13 in chips) 
Seat 2: uranus18 ($5.29 in chips) 
Seat 3: mcGrosero ($5 in chips) 
Seat 4: anzevolk ($2.55 in chips) 
Seat 5: EduardEst321 ($0.87 in chips) 
Seat 6: Lorpugo ($4 in chips) 
mcGrosero: posts small blind $0.02
anzevolk: posts big blind $0.05
*** HOLE CARDS ***
Dealt to Lorpugo [6c 7h]
EduardEst321: raises $0.82 to $0.87 and is all-in
Lorpugo: folds 
VPyan: folds 
uranus18: folds 
mcGrosero: folds 
anzevolk: calls $0.82
*** FLOP *** [2s 4h 9d]
*** TURN *** [2s 4h 9d] [4c]
*** RIVER *** [2s 4h 9d 4c] [3d]
*** SHOW DOWN ***
anzevolk: shows [Jd 9h] (two pair, Nines and Fours)
EduardEst321: shows [6h Ac] (a pair of Fours)
anzevolk collected $1.69 from pot
*** SUMMARY ***
Total pot $1.76 | Rake $0.07 
Board [2s 4h 9d 4c 3d]
Seat 1: VPyan folded before Flop (didn't bet)
Seat 2: uranus18 (button) folded before Flop (didn't bet)
Seat 3: mcGrosero (small blind) folded before Flop
Seat 4: anzevolk (big blind) showed [Jd 9h] and won ($1.69) with two pair, Nines and Fours
Seat 5: EduardEst321 showed [6h Ac] and lost with a pair of Fours
Seat 6: Lorpugo folded before Flop (didn't bet)



PokerStars Hand #239691395152:  Hold'em No Limit ($0.02/$0.05 USD) - 2022/11/06 12:51:39 ET
Table 'Veritas IV' 6-max Seat #3 is the button
Seat 1: VPyan ($10.13 in chips) 
Seat 2: uranus18 ($5.29 in chips) 
Seat 3: mcGrosero ($5 in chips) 
Seat 4: anzevolk ($3.37 in chips) 
Seat 6: Lorpugo ($4 in chips) 
anzevolk: posts small blind $0.02
Lorpugo: posts big blind $0.05
*** HOLE CARDS ***
Dealt to Lorpugo [9s 2c]
VPyan: folds 
EduardEst321 leaves the table
uranus18: folds 
LAKSHME joins the table at seat #5 
mcGrosero: folds 
anzevolk: folds 
Uncalled bet ($0.03) returned to Lorpugo
Lorpugo collected $0.04 from pot
Lorpugo: doesn't show hand 
*** SUMMARY ***
Total pot $0.04 | Rake $0 
Seat 1: VPyan folded before Flop (didn't bet)
Seat 2: uranus18 folded before Flop (didn't bet)
Seat 3: mcGrosero (button) folded before Flop (didn't bet)
Seat 4: anzevolk (small blind) folded before Flop
Seat 6: Lorpugo (big blind) collected ($0.04)



PokerStars Hand #239691401453:  Hold'em No Limit ($0.02/$0.05 USD) - 2022/11/06 12:51:53 ET
Table 'Veritas IV' 6-max Seat #4 is the button
Seat 1: VPyan ($10.13 in chips) 
Seat 2: uranus18 ($5.29 in chips) 
Seat 3: mcGrosero ($5 in chips) 
Seat 4: anzevolk ($3.35 in chips) 
Seat 6: Lorpugo ($4.02 in chips) 
Lorpugo: posts small blind $0.02
VPyan: posts big blind $0.05
*** HOLE CARDS ***
Dealt to Lorpugo [8d Kh]
uranus18: folds 
mcGrosero: raises $0.10 to $0.15
anzevolk: folds 
Lorpugo: folds 
VPyan: folds 
Uncalled bet ($0.10) returned to mcGrosero
mcGrosero collected $0.12 from pot
*** SUMMARY ***
Total pot $0.12 | Rake $0 
Seat 1: VPyan (big blind) folded before Flop
Seat 2: uranus18 folded before Flop (didn't bet)
Seat 3: mcGrosero collected ($0.12)
Seat 4: anzevolk (button) folded before Flop (didn't bet)
Seat 6: Lorpugo (small blind) folded before Flop



PokerStars Hand #239691406568:  Hold'em No Limit ($0.02/$0.05 USD) - 2022/11/06 12:52:04 ET
Table 'Veritas IV' 6-max Seat #6 is the button
Seat 1: VPyan ($10.08 in chips) 
Seat 2: uranus18 ($5.29 in chips) 
Seat 3: mcGrosero ($5.07 in chips) 
Seat 4: anzevolk ($3.35 in chips) 
Seat 6: Lorpugo ($4 in chips) 
VPyan: posts small blind $0.02
uranus18: posts big blind $0.05
LAKSHME: sits out 
*** HOLE CARDS ***
Dealt to Lorpugo [Jh 7c]
mcGrosero: folds 
anzevolk: folds 
Lorpugo: folds 
VPyan: raises $0.10 to $0.15
uranus18: folds 
Uncalled bet ($0.10) returned to VPyan
VPyan collected $0.10 from pot
VPyan: doesn't show hand 
*** SUMMARY ***
Total pot $0.10 | Rake $0 
Seat 1: VPyan (small blind) collected ($0.10)
Seat 2: uranus18 (big blind) folded before Flop
Seat 3: mcGrosero folded before Flop (didn't bet)
Seat 4: anzevolk folded before Flop (didn't bet)
Seat 6: Lorpugo (button) folded before Flop (didn't bet)



PokerStars Hand #239691413165:  Hold'em No Limit ($0.02/$0.05 USD) - 2022/11/06 12:52:19 ET
Table 'Veritas IV' 6-max Seat #1 is the button
Seat 1: VPyan ($10.13 in chips) 
Seat 2: uranus18 ($5.24 in chips) 
Seat 3: mcGrosero ($5.07 in chips) 
Seat 4: anzevolk ($3.35 in chips) 
Seat 6: Lorpugo ($4 in chips) 
uranus18: posts small blind $0.02
mcGrosero: posts big blind $0.05
LAKSHME: sits out 
*** HOLE CARDS ***
Dealt to Lorpugo [Jc 6h]
anzevolk: raises $0.10 to $0.15
Lorpugo: folds 
VPyan: calls $0.15
uranus18: folds 
mcGrosero: folds 
*** FLOP *** [Ah 4d 9h]
anzevolk: bets $0.18
VPyan: folds 
Uncalled bet ($0.18) returned to anzevolk
anzevolk collected $0.35 from pot
anzevolk: doesn't show hand 
*** SUMMARY ***
Total pot $0.37 | Rake $0.02 
Board [Ah 4d 9h]
Seat 1: VPyan (button) folded on the Flop
Seat 2: uranus18 (small blind) folded before Flop
Seat 3: mcGrosero (big blind) folded before Flop
Seat 4: anzevolk collected ($0.35)
Seat 6: Lorpugo folded before Flop (didn't bet)



PokerStars Hand #239691424461:  Hold'em No Limit ($0.02/$0.05 USD) - 2022/11/06 12:52:44 ET
Table 'Veritas IV' 6-max Seat #2 is the button
Seat 1: VPyan ($9.98 in chips) 
Seat 2: uranus18 ($5.22 in chips) 
Seat 3: mcGrosero ($5.02 in chips) 
Seat 4: anzevolk ($3.55 in chips) 
Seat 6: Lorpugo ($4 in chips) 
mcGrosero: posts small blind $0.02
anzevolk: posts big blind $0.05
LAKSHME: sits out 
*** HOLE CARDS ***
Dealt to Lorpugo [2d 4d]
Lorpugo: folds 
VPyan: folds 
uranus18: raises $0.07 to $0.12
mcGrosero: folds 
anzevolk: folds 
Uncalled bet ($0.07) returned to uranus18
uranus18 collected $0.12 from pot
uranus18: doesn't show hand 
*** SUMMARY ***
Total pot $0.12 | Rake $0 
Seat 1: VPyan folded before Flop (didn't bet)
Seat 2: uranus18 (button) collected ($0.12)
Seat 3: mcGrosero (small blind) folded before Flop
Seat 4: anzevolk (big blind) folded before Flop
Seat 6: Lorpugo folded before Flop (didn't bet)



PokerStars Hand #239691430308:  Hold'em No Limit ($0.02/$0.05 USD) - 2022/11/06 12:52:57 ET
Table 'Veritas IV' 6-max Seat #3 is the button
Seat 1: VPyan ($9.98 in chips) 
Seat 2: uranus18 ($5.29 in chips) 
Seat 3: mcGrosero ($5 in chips) 
Seat 4: anzevolk ($3.50 in chips) 
Seat 5: LAKSHME ($5 in chips) 
Seat 6: Lorpugo ($4 in chips) 
anzevolk: posts small blind $0.02
LAKSHME: posts big blind $0.05
*** HOLE CARDS ***
Dealt to Lorpugo [8c Kh]
Lorpugo: folds 
VPyan: folds 
uranus18: folds 
mcGrosero: raises $0.07 to $0.12
anzevolk: folds 
LAKSHME: folds 
Uncalled bet ($0.07) returned to mcGrosero
mcGrosero collected $0.12 from pot
*** SUMMARY ***
Total pot $0.12 | Rake $0 
Seat 1: VPyan folded before Flop (didn't bet)
Seat 2: uranus18 folded before Flop (didn't bet)
Seat 3: mcGrosero (button) collected ($0.12)
Seat 4: anzevolk (small blind) folded before Flop
Seat 5: LAKSHME (big blind) folded before Flop
Seat 6: Lorpugo folded before Flop (didn't bet)



PokerStars Hand #239691437033:  Hold'em No Limit ($0.02/$0.05 USD) - 2022/11/06 12:53:11 ET
Table 'Veritas IV' 6-max Seat #4 is the button
Seat 1: VPyan ($9.98 in chips) 
Seat 2: uranus18 ($5.29 in chips) 
Seat 3: mcGrosero ($5.07 in chips) 
Seat 4: anzevolk ($3.48 in chips) 
Seat 5: LAKSHME ($4.95 in chips) 
Seat 6: Lorpugo ($4 in chips) 
LAKSHME: posts small blind $0.02
Lorpugo: posts big blind $0.05
*** HOLE CARDS ***
Dealt to Lorpugo [4s Ac]
VPyan: folds 
uranus18: folds 
mcGrosero: folds 
anzevolk: folds 
LAKSHME: folds 
Uncalled bet ($0.03) returned to Lorpugo
Lorpugo collected $0.04 from pot
Lorpugo: doesn't show hand 
*** SUMMARY ***
Total pot $0.04 | Rake $0 
Seat 1: VPyan folded before Flop (didn't bet)
Seat 2: uranus18 folded before Flop (didn't bet)
Seat 3: mcGrosero folded before Flop (didn't bet)
Seat 4: anzevolk (button) folded before Flop (didn't bet)
Seat 5: LAKSHME (small blind) folded before Flop
Seat 6: Lorpugo (big blind) collected ($0.04)



PokerStars Hand #239691441215:  Hold'em No Limit ($0.02/$0.05 USD) - 2022/11/06 12:53:21 ET
Table 'Veritas IV' 6-max Seat #5 is the button
Seat 1: VPyan ($9.98 in chips) 
Seat 2: uranus18 ($5.29 in chips) 
Seat 3: mcGrosero ($5.07 in chips) 
Seat 4: anzevolk ($3.48 in chips) 
Seat 5: LAKSHME ($4.93 in chips) 
Seat 6: Lorpugo ($4.02 in chips) 
Lorpugo: posts small blind $0.02
VPyan: posts big blind $0.05
*** HOLE CARDS ***
Dealt to Lorpugo [4h Qc]
uranus18: raises $0.07 to $0.12
mcGrosero: raises $0.18 to $0.30
anzevolk: folds 
LAKSHME: folds 
Lorpugo: folds 
VPyan: folds 
uranus18: folds 
Uncalled bet ($0.18) returned to mcGrosero
mcGrosero collected $0.31 from pot
*** SUMMARY ***
Total pot $0.31 | Rake $0 
Seat 1: VPyan (big blind) folded before Flop
Seat 2: uranus18 folded before Flop
Seat 3: mcGrosero collected ($0.31)
Seat 4: anzevolk folded before Flop (didn't bet)
Seat 5: LAKSHME (button) folded before Flop (didn't bet)
Seat 6: Lorpugo (small blind) folded before Flop



PokerStars Hand #239691458492:  Hold'em No Limit ($0.02/$0.05 USD) - 2022/11/06 12:53:59 ET
Table 'Veritas IV' 6-max Seat #6 is the button
Seat 1: VPyan ($9.93 in chips) 
Seat 2: uranus18 ($5.17 in chips) 
Seat 3: mcGrosero ($5.26 in chips) 
Seat 4: anzevolk ($3.48 in chips) 
Seat 5: LAKSHME ($4.93 in chips) 
Seat 6: Lorpugo ($4 in chips) 
VPyan: posts small blind $0.02
uranus18: posts big blind $0.05
*** HOLE CARDS ***
Dealt to Lorpugo [6c 2c]
mcGrosero: folds 
anzevolk: folds 
LAKSHME: folds 
Lorpugo: folds 
VPyan: folds 
Uncalled bet ($0.03) returned to uranus18
uranus18 collected $0.04 from pot
uranus18: doesn't show hand 
*** SUMMARY ***
Total pot $0.04 | Rake $0 
Seat 1: VPyan (small blind) folded before Flop
Seat 2: uranus18 (big blind) collected ($0.04)
Seat 3: mcGrosero folded before Flop (didn't bet)
Seat 4: anzevolk folded before Flop (didn't bet)
Seat 5: LAKSHME folded before Flop (didn't bet)
Seat 6: Lorpugo (button) folded before Flop (didn't bet)



PokerStars Hand #239691463488:  Hold'em No Limit ($0.02/$0.05 USD) - 2022/11/06 12:54:10 ET
Table 'Veritas IV' 6-max Seat #1 is the button
Seat 1: VPyan ($9.91 in chips) 
Seat 2: uranus18 ($5.19 in chips) 
Seat 3: mcGrosero ($5.26 in chips) 
Seat 4: anzevolk ($3.48 in chips) 
Seat 5: LAKSHME ($4.93 in chips) 
Seat 6: Lorpugo ($4 in chips) 
uranus18: posts small blind $0.02
mcGrosero: posts big blind $0.05
*** HOLE CARDS ***
Dealt to Lorpugo [Ad Jc]
anzevolk: folds 
LAKSHME: raises $0.07 to $0.12
Lorpugo: calls $0.12
VPyan: folds 
uranus18: folds 
mcGrosero: folds 
*** FLOP *** [Kc 6d 8d]
LAKSHME: bets $0.10
Lorpugo: calls $0.10
*** TURN *** [Kc 6d 8d] [Tc]
LAKSHME: bets $0.37
Lorpugo: folds 
Uncalled bet ($0.37) returned to LAKSHME
LAKSHME collected $0.49 from pot
LAKSHME: doesn't show hand 
*** SUMMARY ***
Total pot $0.51 | Rake $0.02 
Board [Kc 6d 8d Tc]
Seat 1: VPyan (button) folded before Flop (didn't bet)
Seat 2: uranus18 (small blind) folded before Flop
Seat 3: mcGrosero (big blind) folded before Flop
Seat 4: anzevolk folded before Flop (didn't bet)
Seat 5: LAKSHME collected ($0.49)
Seat 6: Lorpugo folded on the Turn



PokerStars Hand #239691482662:  Hold'em No Limit ($0.02/$0.05 USD) - 2022/11/06 12:54:52 ET
Table 'Veritas IV' 6-max Seat #2 is the button
Seat 1: VPyan ($9.91 in chips) 
Seat 2: uranus18 ($5.17 in chips) 
Seat 3: mcGrosero ($5.21 in chips) 
Seat 4: anzevolk ($3.48 in chips) 
Seat 5: LAKSHME ($5.20 in chips) 
Seat 6: Lorpugo ($3.78 in chips) 
mcGrosero: posts small blind $0.02
anzevolk: posts big blind $0.05
*** HOLE CARDS ***
Dealt to Lorpugo [8c 9h]
LAKSHME: folds 
Lorpugo: folds 
VPyan: folds 
uranus18: folds 
mcGrosero: raises $0.10 to $0.15
anzevolk: calls $0.10
*** FLOP *** [Qs 3s As]
mcGrosero: checks 
anzevolk: checks 
*** TURN *** [Qs 3s As] [Kh]
mcGrosero: checks 
anzevolk: checks 
*** RIVER *** [Qs 3s As Kh] [Tc]
mcGrosero: checks 
anzevolk: checks 
*** SHOW DOWN ***
mcGrosero: shows [Ah 2h] (a pair of Aces)
anzevolk: mucks hand 
mcGrosero collected $0.29 from pot
*** SUMMARY ***
Total pot $0.30 | Rake $0.01 
Board [Qs 3s As Kh Tc]
Seat 1: VPyan folded before Flop (didn't bet)
Seat 2: uranus18 (button) folded before Flop (didn't bet)
Seat 3: mcGrosero (small blind) showed [Ah 2h] and won ($0.29) with a pair of Aces
Seat 4: anzevolk (big blind) mucked [5d 5c]
Seat 5: LAKSHME folded before Flop (didn't bet)
Seat 6: Lorpugo folded before Flop (didn't bet)



PokerStars Hand #239691498372:  Hold'em No Limit ($0.02/$0.05 USD) - 2022/11/06 12:55:43 ET
Table 'Veritas IV' 6-max Seat #3 is the button
Seat 1: VPyan ($9.91 in chips) 
Seat 2: uranus18 ($5.17 in chips) 
Seat 3: mcGrosero ($5.35 in chips) 
Seat 4: anzevolk ($3.33 in chips) 
Seat 5: LAKSHME ($5.20 in chips) 
Seat 6: Lorpugo ($3.78 in chips) 
anzevolk: posts small blind $0.02
LAKSHME: posts big blind $0.05
*** HOLE CARDS ***
Dealt to Lorpugo [9d 9h]
Lorpugo: raises $0.10 to $0.15
VPyan: folds 
uranus18: raises $0.30 to $0.45
mcGrosero: folds 
anzevolk: folds 
LAKSHME: folds 
Lorpugo: calls $0.30
*** FLOP *** [8d Ah Kd]
Lorpugo: checks 
uranus18: bets $0.47
Lorpugo: folds 
Uncalled bet ($0.47) returned to uranus18
uranus18 collected $0.93 from pot
uranus18: doesn't show hand 
*** SUMMARY ***
Total pot $0.97 | Rake $0.04 
Board [8d Ah Kd]
Seat 1: VPyan folded before Flop (didn't bet)
Seat 2: uranus18 collected ($0.93)
Seat 3: mcGrosero (button) folded before Flop (didn't bet)
Seat 4: anzevolk (small blind) folded before Flop
Seat 5: LAKSHME (big blind) folded before Flop
Seat 6: Lorpugo folded on the Flop



PokerStars Hand #239691511545:  Hold'em No Limit ($0.02/$0.05 USD) - 2022/11/06 12:56:31 ET
Table 'Veritas IV' 6-max Seat #4 is the button
Seat 1: VPyan ($9.91 in chips) 
Seat 2: uranus18 ($5.65 in chips) 
Seat 3: mcGrosero ($5.35 in chips) 
Seat 4: anzevolk ($3.31 in chips) 
Seat 5: LAKSHME ($5.15 in chips) 
Seat 6: Lorpugo ($3.33 in chips) 
LAKSHME: posts small blind $0.02
Lorpugo: posts big blind $0.05
*** HOLE CARDS ***
Dealt to Lorpugo [4c 6h]
VPyan: folds 
uranus18: raises $0.07 to $0.12
VPyan leaves the table
mcGrosero: folds 
anzevolk: calls $0.12
LAKSHME: folds 
SergioGray joins the table at seat #1 
Lorpugo: calls $0.07
*** FLOP *** [9h 2h 7c]
Lorpugo: checks 
uranus18: bets $0.27
anzevolk: calls $0.27
Lorpugo: folds 
*** TURN *** [9h 2h 7c] [9s]
uranus18: bets $0.44
anzevolk: raises $1.16 to $1.60
uranus18: folds 
Uncalled bet ($1.16) returned to anzevolk
anzevolk collected $1.73 from pot
anzevolk: doesn't show hand 
*** SUMMARY ***
Total pot $1.80 | Rake $0.07 
Board [9h 2h 7c 9s]
Seat 1: VPyan folded before Flop (didn't bet)
Seat 2: uranus18 folded on the Turn
Seat 3: mcGrosero folded before Flop (didn't bet)
Seat 4: anzevolk (button) collected ($1.73)
Seat 5: LAKSHME (small blind) folded before Flop
Seat 6: Lorpugo (big blind) folded on the Flop



PokerStars Hand #239691529254:  Hold'em No Limit ($0.02/$0.05 USD) - 2022/11/06 12:57:36 ET
Table 'Veritas IV' 6-max Seat #5 is the button
Seat 1: SergioGray ($5 in chips) 
Seat 2: uranus18 ($5 in chips) 
Seat 3: mcGrosero ($5.35 in chips) 
Seat 4: anzevolk ($4.21 in chips) 
Seat 5: LAKSHME ($5.13 in chips) 
Seat 6: Lorpugo ($3.21 in chips) 
Lorpugo: posts small blind $0.02
SergioGray: posts big blind $0.05
*** HOLE CARDS ***
Dealt to Lorpugo [4s Th]
uranus18: folds 
mcGrosero: folds 
anzevolk: raises $0.07 to $0.12
LAKSHME: folds 
Lorpugo: folds 
SergioGray: folds 
Uncalled bet ($0.07) returned to anzevolk
anzevolk collected $0.12 from pot
anzevolk: doesn't show hand 
*** SUMMARY ***
Total pot $0.12 | Rake $0 
Seat 1: SergioGray (big blind) folded before Flop
Seat 2: uranus18 folded before Flop (didn't bet)
Seat 3: mcGrosero folded before Flop (didn't bet)
Seat 4: anzevolk collected ($0.12)
Seat 5: LAKSHME (button) folded before Flop (didn't bet)
Seat 6: Lorpugo (small blind) folded before Flop



PokerStars Hand #239691538169:  Hold'em No Limit ($0.02/$0.05 USD) - 2022/11/06 12:58:08 ET
Table 'Veritas IV' 6-max Seat #6 is the button
Seat 1: SergioGray ($5 in chips) 
Seat 2: uranus18 ($5 in chips) 
Seat 3: mcGrosero ($5.35 in chips) 
Seat 4: anzevolk ($4.28 in chips) 
Seat 5: LAKSHME ($5.13 in chips) 
Seat 6: Lorpugo ($3.19 in chips) 
SergioGray: posts small blind $0.02
uranus18: posts big blind $0.05
*** HOLE CARDS ***
Dealt to Lorpugo [As 5d]
mcGrosero: raises $0.10 to $0.15
anzevolk: folds 
LAKSHME: folds 
Lorpugo: calls $0.15
SergioGray: folds 
uranus18: folds 
*** FLOP *** [2c Jh 2h]
mcGrosero: checks 
Lorpugo: bets $0.12
mcGrosero: calls $0.12
*** TURN *** [2c Jh 2h] [Ks]
mcGrosero: checks 
Lorpugo: checks 
*** RIVER *** [2c Jh 2h Ks] [7h]
mcGrosero: bets $0.39
Lorpugo: folds 
Uncalled bet ($0.39) returned to mcGrosero
mcGrosero collected $0.58 from pot
*** SUMMARY ***
Total pot $0.61 | Rake $0.03 
Board [2c Jh 2h Ks 7h]
Seat 1: SergioGray (small blind) folded before Flop
Seat 2: uranus18 (big blind) folded before Flop
Seat 3: mcGrosero collected ($0.58)
Seat 4: anzevolk folded before Flop (didn't bet)
Seat 5: LAKSHME folded before Flop (didn't bet)
Seat 6: Lorpugo (button) folded on the River



PokerStars Hand #239691558177:  Hold'em No Limit ($0.02/$0.05 USD) - 2022/11/06 12:59:20 ET
Table 'Veritas IV' 6-max Seat #1 is the button
Seat 1: SergioGray ($5 in chips) 
Seat 2: uranus18 ($5 in chips) 
Seat 3: mcGrosero ($5.66 in chips) 
Seat 4: anzevolk ($4.28 in chips) 
Seat 5: LAKSHME ($5.13 in chips) 
Seat 6: Lorpugo ($2.92 in chips) 
uranus18: posts small blind $0.02
mcGrosero: posts big blind $0.05
*** HOLE CARDS ***
Dealt to Lorpugo [Qh 7d]
anzevolk: raises $0.10 to $0.15
LAKSHME: folds 
Lorpugo: folds 
SergioGray: folds 
uranus18: folds 
mcGrosero: folds 
Uncalled bet ($0.10) returned to anzevolk
anzevolk collected $0.12 from pot
anzevolk: doesn't show hand 
*** SUMMARY ***
Total pot $0.12 | Rake $0 
Seat 1: SergioGray (button) folded before Flop (didn't bet)
Seat 2: uranus18 (small blind) folded before Flop
Seat 3: mcGrosero (big blind) folded before Flop
Seat 4: anzevolk collected ($0.12)
Seat 5: LAKSHME folded before Flop (didn't bet)
Seat 6: Lorpugo folded before Flop (didn't bet)



PokerStars Hand #239691562722:  Hold'em No Limit ($0.02/$0.05 USD) - 2022/11/06 12:59:36 ET
Table 'Veritas IV' 6-max Seat #2 is the button
Seat 1: SergioGray ($5 in chips) 
Seat 2: uranus18 ($5 in chips) 
Seat 3: mcGrosero ($5.61 in chips) 
Seat 4: anzevolk ($4.35 in chips) 
Seat 5: LAKSHME ($5.13 in chips) 
Seat 6: Lorpugo ($2.92 in chips) 
mcGrosero: posts small blind $0.02
anzevolk: posts big blind $0.05
*** HOLE CARDS ***
Dealt to Lorpugo [4c 9s]
LAKSHME: folds 
Lorpugo: folds 
SergioGray: folds 
uranus18: raises $0.07 to $0.12
mcGrosero: folds 
anzevolk: folds 
Uncalled bet ($0.07) returned to uranus18
uranus18 collected $0.12 from pot
uranus18: doesn't show hand 
*** SUMMARY ***
Total pot $0.12 | Rake $0 
Seat 1: SergioGray folded before Flop (didn't bet)
Seat 2: uranus18 (button) collected ($0.12)
Seat 3: mcGrosero (small blind) folded before Flop
Seat 4: anzevolk (big blind) folded before Flop
Seat 5: LAKSHME folded before Flop (didn't bet)
Seat 6: Lorpugo folded before Flop (didn't bet)



PokerStars Hand #239691567064:  Hold'em No Limit ($0.02/$0.05 USD) - 2022/11/06 12:59:52 ET
Table 'Veritas IV' 6-max Seat #3 is the button
Seat 1: SergioGray ($5 in chips) 
Seat 2: uranus18 ($5.07 in chips) 
Seat 3: mcGrosero ($5.59 in chips) 
Seat 4: anzevolk ($4.30 in chips) 
Seat 5: LAKSHME ($5.13 in chips) 
Seat 6: Lorpugo ($4.37 in chips) 
anzevolk: posts small blind $0.02
LAKSHME: posts big blind $0.05
*** HOLE CARDS ***
Dealt to Lorpugo [Ks 3h]
Lorpugo: folds 
SergioGray: folds 
uranus18: folds 
mcGrosero: folds 
anzevolk: raises $0.07 to $0.12
LAKSHME: folds 
Uncalled bet ($0.07) returned to anzevolk
anzevolk collected $0.10 from pot
anzevolk: doesn't show hand 
*** SUMMARY ***
Total pot $0.10 | Rake $0 
Seat 1: SergioGray folded before Flop (didn't bet)
Seat 2: uranus18 folded before Flop (didn't bet)
Seat 3: mcGrosero (button) folded before Flop (didn't bet)
Seat 4: anzevolk (small blind) collected ($0.10)
Seat 5: LAKSHME (big blind) folded before Flop
Seat 6: Lorpugo folded before Flop (didn't bet)



PokerStars Hand #239691572757:  Hold'em No Limit ($0.02/$0.05 USD) - 2022/11/06 13:00:10 ET
Table 'Veritas IV' 6-max Seat #4 is the button
Seat 1: SergioGray ($5 in chips) 
Seat 2: uranus18 ($5.07 in chips) 
Seat 3: mcGrosero ($5.59 in chips) 
Seat 4: anzevolk ($4.35 in chips) 
Seat 5: LAKSHME ($5.08 in chips) 
Seat 6: Lorpugo ($4.37 in chips) 
LAKSHME: posts small blind $0.02
Lorpugo: posts big blind $0.05
*** HOLE CARDS ***
Dealt to Lorpugo [2s Kd]
SergioGray: folds 
uranus18: folds 
mcGrosero: folds 
anzevolk: folds 
LAKSHME: folds 
Uncalled bet ($0.03) returned to Lorpugo
Lorpugo collected $0.04 from pot
Lorpugo: doesn't show hand 
*** SUMMARY ***
Total pot $0.04 | Rake $0 
Seat 1: SergioGray folded before Flop (didn't bet)
Seat 2: uranus18 folded before Flop (didn't bet)
Seat 3: mcGrosero folded before Flop (didn't bet)
Seat 4: anzevolk (button) folded before Flop (didn't bet)
Seat 5: LAKSHME (small blind) folded before Flop
Seat 6: Lorpugo (big blind) collected ($0.04)



PokerStars Hand #239691575890:  Hold'em No Limit ($0.02/$0.05 USD) - 2022/11/06 13:00:19 ET
Table 'Veritas IV' 6-max Seat #5 is the button
Seat 2: uranus18 ($5.07 in chips) 
Seat 3: mcGrosero ($5.59 in chips) 
Seat 4: anzevolk ($4.35 in chips) 
Seat 5: LAKSHME ($5.06 in chips) 
Seat 6: Lorpugo ($4.39 in chips) 
Lorpugo: posts small blind $0.02
SergioGray: is sitting out 
SergioGray leaves the table
uranus18: posts big blind $0.05
*** HOLE CARDS ***
Dealt to Lorpugo [Ts 9d]
mcGrosero: folds 
anzevolk: folds 
LAKSHME: folds 
Lorpugo: raises $0.10 to $0.15
uranus18: folds 
Uncalled bet ($0.10) returned to Lorpugo
Lorpugo collected $0.10 from pot
Lorpugo: doesn't show hand 
*** SUMMARY ***
Total pot $0.10 | Rake $0 
Seat 2: uranus18 (big blind) folded before Flop
Seat 3: mcGrosero folded before Flop (didn't bet)
Seat 4: anzevolk folded before Flop (didn't bet)
Seat 5: LAKSHME (button) folded before Flop (didn't bet)
Seat 6: Lorpugo (small blind) collected ($0.10)



PokerStars Hand #239691579874:  Hold'em No Limit ($0.02/$0.05 USD) - 2022/11/06 13:00:31 ET
Table 'Veritas IV' 6-max Seat #6 is the button
Seat 2: uranus18 ($5.02 in chips) 
Seat 3: mcGrosero ($5.59 in chips) 
Seat 4: anzevolk ($4.35 in chips) 
Seat 5: LAKSHME ($5.06 in chips) 
Seat 6: Lorpugo ($4.44 in chips) 
uranus18: posts small blind $0.02
mcGrosero: posts big blind $0.05
*** HOLE CARDS ***
Dealt to Lorpugo [Qd 5c]
anzevolk: folds 
LAKSHME: folds 
Diego.Rodx joins the table at seat #1 
Lorpugo: folds 
uranus18: folds 
Uncalled bet ($0.03) returned to mcGrosero
mcGrosero collected $0.04 from pot
*** SUMMARY ***
Total pot $0.04 | Rake $0 
Seat 2: uranus18 (small blind) folded before Flop
Seat 3: mcGrosero (big blind) collected ($0.04)
Seat 4: anzevolk folded before Flop (didn't bet)
Seat 5: LAKSHME folded before Flop (didn't bet)
Seat 6: Lorpugo (button) folded before Flop (didn't bet)



PokerStars Hand #239691582370:  Hold'em No Limit ($0.02/$0.05 USD) - 2022/11/06 13:00:40 ET
Table 'Veritas IV' 6-max Seat #2 is the button
Seat 2: uranus18 ($5 in chips) 
Seat 3: mcGrosero ($5.61 in chips) 
Seat 4: anzevolk ($4.35 in chips) 
Seat 5: LAKSHME ($5.06 in chips) 
Seat 6: Lorpugo ($4.44 in chips) 
mcGrosero: posts small blind $0.02
anzevolk: posts big blind $0.05
Diego.Rodx: sits out 
*** HOLE CARDS ***
Dealt to Lorpugo [Qh 2d]
LAKSHME: folds 
Lorpugo: folds 
uranus18: folds 
mcGrosero: raises $0.10 to $0.15
anzevolk: folds 
Uncalled bet ($0.10) returned to mcGrosero
mcGrosero collected $0.10 from pot
*** SUMMARY ***
Total pot $0.10 | Rake $0 
Seat 2: uranus18 (button) folded before Flop (didn't bet)
Seat 3: mcGrosero (small blind) collected ($0.10)
Seat 4: anzevolk (big blind) folded before Flop
Seat 5: LAKSHME folded before Flop (didn't bet)
Seat 6: Lorpugo folded before Flop (didn't bet)



PokerStars Hand #239691589937:  Hold'em No Limit ($0.02/$0.05 USD) - 2022/11/06 13:01:02 ET
Table 'Veritas IV' 6-max Seat #3 is the button
Seat 2: uranus18 ($5 in chips) 
Seat 3: mcGrosero ($5.66 in chips) 
Seat 4: anzevolk ($4.30 in chips) 
Seat 5: LAKSHME ($5.06 in chips) 
Seat 6: Lorpugo ($4.44 in chips) 
anzevolk: posts small blind $0.02
LAKSHME: posts big blind $0.05
Diego.Rodx: sits out 
*** HOLE CARDS ***
Dealt to Lorpugo [9s 3c]
Lorpugo: folds 
uranus18: folds 
mcGrosero: folds 
anzevolk: folds 
Uncalled bet ($0.03) returned to LAKSHME
LAKSHME collected $0.04 from pot
LAKSHME: doesn't show hand 
*** SUMMARY ***
Total pot $0.04 | Rake $0 
Seat 2: uranus18 folded before Flop (didn't bet)
Seat 3: mcGrosero (button) folded before Flop (didn't bet)
Seat 4: anzevolk (small blind) folded before Flop
Seat 5: LAKSHME (big blind) collected ($0.04)
Seat 6: Lorpugo folded before Flop (didn't bet)



PokerStars Hand #239691595244:  Hold'em No Limit ($0.02/$0.05 USD) - 2022/11/06 13:01:16 ET
Table 'Veritas IV' 6-max Seat #4 is the button
Seat 2: uranus18 ($5 in chips) 
Seat 3: mcGrosero ($5.66 in chips) 
Seat 4: anzevolk ($4.28 in chips) 
Seat 5: LAKSHME ($5.08 in chips) 
Seat 6: Lorpugo ($4.44 in chips) 
LAKSHME: posts small blind $0.02
Lorpugo: posts big blind $0.05
Diego.Rodx: sits out 
*** HOLE CARDS ***
Dealt to Lorpugo [3h Ad]
uranus18: folds 
mcGrosero: raises $0.10 to $0.15
anzevolk: calls $0.15
LAKSHME: calls $0.13
Lorpugo: calls $0.10
*** FLOP *** [4d 6d Tc]
LAKSHME: checks 
Lorpugo: checks 
mcGrosero: checks 
anzevolk: checks 
*** TURN *** [4d 6d Tc] [7c]
LAKSHME: checks 
Lorpugo: checks 
mcGrosero: checks 
anzevolk: bets $0.54
LAKSHME: folds 
Lorpugo: folds 
mcGrosero: folds 
Uncalled bet ($0.54) returned to anzevolk
anzevolk collected $0.58 from pot
anzevolk: doesn't show hand 
*** SUMMARY ***
Total pot $0.60 | Rake $0.02 
Board [4d 6d Tc 7c]
Seat 2: uranus18 folded before Flop (didn't bet)
Seat 3: mcGrosero folded on the Turn
Seat 4: anzevolk (button) collected ($0.58)
Seat 5: LAKSHME (small blind) folded on the Turn
Seat 6: Lorpugo (big blind) folded on the Turn



PokerStars Hand #239691623774:  Hold'em No Limit ($0.02/$0.05 USD) - 2022/11/06 13:02:26 ET
Table 'Veritas IV' 6-max Seat #5 is the button
Seat 1: Diego.Rodx ($5 in chips) 
Seat 2: uranus18 ($5 in chips) 
Seat 3: mcGrosero ($5.51 in chips) 
Seat 4: anzevolk ($5 in chips) 
Seat 5: LAKSHME ($4.93 in chips) 
Seat 6: Lorpugo ($4.29 in chips) 
Lorpugo: posts small blind $0.02
Diego.Rodx: posts big blind $0.05
*** HOLE CARDS ***
Dealt to Lorpugo [Th 6h]
uranus18: raises $0.07 to $0.12
mcGrosero: folds 
anzevolk: folds 
LAKSHME: folds 
Lorpugo: folds 
Diego.Rodx: folds 
Uncalled bet ($0.07) returned to uranus18
uranus18 collected $0.12 from pot
uranus18: doesn't show hand 
*** SUMMARY ***
Total pot $0.12 | Rake $0 
Seat 1: Diego.Rodx (big blind) folded before Flop
Seat 2: uranus18 collected ($0.12)
Seat 3: mcGrosero folded before Flop (didn't bet)
Seat 4: anzevolk folded before Flop (didn't bet)
Seat 5: LAKSHME (button) folded before Flop (didn't bet)
Seat 6: Lorpugo (small blind) folded before Flop



PokerStars Hand #239691631241:  Hold'em No Limit ($0.02/$0.05 USD) - 2022/11/06 13:02:42 ET
Table 'Veritas IV' 6-max Seat #6 is the button
Seat 1: Diego.Rodx ($4.95 in chips) 
Seat 2: uranus18 ($5.07 in chips) 
Seat 3: mcGrosero ($5.51 in chips) 
Seat 4: anzevolk ($5 in chips) 
Seat 5: LAKSHME ($4.93 in chips) 
Seat 6: Lorpugo ($4.27 in chips) 
Diego.Rodx: posts small blind $0.02
uranus18: posts big blind $0.05
*** HOLE CARDS ***
Dealt to Lorpugo [6s 2c]
mcGrosero: folds 
anzevolk: folds 
LAKSHME: folds 
Lorpugo: folds 
Diego.Rodx: raises $0.10 to $0.15
uranus18: folds 
Uncalled bet ($0.10) returned to Diego.Rodx
Diego.Rodx collected $0.10 from pot
Diego.Rodx: doesn't show hand 
*** SUMMARY ***
Total pot $0.10 | Rake $0 
Seat 1: Diego.Rodx (small blind) collected ($0.10)
Seat 2: uranus18 (big blind) folded before Flop
Seat 3: mcGrosero folded before Flop (didn't bet)
Seat 4: anzevolk folded before Flop (didn't bet)
Seat 5: LAKSHME folded before Flop (didn't bet)
Seat 6: Lorpugo (button) folded before Flop (didn't bet)



PokerStars Hand #239691636665:  Hold'em No Limit ($0.02/$0.05 USD) - 2022/11/06 13:02:55 ET
Table 'Veritas IV' 6-max Seat #1 is the button
Seat 1: Diego.Rodx ($5 in chips) 
Seat 2: uranus18 ($5.02 in chips) 
Seat 3: mcGrosero ($5.51 in chips) 
Seat 4: anzevolk ($5 in chips) 
Seat 5: LAKSHME ($4.93 in chips) 
Seat 6: Lorpugo ($4.27 in chips) 
uranus18: posts small blind $0.02
mcGrosero: posts big blind $0.05
*** HOLE CARDS ***
Dealt to Lorpugo [3s 9d]
anzevolk: folds 
LAKSHME: raises $0.07 to $0.12
Lorpugo: folds 
Diego.Rodx: folds 
uranus18: folds 
mcGrosero: folds 
Uncalled bet ($0.07) returned to LAKSHME
LAKSHME collected $0.12 from pot
LAKSHME: doesn't show hand 
*** SUMMARY ***
Total pot $0.12 | Rake $0 
Seat 1: Diego.Rodx (button) folded before Flop (didn't bet)
Seat 2: uranus18 (small blind) folded before Flop
Seat 3: mcGrosero (big blind) folded before Flop
Seat 4: anzevolk folded before Flop (didn't bet)
Seat 5: LAKSHME collected ($0.12)
Seat 6: Lorpugo folded before Flop (didn't bet)



PokerStars Hand #239691645818:  Hold'em No Limit ($0.02/$0.05 USD) - 2022/11/06 13:03:12 ET
Table 'Veritas IV' 6-max Seat #2 is the button
Seat 1: Diego.Rodx ($5 in chips) 
Seat 2: uranus18 ($5 in chips) 
Seat 3: mcGrosero ($5.46 in chips) 
Seat 5: LAKSHME ($5 in chips) 
Seat 6: Lorpugo ($4.27 in chips) 
mcGrosero: posts small blind $0.02
anzevolk: is sitting out 
LAKSHME: posts big blind $0.05
*** HOLE CARDS ***
Dealt to Lorpugo [Js 5c]
anzevolk leaves the table
Lorpugo: folds 
Diego.Rodx: folds 
uranus18: raises $0.07 to $0.12
mcGrosero: folds 
LAKSHME: folds 
Uncalled bet ($0.07) returned to uranus18
uranus18 collected $0.12 from pot
uranus18: doesn't show hand 
*** SUMMARY ***
Total pot $0.12 | Rake $0 
Seat 1: Diego.Rodx folded before Flop (didn't bet)
Seat 2: uranus18 (button) collected ($0.12)
Seat 3: mcGrosero (small blind) folded before Flop
Seat 5: LAKSHME (big blind) folded before Flop
Seat 6: Lorpugo folded before Flop (didn't bet)



PokerStars Hand #239691655139:  Hold'em No Limit ($0.02/$0.05 USD) - 2022/11/06 13:03:32 ET
Table 'Veritas IV' 6-max Seat #3 is the button
Seat 1: Diego.Rodx ($5 in chips) 
Seat 2: uranus18 ($5.07 in chips) 
Seat 3: mcGrosero ($5.44 in chips) 
Seat 5: LAKSHME ($4.95 in chips) 
Seat 6: Lorpugo ($4.27 in chips) 
LAKSHME: posts small blind $0.02
Lorpugo: posts big blind $0.05
*** HOLE CARDS ***
Dealt to Lorpugo [Qd 4s]
leonrhodes1993 joins the table at seat #4 
Diego.Rodx: folds 
uranus18: folds 
mcGrosero: folds 
LAKSHME: folds 
Uncalled bet ($0.03) returned to Lorpugo
Lorpugo collected $0.04 from pot
Lorpugo: doesn't show hand 
*** SUMMARY ***
Total pot $0.04 | Rake $0 
Seat 1: Diego.Rodx folded before Flop (didn't bet)
Seat 2: uranus18 folded before Flop (didn't bet)
Seat 3: mcGrosero (button) folded before Flop (didn't bet)
Seat 5: LAKSHME (small blind) folded before Flop
Seat 6: Lorpugo (big blind) collected ($0.04)



PokerStars Hand #239691658073:  Hold'em No Limit ($0.02/$0.05 USD) - 2022/11/06 13:03:39 ET
Table 'Veritas IV' 6-max Seat #5 is the button
Seat 1: Diego.Rodx ($5 in chips) 
Seat 2: uranus18 ($5.07 in chips) 
Seat 3: mcGrosero ($5.44 in chips) 
Seat 5: LAKSHME ($4.93 in chips) 
Seat 6: Lorpugo ($4.29 in chips) 
Lorpugo: posts small blind $0.02
Diego.Rodx: posts big blind $0.05
leonrhodes1993: sits out 
*** HOLE CARDS ***
Dealt to Lorpugo [8h 9c]
uranus18: raises $0.07 to $0.12
mcGrosero: folds 
LAKSHME: calls $0.12
Lorpugo: folds 
Diego.Rodx: folds 
*** FLOP *** [Qh Ad 9d]
uranus18: bets $0.15
LAKSHME: folds 
Uncalled bet ($0.15) returned to uranus18
uranus18 collected $0.30 from pot
uranus18: doesn't show hand 
*** SUMMARY ***
Total pot $0.31 | Rake $0.01 
Board [Qh Ad 9d]
Seat 1: Diego.Rodx (big blind) folded before Flop
Seat 2: uranus18 collected ($0.30)
Seat 3: mcGrosero folded before Flop (didn't bet)
Seat 5: LAKSHME (button) folded on the Flop
Seat 6: Lorpugo (small blind) folded before Flop



PokerStars Hand #239691669317:  Hold'em No Limit ($0.02/$0.05 USD) - 2022/11/06 13:04:03 ET
Table 'Veritas IV' 6-max Seat #6 is the button
Seat 1: Diego.Rodx ($4.95 in chips) 
Seat 2: uranus18 ($5.25 in chips) 
Seat 3: mcGrosero ($5.44 in chips) 
Seat 4: leonrhodes1993 ($5 in chips) 
Seat 5: LAKSHME ($4.81 in chips) 
Seat 6: Lorpugo ($4.27 in chips) 
Diego.Rodx: posts small blind $0.02
uranus18: posts big blind $0.05
leonrhodes1993: posts big blind $0.05
*** HOLE CARDS ***
Dealt to Lorpugo [Tc Jc]
mcGrosero: folds 
leonrhodes1993: checks 
LAKSHME: folds 
Lorpugo: raises $0.20 to $0.25
Diego.Rodx: folds 
uranus18: calls $0.20
leonrhodes1993: folds 
*** FLOP *** [Ah Ks 9d]
uranus18: checks 
Lorpugo: bets $0.28
uranus18: calls $0.28
*** TURN *** [Ah Ks 9d] [6d]
uranus18: checks 
Lorpugo: checks 
*** RIVER *** [Ah Ks 9d 6d] [9c]
uranus18: checks 
Lorpugo: checks 
*** SHOW DOWN ***
uranus18: shows [Th Kc] (two pair, Kings and Nines)
Lorpugo: mucks hand 
uranus18 collected $1.08 from pot
*** SUMMARY ***
Total pot $1.13 | Rake $0.05 
Board [Ah Ks 9d 6d 9c]
Seat 1: Diego.Rodx (small blind) folded before Flop
Seat 2: uranus18 (big blind) showed [Th Kc] and won ($1.08) with two pair, Kings and Nines
Seat 3: mcGrosero folded before Flop (didn't bet)
Seat 4: leonrhodes1993 folded before Flop (didn't bet)
Seat 5: LAKSHME folded before Flop (didn't bet)
Seat 6: Lorpugo (button) mucked [Tc Jc]



PokerStars Hand #239691702429:  Hold'em No Limit ($0.02/$0.05 USD) - 2022/11/06 13:05:12 ET
Table 'Veritas IV' 6-max Seat #1 is the button
Seat 1: Diego.Rodx ($4.93 in chips) 
Seat 2: uranus18 ($5.80 in chips) 
Seat 3: mcGrosero ($5.44 in chips) 
Seat 4: leonrhodes1993 ($4.95 in chips) 
Seat 5: LAKSHME ($4.81 in chips) 
Seat 6: Lorpugo ($3.74 in chips) 
uranus18: posts small blind $0.02
mcGrosero: posts big blind $0.05
*** HOLE CARDS ***
Dealt to Lorpugo [2c Kh]
leonrhodes1993: calls $0.05
LAKSHME: folds 
Lorpugo: folds 
Diego.Rodx: folds 
uranus18: folds 
mcGrosero: checks 
*** FLOP *** [Jd Ts 2d]
mcGrosero: checks 
leonrhodes1993: checks 
*** TURN *** [Jd Ts 2d] [7d]
mcGrosero: checks 
leonrhodes1993: checks 
*** RIVER *** [Jd Ts 2d 7d] [7c]
mcGrosero: checks 
leonrhodes1993: checks 
*** SHOW DOWN ***
mcGrosero: shows [9h Qs] (a pair of Sevens)
leonrhodes1993: shows [Kd 8c] (a pair of Sevens - King kicker)
leonrhodes1993 collected $0.12 from pot
*** SUMMARY ***
Total pot $0.12 | Rake $0 
Board [Jd Ts 2d 7d 7c]
Seat 1: Diego.Rodx (button) folded before Flop (didn't bet)
Seat 2: uranus18 (small blind) folded before Flop
Seat 3: mcGrosero (big blind) showed [9h Qs] and lost with a pair of Sevens
Seat 4: leonrhodes1993 showed [Kd 8c] and won ($0.12) with a pair of Sevens
Seat 5: LAKSHME folded before Flop (didn't bet)
Seat 6: Lorpugo folded before Flop (didn't bet)



PokerStars Hand #239691718844:  Hold'em No Limit ($0.02/$0.05 USD) - 2022/11/06 13:05:46 ET
Table 'Veritas IV' 6-max Seat #2 is the button
Seat 1: Diego.Rodx ($4.93 in chips) 
Seat 2: uranus18 ($5.78 in chips) 
Seat 3: mcGrosero ($5.39 in chips) 
Seat 4: leonrhodes1993 ($5.02 in chips) 
Seat 5: LAKSHME ($4.81 in chips) 
Seat 6: Lorpugo ($3.74 in chips) 
mcGrosero: posts small blind $0.02
leonrhodes1993: posts big blind $0.05
*** HOLE CARDS ***
Dealt to Lorpugo [9h Ks]
LAKSHME: folds 
Lorpugo: folds 
Diego.Rodx: folds 
uranus18: raises $0.07 to $0.12
mcGrosero: raises $0.43 to $0.55
leonrhodes1993: folds 
uranus18: folds 
Uncalled bet ($0.43) returned to mcGrosero
mcGrosero collected $0.29 from pot
*** SUMMARY ***
Total pot $0.29 | Rake $0 
Seat 1: Diego.Rodx folded before Flop (didn't bet)
Seat 2: uranus18 (button) folded before Flop
Seat 3: mcGrosero (small blind) collected ($0.29)
Seat 4: leonrhodes1993 (big blind) folded before Flop
Seat 5: LAKSHME folded before Flop (didn't bet)
Seat 6: Lorpugo folded before Flop (didn't bet)



PokerStars Hand #239691734011:  Hold'em No Limit ($0.02/$0.05 USD) - 2022/11/06 13:06:18 ET
Table 'Veritas IV' 6-max Seat #3 is the button
Seat 1: Diego.Rodx ($4.93 in chips) 
Seat 2: uranus18 ($5.66 in chips) 
Seat 3: mcGrosero ($5.56 in chips) 
Seat 4: leonrhodes1993 ($4.97 in chips) 
Seat 5: LAKSHME ($4.81 in chips) 
Seat 6: Lorpugo ($3.74 in chips) 
leonrhodes1993: posts small blind $0.02
LAKSHME: posts big blind $0.05
*** HOLE CARDS ***
Dealt to Lorpugo [Qs 5h]
Lorpugo: folds 
Diego.Rodx: folds 
uranus18: raises $0.07 to $0.12
mcGrosero: folds 
leonrhodes1993: folds 
LAKSHME: folds 
Uncalled bet ($0.07) returned to uranus18
uranus18 collected $0.12 from pot
uranus18: doesn't show hand 
*** SUMMARY ***
Total pot $0.12 | Rake $0 
Seat 1: Diego.Rodx folded before Flop (didn't bet)
Seat 2: uranus18 collected ($0.12)
Seat 3: mcGrosero (button) folded before Flop (didn't bet)
Seat 4: leonrhodes1993 (small blind) folded before Flop
Seat 5: LAKSHME (big blind) folded before Flop
Seat 6: Lorpugo folded before Flop (didn't bet)



PokerStars Hand #239691742631:  Hold'em No Limit ($0.02/$0.05 USD) - 2022/11/06 13:06:35 ET
Table 'Veritas IV' 6-max Seat #4 is the button
Seat 1: Diego.Rodx ($4.93 in chips) 
Seat 2: uranus18 ($5.73 in chips) 
Seat 3: mcGrosero ($5.56 in chips) 
Seat 4: leonrhodes1993 ($4.95 in chips) 
Seat 5: LAKSHME ($4.76 in chips) 
Seat 6: Lorpugo ($3.74 in chips) 
LAKSHME: posts small blind $0.02
Lorpugo: posts big blind $0.05
*** HOLE CARDS ***
Dealt to Lorpugo [5s Qd]
Diego.Rodx: folds 
uranus18: folds 
mcGrosero: folds 
leonrhodes1993: calls $0.05
LAKSHME: folds 
Lorpugo: checks 
*** FLOP *** [6d Ts 9d]
Lorpugo: checks 
leonrhodes1993: checks 
*** TURN *** [6d Ts 9d] [Qs]
Lorpugo: bets $0.20
leonrhodes1993: calls $0.20
*** RIVER *** [6d Ts 9d Qs] [9h]
Lorpugo: bets $0.60
leonrhodes1993: calls $0.60
*** SHOW DOWN ***
Lorpugo: shows [5s Qd] (two pair, Queens and Nines)
leonrhodes1993: shows [Ks Js] (a straight, Nine to King)
leonrhodes1993 collected $1.65 from pot
*** SUMMARY ***
Total pot $1.72 | Rake $0.07 
Board [6d Ts 9d Qs 9h]
Seat 1: Diego.Rodx folded before Flop (didn't bet)
Seat 2: uranus18 folded before Flop (didn't bet)
Seat 3: mcGrosero folded before Flop (didn't bet)
Seat 4: leonrhodes1993 (button) showed [Ks Js] and won ($1.65) with a straight, Nine to King
Seat 5: LAKSHME (small blind) folded before Flop
Seat 6: Lorpugo (big blind) showed [5s Qd] and lost with two pair, Queens and Nines



PokerStars Hand #239691757885:  Hold'em No Limit ($0.02/$0.05 USD) - 2022/11/06 13:07:07 ET
Table 'Veritas IV' 6-max Seat #5 is the button
Seat 1: Diego.Rodx ($4.93 in chips) 
Seat 2: uranus18 ($5.73 in chips) 
Seat 3: mcGrosero ($5.56 in chips) 
Seat 4: leonrhodes1993 ($5.75 in chips) 
Seat 5: LAKSHME ($4.74 in chips) 
Seat 6: Lorpugo ($2.89 in chips) 
Lorpugo: posts small blind $0.02
Diego.Rodx: posts big blind $0.05
*** HOLE CARDS ***
Dealt to Lorpugo [7d 8h]
uranus18: folds 
mcGrosero: folds 
leonrhodes1993: calls $0.05
LAKSHME: folds 
Lorpugo: raises $0.25 to $0.30
Diego.Rodx: calls $0.25
leonrhodes1993: folds 
*** FLOP *** [5h Kd Js]
Lorpugo: checks 
Diego.Rodx: checks 
*** TURN *** [5h Kd Js] [2s]
Lorpugo: bets $0.31
Diego.Rodx: calls $0.31
*** RIVER *** [5h Kd Js 2s] [3s]
Lorpugo: checks 
Diego.Rodx: checks 
*** SHOW DOWN ***
Lorpugo: shows [7d 8h] (high card King)
Diego.Rodx: shows [4s 4c] (a pair of Fours)
Diego.Rodx collected $1.22 from pot
*** SUMMARY ***
Total pot $1.27 | Rake $0.05 
Board [5h Kd Js 2s 3s]
Seat 1: Diego.Rodx (big blind) showed [4s 4c] and won ($1.22) with a pair of Fours
Seat 2: uranus18 folded before Flop (didn't bet)
Seat 3: mcGrosero folded before Flop (didn't bet)
Seat 4: leonrhodes1993 folded before Flop
Seat 5: LAKSHME (button) folded before Flop (didn't bet)
Seat 6: Lorpugo (small blind) showed [7d 8h] and lost with high card King



PokerStars Hand #239691783944:  Hold'em No Limit ($0.02/$0.05 USD) - 2022/11/06 13:08:02 ET
Table 'Veritas IV' 6-max Seat #6 is the button
Seat 1: Diego.Rodx ($5.54 in chips) 
Seat 2: uranus18 ($5.73 in chips) 
Seat 3: mcGrosero ($5.56 in chips) 
Seat 4: leonrhodes1993 ($5.70 in chips) 
Seat 5: LAKSHME ($4.74 in chips) 
Seat 6: Lorpugo ($2.28 in chips) 
Diego.Rodx: posts small blind $0.02
uranus18: posts big blind $0.05
*** HOLE CARDS ***
Dealt to Lorpugo [2h Jc]
mcGrosero: folds 
leonrhodes1993: folds 
LAKSHME: folds 
Lorpugo: folds 
Diego.Rodx: raises $0.10 to $0.15
uranus18: folds 
Uncalled bet ($0.10) returned to Diego.Rodx
Diego.Rodx collected $0.10 from pot
Diego.Rodx: doesn't show hand 
*** SUMMARY ***
Total pot $0.10 | Rake $0 
Seat 1: Diego.Rodx (small blind) collected ($0.10)
Seat 2: uranus18 (big blind) folded before Flop
Seat 3: mcGrosero folded before Flop (didn't bet)
Seat 4: leonrhodes1993 folded before Flop (didn't bet)
Seat 5: LAKSHME folded before Flop (didn't bet)
Seat 6: Lorpugo (button) folded before Flop (didn't bet)



PokerStars Hand #239691795311:  Hold'em No Limit ($0.02/$0.05 USD) - 2022/11/06 13:08:25 ET
Table 'Veritas IV' 6-max Seat #1 is the button
Seat 1: Diego.Rodx ($5.59 in chips) 
Seat 2: uranus18 ($5.68 in chips) 
Seat 3: mcGrosero ($5.56 in chips) 
Seat 4: leonrhodes1993 ($5.70 in chips) 
Seat 5: LAKSHME ($4.74 in chips) 
Seat 6: Lorpugo ($4.28 in chips) 
uranus18: posts small blind $0.02
mcGrosero: posts big blind $0.05
*** HOLE CARDS ***
Dealt to Lorpugo [7c 4s]
leonrhodes1993: calls $0.05
LAKSHME: folds 
Lorpugo: folds 
Diego.Rodx: folds 
uranus18: folds 
mcGrosero: checks 
*** FLOP *** [8d Qd Tc]
mcGrosero: checks 
leonrhodes1993: checks 
*** TURN *** [8d Qd Tc] [6h]
mcGrosero: checks 
leonrhodes1993: checks 
*** RIVER *** [8d Qd Tc 6h] [5s]
mcGrosero: checks 
leonrhodes1993: checks 
*** SHOW DOWN ***
mcGrosero: shows [Js 4h] (high card Queen)
leonrhodes1993: shows [9c 8s] (a pair of Eights)
leonrhodes1993 collected $0.12 from pot
*** SUMMARY ***
Total pot $0.12 | Rake $0 
Board [8d Qd Tc 6h 5s]
Seat 1: Diego.Rodx (button) folded before Flop (didn't bet)
Seat 2: uranus18 (small blind) folded before Flop
Seat 3: mcGrosero (big blind) showed [Js 4h] and lost with high card Queen
Seat 4: leonrhodes1993 showed [9c 8s] and won ($0.12) with a pair of Eights
Seat 5: LAKSHME folded before Flop (didn't bet)
Seat 6: Lorpugo folded before Flop (didn't bet)



PokerStars Hand #239691814997:  Hold'em No Limit ($0.02/$0.05 USD) - 2022/11/06 13:09:06 ET
Table 'Veritas IV' 6-max Seat #2 is the button
Seat 1: Diego.Rodx ($5.59 in chips) 
Seat 2: uranus18 ($5.66 in chips) 
Seat 3: mcGrosero ($5.51 in chips) 
Seat 4: leonrhodes1993 ($5.77 in chips) 
Seat 5: LAKSHME ($4.74 in chips) 
Seat 6: Lorpugo ($4.28 in chips) 
mcGrosero: posts small blind $0.02
leonrhodes1993: posts big blind $0.05
*** HOLE CARDS ***
Dealt to Lorpugo [4d 5s]
LAKSHME: folds 
Lorpugo: folds 
Diego.Rodx: folds 
uranus18: raises $0.07 to $0.12
mcGrosero: folds 
leonrhodes1993: calls $0.07
*** FLOP *** [3s Kh 8d]
leonrhodes1993: checks 
uranus18: bets $0.13
leonrhodes1993: calls $0.13
*** TURN *** [3s Kh 8d] [4s]
leonrhodes1993: checks 
uranus18: checks 
*** RIVER *** [3s Kh 8d 4s] [4c]
leonrhodes1993: checks 
uranus18: checks 
*** SHOW DOWN ***
leonrhodes1993: shows [Js 8h] (two pair, Eights and Fours)
uranus18: mucks hand 
leonrhodes1993 collected $0.50 from pot
*** SUMMARY ***
Total pot $0.52 | Rake $0.02 
Board [3s Kh 8d 4s 4c]
Seat 1: Diego.Rodx folded before Flop (didn't bet)
Seat 2: uranus18 (button) mucked [2d 2s]
Seat 3: mcGrosero (small blind) folded before Flop
Seat 4: leonrhodes1993 (big blind) showed [Js 8h] and won ($0.50) with two pair, Eights and Fours
Seat 5: LAKSHME folded before Flop (didn't bet)
Seat 6: Lorpugo folded before Flop (didn't bet)



PokerStars Hand #239691833356:  Hold'em No Limit ($0.02/$0.05 USD) - 2022/11/06 13:09:44 ET
Table 'Veritas IV' 6-max Seat #3 is the button
Seat 1: Diego.Rodx ($5.59 in chips) 
Seat 2: uranus18 ($5.41 in chips) 
Seat 3: mcGrosero ($5.49 in chips) 
Seat 4: leonrhodes1993 ($6.02 in chips) 
Seat 5: LAKSHME ($4.74 in chips) 
Seat 6: Lorpugo ($4.28 in chips) 
leonrhodes1993: posts small blind $0.02
LAKSHME: posts big blind $0.05
*** HOLE CARDS ***
Dealt to Lorpugo [Kh Ks]
Lorpugo: raises $0.10 to $0.15
Diego.Rodx: folds 
uranus18: folds 
mcGrosero: calls $0.15
leonrhodes1993: folds 
LAKSHME: folds 
*** FLOP *** [5s 9s Kc]
Lorpugo: bets $0.18
mcGrosero: folds 
Uncalled bet ($0.18) returned to Lorpugo
Lorpugo collected $0.35 from pot
Lorpugo: doesn't show hand 
*** SUMMARY ***
Total pot $0.37 | Rake $0.02 
Board [5s 9s Kc]
Seat 1: Diego.Rodx folded before Flop (didn't bet)
Seat 2: uranus18 folded before Flop (didn't bet)
Seat 3: mcGrosero (button) folded on the Flop
Seat 4: leonrhodes1993 (small blind) folded before Flop
Seat 5: LAKSHME (big blind) folded before Flop
Seat 6: Lorpugo collected ($0.35)



PokerStars Hand #239691851059:  Hold'em No Limit ($0.02/$0.05 USD) - 2022/11/06 13:10:21 ET
Table 'Veritas IV' 6-max Seat #4 is the button
Seat 1: Diego.Rodx ($5.59 in chips) 
Seat 2: uranus18 ($5.41 in chips) 
Seat 3: mcGrosero ($5.34 in chips) 
Seat 4: leonrhodes1993 ($6 in chips) 
Seat 5: LAKSHME ($4.69 in chips) 
Seat 6: Lorpugo ($4.48 in chips) 
LAKSHME: posts small blind $0.02
Lorpugo: posts big blind $0.05
*** HOLE CARDS ***
Dealt to Lorpugo [6d 5c]
Diego.Rodx: folds 
uranus18: folds 
mcGrosero: folds 
leonrhodes1993: calls $0.05
LAKSHME: folds 
Lorpugo: checks 
*** FLOP *** [Th 4s Ts]
Lorpugo: checks 
leonrhodes1993: checks 
*** TURN *** [Th 4s Ts] [4h]
Lorpugo: checks 
leonrhodes1993: bets $0.15
Lorpugo: folds 
Uncalled bet ($0.15) returned to leonrhodes1993
leonrhodes1993 collected $0.12 from pot
*** SUMMARY ***
Total pot $0.12 | Rake $0 
Board [Th 4s Ts 4h]
Seat 1: Diego.Rodx folded before Flop (didn't bet)
Seat 2: uranus18 folded before Flop (didn't bet)
Seat 3: mcGrosero folded before Flop (didn't bet)
Seat 4: leonrhodes1993 (button) collected ($0.12)
Seat 5: LAKSHME (small blind) folded before Flop
Seat 6: Lorpugo (big blind) folded on the Turn



PokerStars Hand #239691863374:  Hold'em No Limit ($0.02/$0.05 USD) - 2022/11/06 13:10:47 ET
Table 'Veritas IV' 6-max Seat #5 is the button
Seat 1: Diego.Rodx ($5.59 in chips) 
Seat 2: uranus18 ($5.41 in chips) 
Seat 3: mcGrosero ($5.34 in chips) 
Seat 4: leonrhodes1993 ($6.07 in chips) 
Seat 5: LAKSHME ($4.67 in chips) 
Seat 6: Lorpugo ($4.43 in chips) 
Lorpugo: posts small blind $0.02
Diego.Rodx: posts big blind $0.05
*** HOLE CARDS ***
Dealt to Lorpugo [7h 9h]
uranus18: folds 
mcGrosero: folds 
leonrhodes1993: folds 
LAKSHME: folds 
Lorpugo: raises $0.10 to $0.15
Diego.Rodx: calls $0.10
*** FLOP *** [6c 8s 9d]
Lorpugo: bets $0.19
Diego.Rodx: calls $0.19
*** TURN *** [6c 8s 9d] [5h]
Lorpugo: checks 
Diego.Rodx: checks 
*** RIVER *** [6c 8s 9d 5h] [Kh]
Lorpugo: bets $0.45
Diego.Rodx: folds 
Uncalled bet ($0.45) returned to Lorpugo
Lorpugo collected $0.65 from pot
Lorpugo: doesn't show hand 
*** SUMMARY ***
Total pot $0.68 | Rake $0.03 
Board [6c 8s 9d 5h Kh]
Seat 1: Diego.Rodx (big blind) folded on the River
Seat 2: uranus18 folded before Flop (didn't bet)
Seat 3: mcGrosero folded before Flop (didn't bet)
Seat 4: leonrhodes1993 folded before Flop (didn't bet)
Seat 5: LAKSHME (button) folded before Flop (didn't bet)
Seat 6: Lorpugo (small blind) collected ($0.65)



PokerStars Hand #239691892811:  Hold'em No Limit ($0.02/$0.05 USD) - 2022/11/06 13:11:50 ET
Table 'Veritas IV' 6-max Seat #6 is the button
Seat 1: Diego.Rodx ($5.25 in chips) 
Seat 2: uranus18 ($5.41 in chips) 
Seat 3: mcGrosero ($5.34 in chips) 
Seat 4: leonrhodes1993 ($6.07 in chips) 
Seat 5: LAKSHME ($4.67 in chips) 
Seat 6: Lorpugo ($4.74 in chips) 
Diego.Rodx: posts small blind $0.02
uranus18: posts big blind $0.05
*** HOLE CARDS ***
Dealt to Lorpugo [5d 2s]
mcGrosero: folds 
leonrhodes1993: calls $0.05
LAKSHME: folds 
Lorpugo: folds 
Diego.Rodx: folds 
uranus18: checks 
*** FLOP *** [4c 7s 2h]
uranus18: checks 
leonrhodes1993: checks 
*** TURN *** [4c 7s 2h] [Kc]
uranus18: checks 
leonrhodes1993: checks 
*** RIVER *** [4c 7s 2h Kc] [4h]
uranus18: checks 
leonrhodes1993: checks 
*** SHOW DOWN ***
uranus18: shows [Tc 8s] (a pair of Fours)
leonrhodes1993: shows [Ad Ac] (two pair, Aces and Fours)
leonrhodes1993 collected $0.12 from pot
*** SUMMARY ***
Total pot $0.12 | Rake $0 
Board [4c 7s 2h Kc 4h]
Seat 1: Diego.Rodx (small blind) folded before Flop
Seat 2: uranus18 (big blind) showed [Tc 8s] and lost with a pair of Fours
Seat 3: mcGrosero folded before Flop (didn't bet)
Seat 4: leonrhodes1993 showed [Ad Ac] and won ($0.12) with two pair, Aces and Fours
Seat 5: LAKSHME folded before Flop (didn't bet)
Seat 6: Lorpugo (button) folded before Flop (didn't bet)



PokerStars Hand #239691913080:  Hold'em No Limit ($0.02/$0.05 USD) - 2022/11/06 13:12:34 ET
Table 'Veritas IV' 6-max Seat #1 is the button
Seat 1: Diego.Rodx ($5.23 in chips) 
Seat 2: uranus18 ($5.36 in chips) 
Seat 3: mcGrosero ($5.34 in chips) 
Seat 4: leonrhodes1993 ($6.14 in chips) 
Seat 5: LAKSHME ($4.67 in chips) 
Seat 6: Lorpugo ($4.74 in chips) 
uranus18: posts small blind $0.02
mcGrosero: posts big blind $0.05
*** HOLE CARDS ***
Dealt to Lorpugo [2d 4d]
leonrhodes1993: calls $0.05
LAKSHME: folds 
Lorpugo: folds 
Diego.Rodx has timed out
Diego.Rodx: folds 
uranus18: folds 
mcGrosero: raises $0.20 to $0.25
leonrhodes1993: folds 
Uncalled bet ($0.20) returned to mcGrosero
mcGrosero collected $0.12 from pot
*** SUMMARY ***
Total pot $0.12 | Rake $0 
Seat 1: Diego.Rodx (button) folded before Flop (didn't bet)
Seat 2: uranus18 (small blind) folded before Flop
Seat 3: mcGrosero (big blind) collected ($0.12)
Seat 4: leonrhodes1993 folded before Flop
Seat 5: LAKSHME folded before Flop (didn't bet)
Seat 6: Lorpugo folded before Flop (didn't bet)



PokerStars Hand #239691926888:  Hold'em No Limit ($0.02/$0.05 USD) - 2022/11/06 13:13:03 ET
Table 'Veritas IV' 6-max Seat #2 is the button
Seat 1: Diego.Rodx ($5.23 in chips) 
Seat 2: uranus18 ($5.34 in chips) 
Seat 3: mcGrosero ($5.41 in chips) 
Seat 4: leonrhodes1993 ($6.09 in chips) 
Seat 5: LAKSHME ($4.67 in chips) 
Seat 6: Lorpugo ($4.74 in chips) 
mcGrosero: posts small blind $0.02
leonrhodes1993: posts big blind $0.05
*** HOLE CARDS ***
Dealt to Lorpugo [8c Th]
LAKSHME: folds 
Lorpugo: folds 
Diego.Rodx: raises $0.10 to $0.15
uranus18: raises $0.30 to $0.45
mcGrosero: folds 
leonrhodes1993: folds 
Diego.Rodx: calls $0.30
*** FLOP *** [6c Kh 6h]
Diego.Rodx: checks 
uranus18: bets $0.47
Diego.Rodx: raises $4.31 to $4.78 and is all-in
uranus18: folds 
Uncalled bet ($4.31) returned to Diego.Rodx
Diego.Rodx collected $1.83 from pot
Diego.Rodx: doesn't show hand 
*** SUMMARY ***
Total pot $1.91 | Rake $0.08 
Board [6c Kh 6h]
Seat 1: Diego.Rodx collected ($1.83)
Seat 2: uranus18 (button) folded on the Flop
Seat 3: mcGrosero (small blind) folded before Flop
Seat 4: leonrhodes1993 (big blind) folded before Flop
Seat 5: LAKSHME folded before Flop (didn't bet)
Seat 6: Lorpugo folded before Flop (didn't bet)



PokerStars Hand #239691946861:  Hold'em No Limit ($0.02/$0.05 USD) - 2022/11/06 13:13:44 ET
Table 'Veritas IV' 6-max Seat #3 is the button
Seat 1: Diego.Rodx ($6.14 in chips) 
Seat 2: uranus18 ($5 in chips) 
Seat 3: mcGrosero ($5.39 in chips) 
Seat 4: leonrhodes1993 ($6.04 in chips) 
Seat 5: LAKSHME ($4.67 in chips) 
Seat 6: Lorpugo ($4.74 in chips) 
leonrhodes1993: posts small blind $0.02
LAKSHME: posts big blind $0.05
*** HOLE CARDS ***
Dealt to Lorpugo [5d Ac]
Lorpugo: folds 
Diego.Rodx: folds 
uranus18: folds 
mcGrosero: raises $0.07 to $0.12
leonrhodes1993: calls $0.10
LAKSHME: folds 
*** FLOP *** [6c 9h 8d]
leonrhodes1993: checks 
mcGrosero: bets $0.09
leonrhodes1993: calls $0.09
*** TURN *** [6c 9h 8d] [Qs]
leonrhodes1993: checks 
mcGrosero: checks 
*** RIVER *** [6c 9h 8d Qs] [Ts]
leonrhodes1993: checks 
mcGrosero: bets $0.30
leonrhodes1993: calls $0.30
*** SHOW DOWN ***
mcGrosero: shows [Kc 7c] (a straight, Six to Ten)
leonrhodes1993: shows [7s 8c] (a straight, Six to Ten)
leonrhodes1993 collected $0.52 from pot
mcGrosero collected $0.51 from pot
*** SUMMARY ***
Total pot $1.07 | Rake $0.04 
Board [6c 9h 8d Qs Ts]
Seat 1: Diego.Rodx folded before Flop (didn't bet)
Seat 2: uranus18 folded before Flop (didn't bet)
Seat 3: mcGrosero (button) showed [Kc 7c] and won ($0.51) with a straight, Six to Ten
Seat 4: leonrhodes1993 (small blind) showed [7s 8c] and won ($0.52) with a straight, Six to Ten
Seat 5: LAKSHME (big blind) folded before Flop
Seat 6: Lorpugo folded before Flop (didn't bet)



PokerStars Hand #239691969099:  Hold'em No Limit ($0.02/$0.05 USD) - 2022/11/06 13:14:30 ET
Table 'Veritas IV' 6-max Seat #4 is the button
Seat 1: Diego.Rodx ($6.14 in chips) 
Seat 2: uranus18 ($5 in chips) 
Seat 3: mcGrosero ($5.39 in chips) 
Seat 4: leonrhodes1993 ($6.05 in chips) 
Seat 5: LAKSHME ($4.62 in chips) 
Seat 6: Lorpugo ($4.74 in chips) 
LAKSHME: posts small blind $0.02
Lorpugo: posts big blind $0.05
*** HOLE CARDS ***
Dealt to Lorpugo [6d 2d]
Diego.Rodx: raises $0.10 to $0.15
uranus18: folds 
mcGrosero: folds 
leonrhodes1993: folds 
LAKSHME: folds 
Lorpugo: folds 
Uncalled bet ($0.10) returned to Diego.Rodx
Diego.Rodx collected $0.12 from pot
Diego.Rodx: doesn't show hand 
*** SUMMARY ***
Total pot $0.12 | Rake $0 
Seat 1: Diego.Rodx collected ($0.12)
Seat 2: uranus18 folded before Flop (didn't bet)
Seat 3: mcGrosero folded before Flop (didn't bet)
Seat 4: leonrhodes1993 (button) folded before Flop (didn't bet)
Seat 5: LAKSHME (small blind) folded before Flop
Seat 6: Lorpugo (big blind) folded before Flop



PokerStars Hand #239691977559:  Hold'em No Limit ($0.02/$0.05 USD) - 2022/11/06 13:14:48 ET
Table 'Veritas IV' 6-max Seat #5 is the button
Seat 1: Diego.Rodx ($6.21 in chips) 
Seat 2: uranus18 ($5 in chips) 
Seat 3: mcGrosero ($5.39 in chips) 
Seat 4: leonrhodes1993 ($6.05 in chips) 
Seat 5: LAKSHME ($4.60 in chips) 
Seat 6: Lorpugo ($4.69 in chips) 
Lorpugo: posts small blind $0.02
Diego.Rodx: posts big blind $0.05
*** HOLE CARDS ***
Dealt to Lorpugo [8c 2h]
uranus18: folds 
mcGrosero: folds 
leonrhodes1993: folds 
LAKSHME: raises $0.07 to $0.12
Lorpugo: folds 
Diego.Rodx: calls $0.07
*** FLOP *** [Qc 6h As]
Diego.Rodx: checks 
LAKSHME: bets $0.08
Diego.Rodx: folds 
Uncalled bet ($0.08) returned to LAKSHME
LAKSHME collected $0.25 from pot
LAKSHME: doesn't show hand 
*** SUMMARY ***
Total pot $0.26 | Rake $0.01 
Board [Qc 6h As]
Seat 1: Diego.Rodx (big blind) folded on the Flop
Seat 2: uranus18 folded before Flop (didn't bet)
Seat 3: mcGrosero folded before Flop (didn't bet)
Seat 4: leonrhodes1993 folded before Flop (didn't bet)
Seat 5: LAKSHME (button) collected ($0.25)
Seat 6: Lorpugo (small blind) folded before Flop



PokerStars Hand #239691990678:  Hold'em No Limit ($0.02/$0.05 USD) - 2022/11/06 13:15:15 ET
Table 'Veritas IV' 6-max Seat #6 is the button
Seat 1: Diego.Rodx ($6.09 in chips) 
Seat 2: uranus18 ($5 in chips) 
Seat 3: mcGrosero ($5.39 in chips) 
Seat 4: leonrhodes1993 ($6.05 in chips) 
Seat 5: LAKSHME ($4.73 in chips) 
Seat 6: Lorpugo ($4.67 in chips) 
Diego.Rodx: posts small blind $0.02
uranus18: posts big blind $0.05
*** HOLE CARDS ***
Dealt to Lorpugo [4d 5d]
mcGrosero: folds 
leonrhodes1993: calls $0.05
LAKSHME: folds 
Lorpugo: raises $0.17 to $0.22
Diego.Rodx: folds 
uranus18: folds 
leonrhodes1993: calls $0.17
*** FLOP *** [9s Ad Qd]
leonrhodes1993: bets $0.05
Lorpugo: raises $0.30 to $0.35
leonrhodes1993: folds 
Uncalled bet ($0.30) returned to Lorpugo
Lorpugo collected $0.58 from pot
Lorpugo: doesn't show hand 
*** SUMMARY ***
Total pot $0.61 | Rake $0.03 
Board [9s Ad Qd]
Seat 1: Diego.Rodx (small blind) folded before Flop
Seat 2: uranus18 (big blind) folded before Flop
Seat 3: mcGrosero folded before Flop (didn't bet)
Seat 4: leonrhodes1993 folded on the Flop
Seat 5: LAKSHME folded before Flop (didn't bet)
Seat 6: Lorpugo (button) collected ($0.58)



PokerStars Hand #239692001058:  Hold'em No Limit ($0.02/$0.05 USD) - 2022/11/06 13:15:36 ET
Table 'Veritas IV' 6-max Seat #1 is the button
Seat 1: Diego.Rodx ($6.07 in chips) 
Seat 2: uranus18 ($5 in chips) 
Seat 3: mcGrosero ($5.39 in chips) 
Seat 4: leonrhodes1993 ($5.78 in chips) 
Seat 5: LAKSHME ($4.73 in chips) 
Seat 6: Lorpugo ($4.98 in chips) 
uranus18: posts small blind $0.02
mcGrosero: posts big blind $0.05
*** HOLE CARDS ***
Dealt to Lorpugo [4s 9d]
leonrhodes1993: calls $0.05
LAKSHME: raises $0.10 to $0.15
Lorpugo: folds 
Diego.Rodx: folds 
uranus18: folds 
mcGrosero: folds 
leonrhodes1993: calls $0.10
*** FLOP *** [4h 5d Ac]
leonrhodes1993: checks 
LAKSHME: bets $0.12
leonrhodes1993: folds 
Uncalled bet ($0.12) returned to LAKSHME
LAKSHME collected $0.35 from pot
*** SUMMARY ***
Total pot $0.37 | Rake $0.02 
Board [4h 5d Ac]
Seat 1: Diego.Rodx (button) folded before Flop (didn't bet)
Seat 2: uranus18 (small blind) folded before Flop
Seat 3: mcGrosero (big blind) folded before Flop
Seat 4: leonrhodes1993 folded on the Flop
Seat 5: LAKSHME collected ($0.35)
Seat 6: Lorpugo folded before Flop (didn't bet)



PokerStars Hand #239692013532:  Hold'em No Limit ($0.02/$0.05 USD) - 2022/11/06 13:16:01 ET
Table 'Veritas IV' 6-max Seat #2 is the button
Seat 1: Diego.Rodx ($6.07 in chips) 
Seat 2: uranus18 ($5 in chips) 
Seat 3: mcGrosero ($5.34 in chips) 
Seat 4: leonrhodes1993 ($5.63 in chips) 
Seat 5: LAKSHME ($4.93 in chips) 
Seat 6: Lorpugo ($4.98 in chips) 
mcGrosero: posts small blind $0.02
leonrhodes1993: posts big blind $0.05
*** HOLE CARDS ***
Dealt to Lorpugo [Kc 3c]
LAKSHME: raises $0.07 to $0.12
Lorpugo: folds 
Diego.Rodx: folds 
uranus18: folds 
mcGrosero: folds 
leonrhodes1993: folds 
Uncalled bet ($0.07) returned to LAKSHME
LAKSHME collected $0.12 from pot
LAKSHME: doesn't show hand 
*** SUMMARY ***
Total pot $0.12 | Rake $0 
Seat 1: Diego.Rodx folded before Flop (didn't bet)
Seat 2: uranus18 (button) folded before Flop (didn't bet)
Seat 3: mcGrosero (small blind) folded before Flop
Seat 4: leonrhodes1993 (big blind) folded before Flop
Seat 5: LAKSHME collected ($0.12)
Seat 6: Lorpugo folded before Flop (didn't bet)



PokerStars Hand #239692018699:  Hold'em No Limit ($0.02/$0.05 USD) - 2022/11/06 13:16:12 ET
Table 'Veritas IV' 6-max Seat #3 is the button
Seat 1: Diego.Rodx ($6.07 in chips) 
Seat 2: uranus18 ($5 in chips) 
Seat 3: mcGrosero ($5.32 in chips) 
Seat 4: leonrhodes1993 ($5.58 in chips) 
Seat 5: LAKSHME ($5 in chips) 
Seat 6: Lorpugo ($4.98 in chips) 
leonrhodes1993: posts small blind $0.02
LAKSHME: posts big blind $0.05
*** HOLE CARDS ***
Dealt to Lorpugo [2c 7h]
Lorpugo: folds 
Diego.Rodx: raises $0.10 to $0.15
uranus18: folds 
mcGrosero: calls $0.15
leonrhodes1993: folds 
LAKSHME: folds 
*** FLOP *** [2d Ad Kh]
Diego.Rodx: bets $0.18
mcGrosero: calls $0.18
*** TURN *** [2d Ad Kh] [7s]
Diego.Rodx: checks 
mcGrosero: checks 
*** RIVER *** [2d Ad Kh 7s] [5c]
Diego.Rodx: checks 
mcGrosero: checks 
*** SHOW DOWN ***
Diego.Rodx: shows [3d 5d] (a pair of Fives)
mcGrosero: shows [Ks Jh] (a pair of Kings)
mcGrosero collected $0.70 from pot
*** SUMMARY ***
Total pot $0.73 | Rake $0.03 
Board [2d Ad Kh 7s 5c]
Seat 1: Diego.Rodx showed [3d 5d] and lost with a pair of Fives
Seat 2: uranus18 folded before Flop (didn't bet)
Seat 3: mcGrosero (button) showed [Ks Jh] and won ($0.70) with a pair of Kings
Seat 4: leonrhodes1993 (small blind) folded before Flop
Seat 5: LAKSHME (big blind) folded before Flop
Seat 6: Lorpugo folded before Flop (didn't bet)



PokerStars Hand #239692043399:  Hold'em No Limit ($0.02/$0.05 USD) - 2022/11/06 13:17:03 ET
Table 'Veritas IV' 6-max Seat #4 is the button
Seat 1: Diego.Rodx ($5.74 in chips) 
Seat 2: uranus18 ($5 in chips) 
Seat 3: mcGrosero ($5.69 in chips) 
Seat 4: leonrhodes1993 ($5.56 in chips) 
Seat 5: LAKSHME ($4.95 in chips) 
Seat 6: Lorpugo ($4.98 in chips) 
LAKSHME: posts small blind $0.02
Lorpugo: posts big blind $0.05
*** HOLE CARDS ***
Dealt to Lorpugo [8s 2c]
Diego.Rodx: folds 
uranus18: folds 
mcGrosero: folds 
leonrhodes1993: folds 
LAKSHME: raises $0.07 to $0.12
Lorpugo: folds 
Uncalled bet ($0.07) returned to LAKSHME
LAKSHME collected $0.10 from pot
LAKSHME: doesn't show hand 
*** SUMMARY ***
Total pot $0.10 | Rake $0 
Seat 1: Diego.Rodx folded before Flop (didn't bet)
Seat 2: uranus18 folded before Flop (didn't bet)
Seat 3: mcGrosero folded before Flop (didn't bet)
Seat 4: leonrhodes1993 (button) folded before Flop (didn't bet)
Seat 5: LAKSHME (small blind) collected ($0.10)
Seat 6: Lorpugo (big blind) folded before Flop



PokerStars Hand #239692053033:  Hold'em No Limit ($0.02/$0.05 USD) - 2022/11/06 13:17:23 ET
Table 'Veritas IV' 6-max Seat #5 is the button
Seat 1: Diego.Rodx ($5.74 in chips) 
Seat 2: uranus18 ($5 in chips) 
Seat 3: mcGrosero ($5.69 in chips) 
Seat 4: leonrhodes1993 ($5.56 in chips) 
Seat 5: LAKSHME ($5 in chips) 
Seat 6: Lorpugo ($4.93 in chips) 
Lorpugo: posts small blind $0.02
Diego.Rodx: posts big blind $0.05
*** HOLE CARDS ***
Dealt to Lorpugo [Js 6s]
uranus18: raises $0.07 to $0.12
mcGrosero: calls $0.12
leonrhodes1993: folds 
LAKSHME: folds 
Lorpugo: folds 
Diego.Rodx: calls $0.07
*** FLOP *** [4c Kd 2h]
Diego.Rodx: checks 
uranus18: bets $0.15
mcGrosero: folds 
Diego.Rodx: calls $0.15
*** TURN *** [4c Kd 2h] [2d]
Diego.Rodx: checks 
uranus18: checks 
*** RIVER *** [4c Kd 2h 2d] [Ac]
Diego.Rodx: checks 
uranus18: checks 
*** SHOW DOWN ***
Diego.Rodx: shows [Kh Tc] (two pair, Kings and Deuces)
uranus18: mucks hand 
Diego.Rodx collected $0.65 from pot
*** SUMMARY ***
Total pot $0.68 | Rake $0.03 
Board [4c Kd 2h 2d Ac]
Seat 1: Diego.Rodx (big blind) showed [Kh Tc] and won ($0.65) with two pair, Kings and Deuces
Seat 2: uranus18 mucked [Jh Jc]
Seat 3: mcGrosero folded on the Flop
Seat 4: leonrhodes1993 folded before Flop (didn't bet)
Seat 5: LAKSHME (button) folded before Flop (didn't bet)
Seat 6: Lorpugo (small blind) folded before Flop



PokerStars Hand #239692088765:  Hold'em No Limit ($0.02/$0.05 USD) - 2022/11/06 13:18:36 ET
Table 'Veritas IV' 6-max Seat #6 is the button
Seat 1: Diego.Rodx ($6.12 in chips) 
Seat 2: uranus18 ($5 in chips) 
Seat 3: mcGrosero ($5.57 in chips) 
Seat 4: leonrhodes1993 ($5.56 in chips) 
Seat 5: LAKSHME ($5 in chips) 
Seat 6: Lorpugo ($4.91 in chips) 
Diego.Rodx: posts small blind $0.02
uranus18: posts big blind $0.05
*** HOLE CARDS ***
Dealt to Lorpugo [5h 9h]
mcGrosero: folds 
leonrhodes1993: calls $0.05
LAKSHME: folds 
Lorpugo: folds 
Diego.Rodx: folds 
uranus18: checks 
*** FLOP *** [8d 8c 4s]
uranus18: checks 
leonrhodes1993: checks 
*** TURN *** [8d 8c 4s] [2d]
uranus18: checks 
leonrhodes1993: checks 
*** RIVER *** [8d 8c 4s 2d] [9d]
uranus18: checks 
leonrhodes1993: checks 
*** SHOW DOWN ***
uranus18: shows [Jd Qs] (a pair of Eights)
leonrhodes1993: shows [Qc Jc] (a pair of Eights)
uranus18 collected $0.06 from pot
leonrhodes1993 collected $0.06 from pot
*** SUMMARY ***
Total pot $0.12 | Rake $0 
Board [8d 8c 4s 2d 9d]
Seat 1: Diego.Rodx (small blind) folded before Flop
Seat 2: uranus18 (big blind) showed [Jd Qs] and won ($0.06) with a pair of Eights
Seat 3: mcGrosero folded before Flop (didn't bet)
Seat 4: leonrhodes1993 showed [Qc Jc] and won ($0.06) with a pair of Eights
Seat 5: LAKSHME folded before Flop (didn't bet)
Seat 6: Lorpugo (button) folded before Flop (didn't bet)



PokerStars Hand #239692103006:  Hold'em No Limit ($0.02/$0.05 USD) - 2022/11/06 13:19:06 ET
Table 'Veritas IV' 6-max Seat #1 is the button
Seat 1: Diego.Rodx ($6.10 in chips) 
Seat 2: uranus18 ($5.01 in chips) 
Seat 3: mcGrosero ($5.57 in chips) 
Seat 4: leonrhodes1993 ($5.57 in chips) 
Seat 6: Lorpugo ($4.91 in chips) 
uranus18: posts small blind $0.02
mcGrosero: posts big blind $0.05
*** HOLE CARDS ***
Dealt to Lorpugo [3h 2c]
leonrhodes1993: calls $0.05
Lorpugo: folds 
Diego.Rodx: folds 
uranus18: folds 
mcGrosero: checks 
*** FLOP *** [Js 2s Qh]
mcGrosero: checks 
leonrhodes1993: checks 
*** TURN *** [Js 2s Qh] [Jd]
mcGrosero: checks 
leonrhodes1993: checks 
*** RIVER *** [Js 2s Qh Jd] [Ac]
mcGrosero: checks 
leonrhodes1993: checks 
*** SHOW DOWN ***
mcGrosero: shows [Kh 7h] (a pair of Jacks)
leonrhodes1993: shows [Ad Th] (two pair, Aces and Jacks)
leonrhodes1993 collected $0.12 from pot
*** SUMMARY ***
Total pot $0.12 | Rake $0 
Board [Js 2s Qh Jd Ac]
Seat 1: Diego.Rodx (button) folded before Flop (didn't bet)
Seat 2: uranus18 (small blind) folded before Flop
Seat 3: mcGrosero (big blind) showed [Kh 7h] and lost with a pair of Jacks
Seat 4: leonrhodes1993 showed [Ad Th] and won ($0.12) with two pair, Aces and Jacks
Seat 6: Lorpugo folded before Flop (didn't bet)



PokerStars Hand #239692122556:  Hold'em No Limit ($0.02/$0.05 USD) - 2022/11/06 13:19:46 ET
Table 'Veritas IV' 6-max Seat #2 is the button
Seat 1: Diego.Rodx ($6.10 in chips) 
Seat 2: uranus18 ($5 in chips) 
Seat 3: mcGrosero ($5.52 in chips) 
Seat 4: leonrhodes1993 ($5.64 in chips) 
Seat 6: Lorpugo ($4.91 in chips) 
mcGrosero: posts small blind $0.02
leonrhodes1993: posts big blind $0.05
*** HOLE CARDS ***
Dealt to Lorpugo [2s 7d]
Lorpugo: folds 
Diego.Rodx: folds 
uranus18: raises $0.07 to $0.12
mcGrosero: calls $0.10
leonrhodes1993: folds 
*** FLOP *** [Ks 3d 7s]
mcGrosero: checks 
uranus18: bets $0.14
mcGrosero: calls $0.14
*** TURN *** [Ks 3d 7s] [Qc]
mcGrosero: checks 
uranus18: checks 
*** RIVER *** [Ks 3d 7s Qc] [Ts]
mcGrosero: bets $0.37
uranus18: folds 
Uncalled bet ($0.37) returned to mcGrosero
mcGrosero collected $0.55 from pot
*** SUMMARY ***
Total pot $0.57 | Rake $0.02 
Board [Ks 3d 7s Qc Ts]
Seat 1: Diego.Rodx folded before Flop (didn't bet)
Seat 2: uranus18 (button) folded on the River
Seat 3: mcGrosero (small blind) collected ($0.55)
Seat 4: leonrhodes1993 (big blind) folded before Flop
Seat 6: Lorpugo folded before Flop (didn't bet)



PokerStars Hand #239692163295:  Hold'em No Limit ($0.02/$0.05 USD) - 2022/11/06 13:21:10 ET
Table 'Veritas IV' 6-max Seat #3 is the button
Seat 1: Diego.Rodx ($6.10 in chips) 
Seat 2: uranus18 ($5 in chips) 
Seat 3: mcGrosero ($5.81 in chips) 
Seat 4: leonrhodes1993 ($5.59 in chips) 
Seat 6: Lorpugo ($4.91 in chips) 
leonrhodes1993: posts small blind $0.02
Lorpugo: posts big blind $0.05
*** HOLE CARDS ***
Dealt to Lorpugo [Kd 8h]
Diego.Rodx: folds 
uranus18: folds 
mcGrosero: raises $0.07 to $0.12
leonrhodes1993: calls $0.10
Lorpugo: calls $0.07
*** FLOP *** [7s Ts 2h]
leonrhodes1993: checks 
Lorpugo: checks 
mcGrosero: checks 
*** TURN *** [7s Ts 2h] [3c]
leonrhodes1993: checks 
Lorpugo: bets $0.12
mcGrosero: calls $0.12
leonrhodes1993: folds 
*** RIVER *** [7s Ts 2h 3c] [2c]
Lorpugo: checks 
mcGrosero: checks 
*** SHOW DOWN ***
Lorpugo: shows [Kd 8h] (a pair of Deuces)
mcGrosero: mucks hand 
Lorpugo collected $0.58 from pot
*** SUMMARY ***
Total pot $0.60 | Rake $0.02 
Board [7s Ts 2h 3c 2c]
Seat 1: Diego.Rodx folded before Flop (didn't bet)
Seat 2: uranus18 folded before Flop (didn't bet)
Seat 3: mcGrosero (button) mucked [Qs 9s]
Seat 4: leonrhodes1993 (small blind) folded on the Turn
Seat 6: Lorpugo (big blind) showed [Kd 8h] and won ($0.58) with a pair of Deuces



PokerStars Hand #239692192480:  Hold'em No Limit ($0.02/$0.05 USD) - 2022/11/06 13:22:11 ET
Table 'Veritas IV' 6-max Seat #4 is the button
Seat 1: Diego.Rodx ($6.10 in chips) 
Seat 2: uranus18 ($5 in chips) 
Seat 3: mcGrosero ($5.57 in chips) 
Seat 4: leonrhodes1993 ($5.47 in chips) 
Seat 6: Lorpugo ($5.25 in chips) 
Lorpugo: posts small blind $0.02
Diego.Rodx: posts big blind $0.05
*** HOLE CARDS ***
Dealt to Lorpugo [8s 5s]
uranus18: folds 
mcGrosero: folds 
leonrhodes1993: calls $0.05
Lorpugo: calls $0.03
Diego.Rodx: raises $0.15 to $0.20
leonrhodes1993: folds 
Lorpugo: calls $0.15
*** FLOP *** [6d Js 7d]
Lorpugo: checks 
Diego.Rodx: checks 
*** TURN *** [6d Js 7d] [As]
Lorpugo: bets $0.35
Diego.Rodx: calls $0.35
*** RIVER *** [6d Js 7d As] [Kh]
Lorpugo: checks 
Diego.Rodx: checks 
*** SHOW DOWN ***
Lorpugo: shows [8s 5s] (high card Ace)
Diego.Rodx: shows [Ts Jc] (a pair of Jacks)
Diego.Rodx collected $1.10 from pot
*** SUMMARY ***
Total pot $1.15 | Rake $0.05 
Board [6d Js 7d As Kh]
Seat 1: Diego.Rodx (big blind) showed [Ts Jc] and won ($1.10) with a pair of Jacks
Seat 2: uranus18 folded before Flop (didn't bet)
Seat 3: mcGrosero folded before Flop (didn't bet)
Seat 4: leonrhodes1993 (button) folded before Flop
Seat 6: Lorpugo (small blind) showed [8s 5s] and lost with high card Ace



PokerStars Hand #239692216866:  Hold'em No Limit ($0.02/$0.05 USD) - 2022/11/06 13:23:02 ET
Table 'Veritas IV' 6-max Seat #6 is the button
Seat 1: Diego.Rodx ($6.65 in chips) 
Seat 2: uranus18 ($5 in chips) 
Seat 3: mcGrosero ($5.57 in chips) 
Seat 4: leonrhodes1993 ($5.42 in chips) 
Seat 6: Lorpugo ($4.70 in chips) 
Diego.Rodx: posts small blind $0.02
uranus18: posts big blind $0.05
LAKSHME: sits out 
*** HOLE CARDS ***
Dealt to Lorpugo [9c 7d]
mcGrosero: folds 
leonrhodes1993: calls $0.05
Lorpugo: calls $0.05
Diego.Rodx: folds 
uranus18: checks 
*** FLOP *** [Ad 2s 4s]
uranus18: checks 
leonrhodes1993: checks 
Lorpugo: checks 
*** TURN *** [Ad 2s 4s] [Kc]
uranus18: checks 
leonrhodes1993: checks 
Lorpugo: bets $0.15
uranus18: folds 
leonrhodes1993: calls $0.15
*** RIVER *** [Ad 2s 4s Kc] [3s]
leonrhodes1993: checks 
Lorpugo: checks 
*** SHOW DOWN ***
leonrhodes1993: shows [6d Kh] (a pair of Kings)
Lorpugo: mucks hand 
leonrhodes1993 collected $0.45 from pot
*** SUMMARY ***
Total pot $0.47 | Rake $0.02 
Board [Ad 2s 4s Kc 3s]
Seat 1: Diego.Rodx (small blind) folded before Flop
Seat 2: uranus18 (big blind) folded on the Turn
Seat 3: mcGrosero folded before Flop (didn't bet)
Seat 4: leonrhodes1993 showed [6d Kh] and won ($0.45) with a pair of Kings
Seat 6: Lorpugo (button) mucked [9c 7d]



PokerStars Hand #239692239096:  Hold'em No Limit ($0.02/$0.05 USD) - 2022/11/06 13:23:48 ET
Table 'Veritas IV' 6-max Seat #1 is the button
Seat 1: Diego.Rodx ($6.63 in chips) 
Seat 2: uranus18 ($5 in chips) 
Seat 4: leonrhodes1993 ($5.67 in chips) 
Seat 6: Lorpugo ($4.50 in chips) 
uranus18: posts small blind $0.02
mcGrosero: is sitting out 
leonrhodes1993: posts big blind $0.05
LAKSHME: sits out 
*** HOLE CARDS ***
Dealt to Lorpugo [As Kc]
mcGrosero leaves the table
Lorpugo: raises $0.10 to $0.15
iredised joins the table at seat #3 
Diego.Rodx: folds 
uranus18: folds 
leonrhodes1993: folds 
Uncalled bet ($0.10) returned to Lorpugo
Lorpugo collected $0.12 from pot
Lorpugo: doesn't show hand 
*** SUMMARY ***
Total pot $0.12 | Rake $0 
Seat 1: Diego.Rodx (button) folded before Flop (didn't bet)
Seat 2: uranus18 (small blind) folded before Flop
Seat 4: leonrhodes1993 (big blind) folded before Flop
Seat 6: Lorpugo collected ($0.12)



PokerStars Hand #239692246453:  Hold'em No Limit ($0.02/$0.05 USD) - 2022/11/06 13:24:03 ET
Table 'Veritas IV' 6-max Seat #2 is the button
Seat 1: Diego.Rodx ($6.63 in chips) 
Seat 2: uranus18 ($5 in chips) 
Seat 4: leonrhodes1993 ($5.62 in chips) 
Seat 5: LAKSHME ($5 in chips) 
Seat 6: Lorpugo ($4.57 in chips) 
leonrhodes1993: posts small blind $0.02
LAKSHME: posts big blind $0.05
*** HOLE CARDS ***
Dealt to Lorpugo [9d Ac]
Lorpugo: raises $0.10 to $0.15
Diego.Rodx: folds 
uranus18: raises $0.30 to $0.45
leonrhodes1993: folds 
LAKSHME: folds 
Lorpugo: folds 
Uncalled bet ($0.30) returned to uranus18
uranus18 collected $0.37 from pot
uranus18: doesn't show hand 
*** SUMMARY ***
Total pot $0.37 | Rake $0 
Seat 1: Diego.Rodx folded before Flop (didn't bet)
Seat 2: uranus18 (button) collected ($0.37)
Seat 4: leonrhodes1993 (small blind) folded before Flop
Seat 5: LAKSHME (big blind) folded before Flop
Seat 6: Lorpugo folded before Flop



PokerStars Hand #239692260679:  Hold'em No Limit ($0.02/$0.05 USD) - 2022/11/06 13:24:32 ET
Table 'Veritas IV' 6-max Seat #4 is the button
Seat 1: Diego.Rodx ($6.63 in chips) 
Seat 2: uranus18 ($5.22 in chips) 
Seat 4: leonrhodes1993 ($5.60 in chips) 
Seat 5: LAKSHME ($4.95 in chips) 
Seat 6: Lorpugo ($4.42 in chips) 
LAKSHME: posts small blind $0.02
Lorpugo: posts big blind $0.05
iredised: sits out 
*** HOLE CARDS ***
Dealt to Lorpugo [6s 2c]
Diego.Rodx: raises $0.10 to $0.15
uranus18: folds 
leonrhodes1993: folds 
LAKSHME: folds 
Lorpugo: folds 
Uncalled bet ($0.10) returned to Diego.Rodx
Diego.Rodx collected $0.12 from pot
Diego.Rodx: doesn't show hand 
*** SUMMARY ***
Total pot $0.12 | Rake $0 
Seat 1: Diego.Rodx collected ($0.12)
Seat 2: uranus18 folded before Flop (didn't bet)
Seat 4: leonrhodes1993 (button) folded before Flop (didn't bet)
Seat 5: LAKSHME (small blind) folded before Flop
Seat 6: Lorpugo (big blind) folded before Flop



PokerStars Hand #239692265499:  Hold'em No Limit ($0.02/$0.05 USD) - 2022/11/06 13:24:42 ET
Table 'Veritas IV' 6-max Seat #5 is the button
Seat 1: Diego.Rodx ($6.70 in chips) 
Seat 2: uranus18 ($5.22 in chips) 
Seat 4: leonrhodes1993 ($5.60 in chips) 
Seat 5: LAKSHME ($4.93 in chips) 
Seat 6: Lorpugo ($4.37 in chips) 
Lorpugo: posts small blind $0.02
Diego.Rodx: posts big blind $0.05
iredised: sits out 
*** HOLE CARDS ***
Dealt to Lorpugo [Ts 5h]
uranus18: folds 
leonrhodes1993: calls $0.05
LAKSHME: folds 
Lorpugo: folds 
Diego.Rodx: checks 
*** FLOP *** [5c Qs Qh]
Diego.Rodx: checks 
leonrhodes1993: checks 
*** TURN *** [5c Qs Qh] [Ac]
Diego.Rodx: bets $0.12
leonrhodes1993: folds 
Uncalled bet ($0.12) returned to Diego.Rodx
Diego.Rodx collected $0.12 from pot
Diego.Rodx: doesn't show hand 
*** SUMMARY ***
Total pot $0.12 | Rake $0 
Board [5c Qs Qh Ac]
Seat 1: Diego.Rodx (big blind) collected ($0.12)
Seat 2: uranus18 folded before Flop (didn't bet)
Seat 4: leonrhodes1993 folded on the Turn
Seat 5: LAKSHME (button) folded before Flop (didn't bet)
Seat 6: Lorpugo (small blind) folded before Flop



PokerStars Hand #239692274502:  Hold'em No Limit ($0.02/$0.05 USD) - 2022/11/06 13:25:01 ET
Table 'Veritas IV' 6-max Seat #6 is the button
Seat 1: Diego.Rodx ($6.77 in chips) 
Seat 2: uranus18 ($5.22 in chips) 
Seat 4: leonrhodes1993 ($5.55 in chips) 
Seat 5: LAKSHME ($4.93 in chips) 
Seat 6: Lorpugo ($4.35 in chips) 
Diego.Rodx: posts small blind $0.02
uranus18: posts big blind $0.05
iredised: sits out 
*** HOLE CARDS ***
Dealt to Lorpugo [9d As]
leonrhodes1993: folds 
LAKSHME: folds 
Lorpugo: raises $0.10 to $0.15
Diego.Rodx: folds 
uranus18: raises $0.45 to $0.60
Lorpugo: folds 
Uncalled bet ($0.45) returned to uranus18
uranus18 collected $0.32 from pot
uranus18: doesn't show hand 
*** SUMMARY ***
Total pot $0.32 | Rake $0 
Seat 1: Diego.Rodx (small blind) folded before Flop
Seat 2: uranus18 (big blind) collected ($0.32)
Seat 4: leonrhodes1993 folded before Flop (didn't bet)
Seat 5: LAKSHME folded before Flop (didn't bet)
Seat 6: Lorpugo (button) folded before Flop



