PokerStars Hand #239649007168:  Hold'em No Limit ($0.01/$0.02 USD) - 2022/11/04 15:09:34 ET
Table 'Nyanza III' 6-max Seat #2 is the button
Seat 1: NorganNoyors ($2.09 in chips) 
Seat 2: Nic Taylor 888 ($1.46 in chips) 
Seat 3: davidalejag ($2.64 in chips) 
Seat 4: Lorpugo ($1.60 in chips) 
Seat 5: Overdiewings ($3.11 in chips) 
Seat 6: GoldTayger ($2 in chips) 
davidalejag: posts small blind $0.01
Lorpugo: posts big blind $0.02
*** HOLE CARDS ***
Dealt to Lorpugo [Jd 3s]
Overdiewings has timed out
Overdiewings: folds 
GoldTayger: folds 
NorganNoyors: folds 
Nic Taylor 888: folds 
davidalejag: folds 
Uncalled bet ($0.01) returned to Lorpugo
Lorpugo collected $0.02 from pot
Lorpugo: doesn't show hand 
*** SUMMARY ***
Total pot $0.02 | Rake $0 
Seat 1: NorganNoyors folded before Flop (didn't bet)
Seat 2: Nic Taylor 888 (button) folded before Flop (didn't bet)
Seat 3: davidalejag (small blind) folded before Flop
Seat 4: Lorpugo (big blind) collected ($0.02)
Seat 5: Overdiewings folded before Flop (didn't bet)
Seat 6: GoldTayger folded before Flop (didn't bet)



PokerStars Hand #239649017042:  Hold'em No Limit ($0.01/$0.02 USD) - 2022/11/04 15:10:00 ET
Table 'Nyanza III' 6-max Seat #3 is the button
Seat 1: NorganNoyors ($2.09 in chips) 
Seat 2: Nic Taylor 888 ($1.46 in chips) 
Seat 3: davidalejag ($2.63 in chips) 
Seat 4: Lorpugo ($1.61 in chips) 
Seat 5: Overdiewings ($3.11 in chips) 
Seat 6: GoldTayger ($2 in chips) 
Lorpugo: posts small blind $0.01
Overdiewings: posts big blind $0.02
*** HOLE CARDS ***
Dealt to Lorpugo [8h Ah]
GoldTayger: raises $0.04 to $0.06
NorganNoyors: folds 
Nic Taylor 888: calls $0.06
davidalejag: folds 
Lorpugo: folds 
Overdiewings: folds 
*** FLOP *** [6c 3d 3h]
GoldTayger: checks 
Nic Taylor 888: checks 
*** TURN *** [6c 3d 3h] [4s]
GoldTayger: checks 
Nic Taylor 888: checks 
*** RIVER *** [6c 3d 3h 4s] [9s]
GoldTayger: checks 
Nic Taylor 888: checks 
*** SHOW DOWN ***
GoldTayger: shows [As Td] (a pair of Threes)
Nic Taylor 888: shows [Ad Th] (a pair of Threes)
GoldTayger collected $0.07 from pot
Nic Taylor 888 collected $0.07 from pot
*** SUMMARY ***
Total pot $0.15 | Rake $0.01 
Board [6c 3d 3h 4s 9s]
Seat 1: NorganNoyors folded before Flop (didn't bet)
Seat 2: Nic Taylor 888 showed [Ad Th] and won ($0.07) with a pair of Threes
Seat 3: davidalejag (button) folded before Flop (didn't bet)
Seat 4: Lorpugo (small blind) folded before Flop
Seat 5: Overdiewings (big blind) folded before Flop
Seat 6: GoldTayger showed [As Td] and won ($0.07) with a pair of Threes



PokerStars Hand #239649028959:  Hold'em No Limit ($0.01/$0.02 USD) - 2022/11/04 15:10:32 ET
Table 'Nyanza III' 6-max Seat #4 is the button
Seat 1: NorganNoyors ($2.09 in chips) 
Seat 2: Nic Taylor 888 ($1.47 in chips) 
Seat 3: davidalejag ($2.63 in chips) 
Seat 4: Lorpugo ($1.60 in chips) 
Seat 5: Overdiewings ($3.09 in chips) 
Seat 6: GoldTayger ($2.01 in chips) 
Overdiewings: posts small blind $0.01
GoldTayger: posts big blind $0.02
*** HOLE CARDS ***
Dealt to Lorpugo [Ad 3h]
NorganNoyors: folds 
Nic Taylor 888: folds 
davidalejag: raises $0.03 to $0.05
Lorpugo: calls $0.05
Overdiewings: folds 
GoldTayger: folds 
*** FLOP *** [5s Ts 9c]
davidalejag: checks 
Lorpugo: checks 
*** TURN *** [5s Ts 9c] [3d]
davidalejag: checks 
Lorpugo: bets $0.07
davidalejag: folds 
Uncalled bet ($0.07) returned to Lorpugo
Lorpugo collected $0.13 from pot
Lorpugo: doesn't show hand 
*** SUMMARY ***
Total pot $0.13 | Rake $0 
Board [5s Ts 9c 3d]
Seat 1: NorganNoyors folded before Flop (didn't bet)
Seat 2: Nic Taylor 888 folded before Flop (didn't bet)
Seat 3: davidalejag folded on the Turn
Seat 4: Lorpugo (button) collected ($0.13)
Seat 5: Overdiewings (small blind) folded before Flop
Seat 6: GoldTayger (big blind) folded before Flop



PokerStars Hand #239649049426:  Hold'em No Limit ($0.01/$0.02 USD) - 2022/11/04 15:11:27 ET
Table 'Nyanza III' 6-max Seat #5 is the button
Seat 1: NorganNoyors ($2.09 in chips) 
Seat 2: Nic Taylor 888 ($1.47 in chips) 
Seat 3: davidalejag ($2.58 in chips) 
Seat 4: Lorpugo ($1.68 in chips) 
Seat 5: Overdiewings ($3.08 in chips) 
Seat 6: GoldTayger ($2 in chips) 
GoldTayger: posts small blind $0.01
NorganNoyors: posts big blind $0.02
*** HOLE CARDS ***
Dealt to Lorpugo [6c 3c]
Nic Taylor 888: calls $0.02
davidalejag: folds 
Lorpugo: folds 
Overdiewings: folds 
GoldTayger: folds 
NorganNoyors: checks 
*** FLOP *** [7s Qs 4c]
NorganNoyors: checks 
Nic Taylor 888: bets $0.02
NorganNoyors: folds 
Uncalled bet ($0.02) returned to Nic Taylor 888
Nic Taylor 888 collected $0.05 from pot
Nic Taylor 888: doesn't show hand 
*** SUMMARY ***
Total pot $0.05 | Rake $0 
Board [7s Qs 4c]
Seat 1: NorganNoyors (big blind) folded on the Flop
Seat 2: Nic Taylor 888 collected ($0.05)
Seat 3: davidalejag folded before Flop (didn't bet)
Seat 4: Lorpugo folded before Flop (didn't bet)
Seat 5: Overdiewings (button) folded before Flop (didn't bet)
Seat 6: GoldTayger (small blind) folded before Flop



PokerStars Hand #239649059916:  Hold'em No Limit ($0.01/$0.02 USD) - 2022/11/04 15:11:55 ET
Table 'Nyanza III' 6-max Seat #6 is the button
Seat 1: NorganNoyors ($2.07 in chips) 
Seat 2: Nic Taylor 888 ($1.50 in chips) 
Seat 3: davidalejag ($2.58 in chips) 
Seat 4: Lorpugo ($1.68 in chips) 
Seat 5: Overdiewings ($3.08 in chips) 
Seat 6: GoldTayger ($2 in chips) 
NorganNoyors: posts small blind $0.01
Nic Taylor 888: posts big blind $0.02
*** HOLE CARDS ***
Dealt to Lorpugo [2d 2s]
davidalejag: folds 
Lorpugo: raises $0.04 to $0.06
Overdiewings: folds 
GoldTayger: folds 
NorganNoyors: folds 
Nic Taylor 888: calls $0.04
*** FLOP *** [Th 5c 4h]
Nic Taylor 888: checks 
Lorpugo: bets $0.07
Nic Taylor 888: raises $0.13 to $0.20
Lorpugo: folds 
Uncalled bet ($0.13) returned to Nic Taylor 888
Nic Taylor 888 collected $0.26 from pot
Nic Taylor 888: doesn't show hand 
*** SUMMARY ***
Total pot $0.27 | Rake $0.01 
Board [Th 5c 4h]
Seat 1: NorganNoyors (small blind) folded before Flop
Seat 2: Nic Taylor 888 (big blind) collected ($0.26)
Seat 3: davidalejag folded before Flop (didn't bet)
Seat 4: Lorpugo folded on the Flop
Seat 5: Overdiewings folded before Flop (didn't bet)
Seat 6: GoldTayger (button) folded before Flop (didn't bet)



PokerStars Hand #239649076634:  Hold'em No Limit ($0.01/$0.02 USD) - 2022/11/04 15:12:40 ET
Table 'Nyanza III' 6-max Seat #1 is the button
Seat 1: NorganNoyors ($2.06 in chips) 
Seat 2: Nic Taylor 888 ($1.63 in chips) 
Seat 3: davidalejag ($2.58 in chips) 
Seat 4: Lorpugo ($1.55 in chips) 
Seat 5: Overdiewings ($3.08 in chips) 
Seat 6: GoldTayger ($2 in chips) 
Nic Taylor 888: posts small blind $0.01
davidalejag: posts big blind $0.02
*** HOLE CARDS ***
Dealt to Lorpugo [3d Ah]
Lorpugo: folds 
Overdiewings: folds 
GoldTayger: raises $0.03 to $0.05
NorganNoyors: folds 
Nic Taylor 888: calls $0.04
davidalejag: folds 
*** FLOP *** [7s Qd 8h]
Nic Taylor 888: bets $0.06
GoldTayger: folds 
Uncalled bet ($0.06) returned to Nic Taylor 888
Nic Taylor 888 collected $0.12 from pot
Nic Taylor 888: doesn't show hand 
*** SUMMARY ***
Total pot $0.12 | Rake $0 
Board [7s Qd 8h]
Seat 1: NorganNoyors (button) folded before Flop (didn't bet)
Seat 2: Nic Taylor 888 (small blind) collected ($0.12)
Seat 3: davidalejag (big blind) folded before Flop
Seat 4: Lorpugo folded before Flop (didn't bet)
Seat 5: Overdiewings folded before Flop (didn't bet)
Seat 6: GoldTayger folded on the Flop



PokerStars Hand #239649089715:  Hold'em No Limit ($0.01/$0.02 USD) - 2022/11/04 15:13:15 ET
Table 'Nyanza III' 6-max Seat #3 is the button
Seat 1: NorganNoyors ($2.06 in chips) 
Seat 3: davidalejag ($2.56 in chips) 
Seat 4: Lorpugo ($1.55 in chips) 
Seat 5: Overdiewings ($3.08 in chips) 
Seat 6: GoldTayger ($2 in chips) 
Lorpugo: posts small blind $0.01
Overdiewings: posts big blind $0.02
*** HOLE CARDS ***
Dealt to Lorpugo [6d 8s]
Nic Taylor 888 leaves the table
GoldTayger: folds 
NorganNoyors: folds 
davidalejag: folds 
Lorpugo: raises $0.04 to $0.06
Overdiewings: folds 
Uncalled bet ($0.04) returned to Lorpugo
Lorpugo collected $0.04 from pot
Lorpugo: doesn't show hand 
NorganNoyors leaves the table
*** SUMMARY ***
Total pot $0.04 | Rake $0 
Seat 1: NorganNoyors folded before Flop (didn't bet)
Seat 3: davidalejag (button) folded before Flop (didn't bet)
Seat 4: Lorpugo (small blind) collected ($0.04)
Seat 5: Overdiewings (big blind) folded before Flop
Seat 6: GoldTayger folded before Flop (didn't bet)



PokerStars Hand #239649095190:  Hold'em No Limit ($0.01/$0.02 USD) - 2022/11/04 15:13:30 ET
Table 'Nyanza III' 6-max Seat #4 is the button
Seat 3: davidalejag ($2.56 in chips) 
Seat 4: Lorpugo ($1.57 in chips) 
Seat 5: Overdiewings ($3.06 in chips) 
Seat 6: GoldTayger ($2 in chips) 
Overdiewings: posts small blind $0.01
GoldTayger: posts big blind $0.02
*** HOLE CARDS ***
Dealt to Lorpugo [3d Qh]
GM111155 joins the table at seat #2 
davidalejag: folds 
Lorpugo: folds 
Overdiewings: folds 
Uncalled bet ($0.01) returned to GoldTayger
GoldTayger collected $0.02 from pot
GoldTayger: doesn't show hand 
*** SUMMARY ***
Total pot $0.02 | Rake $0 
Seat 3: davidalejag folded before Flop (didn't bet)
Seat 4: Lorpugo (button) folded before Flop (didn't bet)
Seat 5: Overdiewings (small blind) folded before Flop
Seat 6: GoldTayger (big blind) collected ($0.02)



PokerStars Hand #239649098900:  Hold'em No Limit ($0.01/$0.02 USD) - 2022/11/04 15:13:40 ET
Table 'Nyanza III' 6-max Seat #5 is the button
Seat 2: GM111155 ($1.60 in chips) 
Seat 3: davidalejag ($2.56 in chips) 
Seat 4: Lorpugo ($1.57 in chips) 
Seat 5: Overdiewings ($3.05 in chips) 
Seat 6: GoldTayger ($2.01 in chips) 
GoldTayger: posts small blind $0.01
GM111155: posts big blind $0.02
*** HOLE CARDS ***
Dealt to Lorpugo [3h Qd]
davidalejag: folds 
Lorpugo: folds 
Overdiewings: raises $0.03 to $0.05
GoldTayger: folds 
GM111155: calls $0.03
*** FLOP *** [7d 3c 9s]
GM111155: checks 
Overdiewings: bets $0.04
GM111155: folds 
Uncalled bet ($0.04) returned to Overdiewings
Overdiewings collected $0.11 from pot
*** SUMMARY ***
Total pot $0.11 | Rake $0 
Board [7d 3c 9s]
Seat 2: GM111155 (big blind) folded on the Flop
Seat 3: davidalejag folded before Flop (didn't bet)
Seat 4: Lorpugo folded before Flop (didn't bet)
Seat 5: Overdiewings (button) collected ($0.11)
Seat 6: GoldTayger (small blind) folded before Flop



PokerStars Hand #239649107057:  Hold'em No Limit ($0.01/$0.02 USD) - 2022/11/04 15:14:02 ET
Table 'Nyanza III' 6-max Seat #6 is the button
Seat 2: GM111155 ($1.55 in chips) 
Seat 3: davidalejag ($2.56 in chips) 
Seat 4: Lorpugo ($1.57 in chips) 
Seat 5: Overdiewings ($3.11 in chips) 
Seat 6: GoldTayger ($2 in chips) 
GM111155: posts small blind $0.01
davidalejag: posts big blind $0.02
*** HOLE CARDS ***
Dealt to Lorpugo [7s 4s]
Lorpugo: folds 
Overdiewings: folds 
GoldTayger: raises $0.03 to $0.05
GM111155: raises $0.03 to $0.08
davidalejag: folds 
GoldTayger: calls $0.03
*** FLOP *** [4d 8h Ks]
GM111155: checks 
GoldTayger: checks 
*** TURN *** [4d 8h Ks] [6s]
GM111155: checks 
GoldTayger: checks 
*** RIVER *** [4d 8h Ks 6s] [8d]
GM111155: checks 
GoldTayger: bets $0.11
GM111155: folds 
Uncalled bet ($0.11) returned to GoldTayger
GoldTayger collected $0.17 from pot
GoldTayger: doesn't show hand 
*** SUMMARY ***
Total pot $0.18 | Rake $0.01 
Board [4d 8h Ks 6s 8d]
Seat 2: GM111155 (small blind) folded on the River
Seat 3: davidalejag (big blind) folded before Flop
Seat 4: Lorpugo folded before Flop (didn't bet)
Seat 5: Overdiewings folded before Flop (didn't bet)
Seat 6: GoldTayger (button) collected ($0.17)



PokerStars Hand #239649123721:  Hold'em No Limit ($0.01/$0.02 USD) - 2022/11/04 15:14:47 ET
Table 'Nyanza III' 6-max Seat #2 is the button
Seat 2: GM111155 ($1.47 in chips) 
Seat 3: davidalejag ($2.54 in chips) 
Seat 4: Lorpugo ($1.57 in chips) 
Seat 5: Overdiewings ($3.11 in chips) 
Seat 6: GoldTayger ($2.09 in chips) 
davidalejag: posts small blind $0.01
Lorpugo: posts big blind $0.02
*** HOLE CARDS ***
Dealt to Lorpugo [Jc 5h]
Overdiewings: folds 
GoldTayger: raises $0.04 to $0.06
GM111155: folds 
davidalejag: folds 
Lorpugo: folds 
Uncalled bet ($0.04) returned to GoldTayger
GoldTayger collected $0.05 from pot
GoldTayger: doesn't show hand 
*** SUMMARY ***
Total pot $0.05 | Rake $0 
Seat 2: GM111155 (button) folded before Flop (didn't bet)
Seat 3: davidalejag (small blind) folded before Flop
Seat 4: Lorpugo (big blind) folded before Flop
Seat 5: Overdiewings folded before Flop (didn't bet)
Seat 6: GoldTayger collected ($0.05)



PokerStars Hand #239649131124:  Hold'em No Limit ($0.01/$0.02 USD) - 2022/11/04 15:15:06 ET
Table 'Nyanza III' 6-max Seat #3 is the button
Seat 2: GM111155 ($1.47 in chips) 
Seat 3: davidalejag ($2.53 in chips) 
Seat 4: Lorpugo ($1.55 in chips) 
Seat 5: Overdiewings ($3.11 in chips) 
Seat 6: GoldTayger ($2.12 in chips) 
Lorpugo: posts small blind $0.01
Overdiewings: posts big blind $0.02
*** HOLE CARDS ***
Dealt to Lorpugo [6d 9d]
GoldTayger: raises $0.04 to $0.06
GM111155: calls $0.06
davidalejag: raises $0.24 to $0.30
Lorpugo: folds 
Overdiewings: folds 
Djoko704 joins the table at seat #1 
GoldTayger: calls $0.24
GM111155: folds 
*** FLOP *** [4d 9s 5d]
GoldTayger: checks 
davidalejag: checks 
*** TURN *** [4d 9s 5d] [5h]
GoldTayger: checks 
davidalejag: checks 
*** RIVER *** [4d 9s 5d 5h] [3h]
GoldTayger: checks 
davidalejag: checks 
*** SHOW DOWN ***
GoldTayger: shows [Kd As] (a pair of Fives)
davidalejag: shows [Kc Ad] (a pair of Fives)
GoldTayger collected $0.34 from pot
davidalejag collected $0.33 from pot
*** SUMMARY ***
Total pot $0.69 | Rake $0.02 
Board [4d 9s 5d 5h 3h]
Seat 2: GM111155 folded before Flop
Seat 3: davidalejag (button) showed [Kc Ad] and won ($0.33) with a pair of Fives
Seat 4: Lorpugo (small blind) folded before Flop
Seat 5: Overdiewings (big blind) folded before Flop
Seat 6: GoldTayger showed [Kd As] and won ($0.34) with a pair of Fives



PokerStars Hand #239649150022:  Hold'em No Limit ($0.01/$0.02 USD) - 2022/11/04 15:15:56 ET
Table 'Nyanza III' 6-max Seat #4 is the button
Seat 2: GM111155 ($1.41 in chips) 
Seat 3: davidalejag ($2.56 in chips) 
Seat 4: Lorpugo ($1.54 in chips) 
Seat 5: Overdiewings ($3.09 in chips) 
Seat 6: GoldTayger ($2.16 in chips) 
Overdiewings: posts small blind $0.01
GoldTayger: posts big blind $0.02
Djoko704: sits out 
*** HOLE CARDS ***
Dealt to Lorpugo [Ad 8d]
GM111155: folds 
davidalejag: folds 
Lorpugo: raises $0.04 to $0.06
Overdiewings: folds 
GoldTayger: folds 
Uncalled bet ($0.04) returned to Lorpugo
Lorpugo collected $0.05 from pot
Lorpugo: doesn't show hand 
*** SUMMARY ***
Total pot $0.05 | Rake $0 
Seat 2: GM111155 folded before Flop (didn't bet)
Seat 3: davidalejag folded before Flop (didn't bet)
Seat 4: Lorpugo (button) collected ($0.05)
Seat 5: Overdiewings (small blind) folded before Flop
Seat 6: GoldTayger (big blind) folded before Flop



PokerStars Hand #239649160223:  Hold'em No Limit ($0.01/$0.02 USD) - 2022/11/04 15:16:23 ET
Table 'Nyanza III' 6-max Seat #5 is the button
Seat 1: Djoko704 ($0.80 in chips) 
Seat 2: GM111155 ($1.41 in chips) 
Seat 3: davidalejag ($2.56 in chips) 
Seat 4: Lorpugo ($1.57 in chips) 
Seat 5: Overdiewings ($3.08 in chips) 
Seat 6: GoldTayger ($2.14 in chips) 
GoldTayger: posts small blind $0.01
Djoko704: posts big blind $0.02
*** HOLE CARDS ***
Dealt to Lorpugo [6h 7h]
GM111155: folds 
davidalejag: raises $0.03 to $0.05
Lorpugo: calls $0.05
Overdiewings: folds 
GoldTayger: folds 
Djoko704: calls $0.03
*** FLOP *** [Ah 2h Ad]
Djoko704: checks 
davidalejag: checks 
Lorpugo: bets $0.08
Djoko704: folds 
davidalejag: folds 
Uncalled bet ($0.08) returned to Lorpugo
Lorpugo collected $0.15 from pot
Lorpugo: doesn't show hand 
*** SUMMARY ***
Total pot $0.16 | Rake $0.01 
Board [Ah 2h Ad]
Seat 1: Djoko704 (big blind) folded on the Flop
Seat 2: GM111155 folded before Flop (didn't bet)
Seat 3: davidalejag folded on the Flop
Seat 4: Lorpugo collected ($0.15)
Seat 5: Overdiewings (button) folded before Flop (didn't bet)
Seat 6: GoldTayger (small blind) folded before Flop



PokerStars Hand #239649186928:  Hold'em No Limit ($0.01/$0.02 USD) - 2022/11/04 15:17:34 ET
Table 'Nyanza III' 6-max Seat #6 is the button
Seat 1: Djoko704 ($0.75 in chips) 
Seat 2: GM111155 ($1.41 in chips) 
Seat 3: davidalejag ($2.51 in chips) 
Seat 4: Lorpugo ($1.67 in chips) 
Seat 5: Overdiewings ($3.08 in chips) 
Seat 6: GoldTayger ($2.13 in chips) 
Djoko704: posts small blind $0.01
GM111155: posts big blind $0.02
*** HOLE CARDS ***
Dealt to Lorpugo [9h 2c]
davidalejag: raises $0.03 to $0.05
Lorpugo: folds 
Overdiewings: folds 
GoldTayger: folds 
Djoko704: folds 
GM111155: calls $0.03
*** FLOP *** [Jh Ac 7s]
GM111155: checks 
davidalejag: bets $0.05
GM111155: folds 
Uncalled bet ($0.05) returned to davidalejag
davidalejag collected $0.11 from pot
*** SUMMARY ***
Total pot $0.11 | Rake $0 
Board [Jh Ac 7s]
Seat 1: Djoko704 (small blind) folded before Flop
Seat 2: GM111155 (big blind) folded on the Flop
Seat 3: davidalejag collected ($0.11)
Seat 4: Lorpugo folded before Flop (didn't bet)
Seat 5: Overdiewings folded before Flop (didn't bet)
Seat 6: GoldTayger (button) folded before Flop (didn't bet)



PokerStars Hand #239649195514:  Hold'em No Limit ($0.01/$0.02 USD) - 2022/11/04 15:17:56 ET
Table 'Nyanza III' 6-max Seat #1 is the button
Seat 1: Djoko704 ($0.74 in chips) 
Seat 2: GM111155 ($1.36 in chips) 
Seat 3: davidalejag ($2.57 in chips) 
Seat 4: Lorpugo ($1.67 in chips) 
Seat 5: Overdiewings ($3.08 in chips) 
Seat 6: GoldTayger ($2.13 in chips) 
GM111155: posts small blind $0.01
davidalejag: posts big blind $0.02
*** HOLE CARDS ***
Dealt to Lorpugo [Ah 4h]
Lorpugo: folds 
Overdiewings: raises $0.03 to $0.05
GoldTayger: calls $0.05
Djoko704: folds 
GM111155: folds 
davidalejag: folds 
*** FLOP *** [7c 7h 3c]
Overdiewings: bets $0.04
GoldTayger: folds 
Uncalled bet ($0.04) returned to Overdiewings
Overdiewings collected $0.13 from pot
*** SUMMARY ***
Total pot $0.13 | Rake $0 
Board [7c 7h 3c]
Seat 1: Djoko704 (button) folded before Flop (didn't bet)
Seat 2: GM111155 (small blind) folded before Flop
Seat 3: davidalejag (big blind) folded before Flop
Seat 4: Lorpugo folded before Flop (didn't bet)
Seat 5: Overdiewings collected ($0.13)
Seat 6: GoldTayger folded on the Flop



PokerStars Hand #239649207386:  Hold'em No Limit ($0.01/$0.02 USD) - 2022/11/04 15:18:28 ET
Table 'Nyanza III' 6-max Seat #2 is the button
Seat 1: Djoko704 ($0.74 in chips) 
Seat 2: GM111155 ($1.35 in chips) 
Seat 3: davidalejag ($2.55 in chips) 
Seat 4: Lorpugo ($1.67 in chips) 
Seat 5: Overdiewings ($3.16 in chips) 
Seat 6: GoldTayger ($2.08 in chips) 
davidalejag: posts small blind $0.01
Lorpugo: posts big blind $0.02
*** HOLE CARDS ***
Dealt to Lorpugo [6h 9h]
Overdiewings: folds 
GoldTayger: raises $0.04 to $0.06
Djoko704: folds 
GM111155: folds 
davidalejag: folds 
Lorpugo: calls $0.04
*** FLOP *** [Jc 9c Kc]
Lorpugo: checks 
GoldTayger: checks 
*** TURN *** [Jc 9c Kc] [6s]
Lorpugo: bets $0.09
GoldTayger: folds 
Uncalled bet ($0.09) returned to Lorpugo
Lorpugo collected $0.13 from pot
Lorpugo: doesn't show hand 
*** SUMMARY ***
Total pot $0.13 | Rake $0 
Board [Jc 9c Kc 6s]
Seat 1: Djoko704 folded before Flop (didn't bet)
Seat 2: GM111155 (button) folded before Flop (didn't bet)
Seat 3: davidalejag (small blind) folded before Flop
Seat 4: Lorpugo (big blind) collected ($0.13)
Seat 5: Overdiewings folded before Flop (didn't bet)
Seat 6: GoldTayger folded on the Turn



PokerStars Hand #239649219836:  Hold'em No Limit ($0.01/$0.02 USD) - 2022/11/04 15:19:01 ET
Table 'Nyanza III' 6-max Seat #3 is the button
Seat 1: Djoko704 ($0.74 in chips) 
Seat 2: GM111155 ($1.35 in chips) 
Seat 3: davidalejag ($2.54 in chips) 
Seat 4: Lorpugo ($1.74 in chips) 
Seat 5: Overdiewings ($3.16 in chips) 
Seat 6: GoldTayger ($2.02 in chips) 
Lorpugo: posts small blind $0.01
Overdiewings: posts big blind $0.02
*** HOLE CARDS ***
Dealt to Lorpugo [3s 3d]
GoldTayger: raises $0.04 to $0.06
Djoko704: folds 
GM111155: folds 
davidalejag: folds 
Lorpugo: calls $0.05
Overdiewings is disconnected 
Overdiewings is connected 
Overdiewings: folds 
*** FLOP *** [7h Qc 5s]
Lorpugo: checks 
GoldTayger: bets $0.14
Lorpugo: folds 
Uncalled bet ($0.14) returned to GoldTayger
GoldTayger collected $0.14 from pot
GoldTayger: doesn't show hand 
*** SUMMARY ***
Total pot $0.14 | Rake $0 
Board [7h Qc 5s]
Seat 1: Djoko704 folded before Flop (didn't bet)
Seat 2: GM111155 folded before Flop (didn't bet)
Seat 3: davidalejag (button) folded before Flop (didn't bet)
Seat 4: Lorpugo (small blind) folded on the Flop
Seat 5: Overdiewings (big blind) folded before Flop
Seat 6: GoldTayger collected ($0.14)



PokerStars Hand #239649242961:  Hold'em No Limit ($0.01/$0.02 USD) - 2022/11/04 15:20:02 ET
Table 'Nyanza III' 6-max Seat #4 is the button
Seat 1: Djoko704 ($0.74 in chips) 
Seat 2: GM111155 ($1.35 in chips) 
Seat 3: davidalejag ($2.54 in chips) 
Seat 4: Lorpugo ($1.68 in chips) 
Seat 5: Overdiewings ($3.14 in chips) 
Seat 6: GoldTayger ($2.10 in chips) 
Overdiewings: posts small blind $0.01
GoldTayger: posts big blind $0.02
*** HOLE CARDS ***
Dealt to Lorpugo [4d 9d]
Djoko704: folds 
GM111155: folds 
davidalejag: folds 
Lorpugo: folds 
Overdiewings: raises $0.03 to $0.05
GoldTayger: calls $0.03
*** FLOP *** [Qs 2h 6s]
Overdiewings: bets $0.03
GoldTayger: raises $0.11 to $0.14
Overdiewings: folds 
Uncalled bet ($0.11) returned to GoldTayger
GoldTayger collected $0.15 from pot
GoldTayger: doesn't show hand 
*** SUMMARY ***
Total pot $0.16 | Rake $0.01 
Board [Qs 2h 6s]
Seat 1: Djoko704 folded before Flop (didn't bet)
Seat 2: GM111155 folded before Flop (didn't bet)
Seat 3: davidalejag folded before Flop (didn't bet)
Seat 4: Lorpugo (button) folded before Flop (didn't bet)
Seat 5: Overdiewings (small blind) folded on the Flop
Seat 6: GoldTayger (big blind) collected ($0.15)



PokerStars Hand #239649250821:  Hold'em No Limit ($0.01/$0.02 USD) - 2022/11/04 15:20:23 ET
Table 'Nyanza III' 6-max Seat #5 is the button
Seat 1: Djoko704 ($0.74 in chips) 
Seat 2: GM111155 ($1.35 in chips) 
Seat 3: davidalejag ($2.54 in chips) 
Seat 4: Lorpugo ($1.68 in chips) 
Seat 5: Overdiewings ($3.06 in chips) 
Seat 6: GoldTayger ($2.17 in chips) 
GoldTayger: posts small blind $0.01
Djoko704: posts big blind $0.02
*** HOLE CARDS ***
Dealt to Lorpugo [Jh 2c]
GM111155: folds 
davidalejag: folds 
Lorpugo: folds 
Overdiewings: raises $0.03 to $0.05
GoldTayger: folds 
Djoko704: calls $0.03
*** FLOP *** [9d Jd 3c]
Djoko704: checks 
Overdiewings: bets $0.03
Djoko704: calls $0.03
*** TURN *** [9d Jd 3c] [4s]
Djoko704: checks 
Overdiewings: bets $0.07
Djoko704: folds 
Uncalled bet ($0.07) returned to Overdiewings
Overdiewings collected $0.16 from pot
*** SUMMARY ***
Total pot $0.17 | Rake $0.01 
Board [9d Jd 3c 4s]
Seat 1: Djoko704 (big blind) folded on the Turn
Seat 2: GM111155 folded before Flop (didn't bet)
Seat 3: davidalejag folded before Flop (didn't bet)
Seat 4: Lorpugo folded before Flop (didn't bet)
Seat 5: Overdiewings (button) collected ($0.16)
Seat 6: GoldTayger (small blind) folded before Flop



PokerStars Hand #239649262152:  Hold'em No Limit ($0.01/$0.02 USD) - 2022/11/04 15:20:53 ET
Table 'Nyanza III' 6-max Seat #6 is the button
Seat 1: Djoko704 ($0.66 in chips) 
Seat 2: GM111155 ($1.35 in chips) 
Seat 3: davidalejag ($2.54 in chips) 
Seat 4: Lorpugo ($1.68 in chips) 
Seat 5: Overdiewings ($3.14 in chips) 
Seat 6: GoldTayger ($2.16 in chips) 
Djoko704: posts small blind $0.01
GM111155: posts big blind $0.02
*** HOLE CARDS ***
Dealt to Lorpugo [Jd 2d]
davidalejag: folds 
Lorpugo has timed out
Lorpugo: folds 
Overdiewings: folds 
GoldTayger: folds 
Djoko704: folds 
Uncalled bet ($0.01) returned to GM111155
GM111155 collected $0.02 from pot
GM111155: doesn't show hand 
*** SUMMARY ***
Total pot $0.02 | Rake $0 
Seat 1: Djoko704 (small blind) folded before Flop
Seat 2: GM111155 (big blind) collected ($0.02)
Seat 3: davidalejag folded before Flop (didn't bet)
Seat 4: Lorpugo folded before Flop (didn't bet)
Seat 5: Overdiewings folded before Flop (didn't bet)
Seat 6: GoldTayger (button) folded before Flop (didn't bet)



PokerStars Hand #239649300364:  Hold'em No Limit ($0.01/$0.02 USD) - 2022/11/04 15:22:34 ET
Table 'Nyanza III' 6-max Seat #2 is the button
Seat 1: Djoko704 ($0.65 in chips) 
Seat 2: GM111155 ($1.41 in chips) 
Seat 3: Skljar ($2.01 in chips) 
Seat 4: Lorpugo ($1.68 in chips) 
Seat 5: Overdiewings ($3.14 in chips) 
Seat 6: GoldTayger ($2.10 in chips) 
Skljar: posts small blind $0.01
Lorpugo: posts big blind $0.02
*** HOLE CARDS ***
Dealt to Lorpugo [9s 9h]
Overdiewings: folds 
GoldTayger: folds 
Djoko704: folds 
GM111155: folds 
Skljar: folds 
Uncalled bet ($0.01) returned to Lorpugo
Lorpugo collected $0.02 from pot
Lorpugo: doesn't show hand 
*** SUMMARY ***
Total pot $0.02 | Rake $0 
Seat 1: Djoko704 folded before Flop (didn't bet)
Seat 2: GM111155 (button) folded before Flop (didn't bet)
Seat 3: Skljar (small blind) folded before Flop
Seat 4: Lorpugo (big blind) collected ($0.02)
Seat 5: Overdiewings folded before Flop (didn't bet)
Seat 6: GoldTayger folded before Flop (didn't bet)



PokerStars Hand #239649307760:  Hold'em No Limit ($0.01/$0.02 USD) - 2022/11/04 15:22:54 ET
Table 'Nyanza III' 6-max Seat #3 is the button
Seat 1: Djoko704 ($0.65 in chips) 
Seat 2: GM111155 ($1.41 in chips) 
Seat 3: Skljar ($2 in chips) 
Seat 4: Lorpugo ($1.69 in chips) 
Seat 5: Overdiewings ($3.14 in chips) 
Seat 6: GoldTayger ($2.10 in chips) 
Lorpugo: posts small blind $0.01
Overdiewings: posts big blind $0.02
*** HOLE CARDS ***
Dealt to Lorpugo [7c 7h]
GoldTayger: raises $0.04 to $0.06
Djoko704: calls $0.06
GM111155: folds 
Skljar: folds 
Lorpugo: calls $0.05
Overdiewings: folds 
*** FLOP *** [3d Jd Tc]
Lorpugo: checks 
GoldTayger: checks 
Djoko704: checks 
*** TURN *** [3d Jd Tc] [2h]
Lorpugo: bets $0.06
GoldTayger: folds 
Djoko704: calls $0.06
*** RIVER *** [3d Jd Tc 2h] [8c]
Lorpugo: checks 
Djoko704: checks 
*** SHOW DOWN ***
Lorpugo: shows [7c 7h] (a pair of Sevens)
Djoko704: mucks hand 
Lorpugo collected $0.31 from pot
*** SUMMARY ***
Total pot $0.32 | Rake $0.01 
Board [3d Jd Tc 2h 8c]
Seat 1: Djoko704 mucked [5d Qd]
Seat 2: GM111155 folded before Flop (didn't bet)
Seat 3: Skljar (button) folded before Flop (didn't bet)
Seat 4: Lorpugo (small blind) showed [7c 7h] and won ($0.31) with a pair of Sevens
Seat 5: Overdiewings (big blind) folded before Flop
Seat 6: GoldTayger folded on the Turn



PokerStars Hand #239649322128:  Hold'em No Limit ($0.01/$0.02 USD) - 2022/11/04 15:23:32 ET
Table 'Nyanza III' 6-max Seat #4 is the button
Seat 1: Djoko704 ($0.53 in chips) 
Seat 2: GM111155 ($1.41 in chips) 
Seat 3: Skljar ($2 in chips) 
Seat 4: Lorpugo ($1.88 in chips) 
Seat 5: Overdiewings ($3.12 in chips) 
Seat 6: GoldTayger ($2.04 in chips) 
Overdiewings: posts small blind $0.01
GoldTayger: posts big blind $0.02
*** HOLE CARDS ***
Dealt to Lorpugo [5c 2d]
Djoko704: folds 
GM111155: folds 
Skljar: folds 
Lorpugo: folds 
Overdiewings: raises $0.03 to $0.05
GoldTayger: folds 
Uncalled bet ($0.03) returned to Overdiewings
Overdiewings collected $0.04 from pot
*** SUMMARY ***
Total pot $0.04 | Rake $0 
Seat 1: Djoko704 folded before Flop (didn't bet)
Seat 2: GM111155 folded before Flop (didn't bet)
Seat 3: Skljar folded before Flop (didn't bet)
Seat 4: Lorpugo (button) folded before Flop (didn't bet)
Seat 5: Overdiewings (small blind) collected ($0.04)
Seat 6: GoldTayger (big blind) folded before Flop



PokerStars Hand #239649327257:  Hold'em No Limit ($0.01/$0.02 USD) - 2022/11/04 15:23:46 ET
Table 'Nyanza III' 6-max Seat #5 is the button
Seat 1: Djoko704 ($0.53 in chips) 
Seat 2: GM111155 ($1.41 in chips) 
Seat 3: Skljar ($2 in chips) 
Seat 4: Lorpugo ($1.88 in chips) 
Seat 5: Overdiewings ($3.14 in chips) 
Seat 6: GoldTayger ($2.02 in chips) 
GoldTayger: posts small blind $0.01
Djoko704: posts big blind $0.02
*** HOLE CARDS ***
Dealt to Lorpugo [Kd 6s]
GM111155: raises $0.02 to $0.04
Skljar: folds 
Lorpugo: folds 
Overdiewings: raises $0.13 to $0.17
GoldTayger: folds 
Djoko704: calls $0.15
GM111155: folds 
*** FLOP *** [4d 3h 4c]
Djoko704: checks 
Overdiewings: bets $0.15
Djoko704: calls $0.15
*** TURN *** [4d 3h 4c] [6c]
Djoko704: checks 
Overdiewings: bets $0.26
Djoko704: folds 
Uncalled bet ($0.26) returned to Overdiewings
Overdiewings collected $0.67 from pot
*** SUMMARY ***
Total pot $0.69 | Rake $0.02 
Board [4d 3h 4c 6c]
Seat 1: Djoko704 (big blind) folded on the Turn
Seat 2: GM111155 folded before Flop
Seat 3: Skljar folded before Flop (didn't bet)
Seat 4: Lorpugo folded before Flop (didn't bet)
Seat 5: Overdiewings (button) collected ($0.67)
Seat 6: GoldTayger (small blind) folded before Flop



PokerStars Hand #239649340872:  Hold'em No Limit ($0.01/$0.02 USD) - 2022/11/04 15:24:22 ET
Table 'Nyanza III' 6-max Seat #6 is the button
Seat 1: Djoko704 ($0.21 in chips) 
Seat 2: GM111155 ($1.37 in chips) 
Seat 3: Skljar ($2 in chips) 
Seat 4: Lorpugo ($1.88 in chips) 
Seat 5: Overdiewings ($3.49 in chips) 
Seat 6: GoldTayger ($2.01 in chips) 
Djoko704: posts small blind $0.01
GM111155: posts big blind $0.02
*** HOLE CARDS ***
Dealt to Lorpugo [3s 2c]
Skljar: folds 
Lorpugo: folds 
Overdiewings: folds 
GoldTayger: folds 
Djoko704: raises $0.04 to $0.06
GM111155: folds 
Uncalled bet ($0.04) returned to Djoko704
Djoko704 collected $0.04 from pot
*** SUMMARY ***
Total pot $0.04 | Rake $0 
Seat 1: Djoko704 (small blind) collected ($0.04)
Seat 2: GM111155 (big blind) folded before Flop
Seat 3: Skljar folded before Flop (didn't bet)
Seat 4: Lorpugo folded before Flop (didn't bet)
Seat 5: Overdiewings folded before Flop (didn't bet)
Seat 6: GoldTayger (button) folded before Flop (didn't bet)



PokerStars Hand #239649347127:  Hold'em No Limit ($0.01/$0.02 USD) - 2022/11/04 15:24:39 ET
Table 'Nyanza III' 6-max Seat #1 is the button
Seat 1: Djoko704 ($0.23 in chips) 
Seat 2: GM111155 ($1.35 in chips) 
Seat 3: Skljar ($2 in chips) 
Seat 4: Lorpugo ($1.88 in chips) 
Seat 5: Overdiewings ($3.49 in chips) 
Seat 6: GoldTayger ($2.01 in chips) 
GM111155: posts small blind $0.01
Skljar: posts big blind $0.02
*** HOLE CARDS ***
Dealt to Lorpugo [3c Qc]
Lorpugo: folds 
Overdiewings: folds 
GoldTayger: folds 
Djoko704: folds 
GM111155: folds 
Uncalled bet ($0.01) returned to Skljar
Skljar collected $0.02 from pot
Skljar: doesn't show hand 
*** SUMMARY ***
Total pot $0.02 | Rake $0 
Seat 1: Djoko704 (button) folded before Flop (didn't bet)
Seat 2: GM111155 (small blind) folded before Flop
Seat 3: Skljar (big blind) collected ($0.02)
Seat 4: Lorpugo folded before Flop (didn't bet)
Seat 5: Overdiewings folded before Flop (didn't bet)
Seat 6: GoldTayger folded before Flop (didn't bet)



PokerStars Hand #239649353781:  Hold'em No Limit ($0.01/$0.02 USD) - 2022/11/04 15:24:57 ET
Table 'Nyanza III' 6-max Seat #2 is the button
Seat 1: Djoko704 ($0.23 in chips) 
Seat 2: GM111155 ($1.34 in chips) 
Seat 3: Skljar ($2.01 in chips) 
Seat 4: Lorpugo ($1.88 in chips) 
Seat 5: Overdiewings ($3.49 in chips) 
Seat 6: GoldTayger ($2.01 in chips) 
Skljar: posts small blind $0.01
Lorpugo: posts big blind $0.02
*** HOLE CARDS ***
Dealt to Lorpugo [Ac 5s]
Overdiewings: raises $0.03 to $0.05
GoldTayger: folds 
Djoko704: folds 
GM111155: calls $0.05
Skljar: folds 
Lorpugo: folds 
*** FLOP *** [4s 2s 4c]
Overdiewings: bets $0.04
GM111155: folds 
Uncalled bet ($0.04) returned to Overdiewings
Overdiewings collected $0.13 from pot
*** SUMMARY ***
Total pot $0.13 | Rake $0 
Board [4s 2s 4c]
Seat 1: Djoko704 folded before Flop (didn't bet)
Seat 2: GM111155 (button) folded on the Flop
Seat 3: Skljar (small blind) folded before Flop
Seat 4: Lorpugo (big blind) folded before Flop
Seat 5: Overdiewings collected ($0.13)
Seat 6: GoldTayger folded before Flop (didn't bet)



PokerStars Hand #239649363435:  Hold'em No Limit ($0.01/$0.02 USD) - 2022/11/04 15:25:22 ET
Table 'Nyanza III' 6-max Seat #3 is the button
Seat 1: Djoko704 ($0.23 in chips) 
Seat 2: GM111155 ($1.29 in chips) 
Seat 3: Skljar ($2 in chips) 
Seat 4: Lorpugo ($1.86 in chips) 
Seat 5: Overdiewings ($3.57 in chips) 
Seat 6: GoldTayger ($2.01 in chips) 
Lorpugo: posts small blind $0.01
Overdiewings: posts big blind $0.02
*** HOLE CARDS ***
Dealt to Lorpugo [5h 8d]
GoldTayger: raises $0.04 to $0.06
Djoko704: calls $0.06
GM111155: folds 
Skljar: calls $0.06
Lorpugo: folds 
Overdiewings: raises $0.25 to $0.31
GoldTayger: folds 
Djoko704: calls $0.17 and is all-in
Skljar: folds 
Uncalled bet ($0.08) returned to Overdiewings
*** FLOP *** [Jd Qs 6d]
*** TURN *** [Jd Qs 6d] [Ts]
*** RIVER *** [Jd Qs 6d Ts] [2c]
*** SHOW DOWN ***
Overdiewings: shows [Qd Qh] (three of a kind, Queens)
Djoko704: shows [Ks 7d] (high card King)
Overdiewings collected $0.57 from pot
*** SUMMARY ***
Total pot $0.59 | Rake $0.02 
Board [Jd Qs 6d Ts 2c]
Seat 1: Djoko704 showed [Ks 7d] and lost with high card King
Seat 2: GM111155 folded before Flop (didn't bet)
Seat 3: Skljar (button) folded before Flop
Seat 4: Lorpugo (small blind) folded before Flop
Seat 5: Overdiewings (big blind) showed [Qd Qh] and won ($0.57) with three of a kind, Queens
Seat 6: GoldTayger folded before Flop



PokerStars Hand #239649376990:  Hold'em No Limit ($0.01/$0.02 USD) - 2022/11/04 15:25:59 ET
Table 'Nyanza III' 6-max Seat #4 is the button
Seat 2: GM111155 ($1.29 in chips) 
Seat 3: Skljar ($2 in chips) 
Seat 4: Lorpugo ($1.85 in chips) 
Seat 5: Overdiewings ($3.91 in chips) 
Seat 6: GoldTayger ($2 in chips) 
Overdiewings: posts small blind $0.01
GoldTayger: posts big blind $0.02
*** HOLE CARDS ***
Dealt to Lorpugo [6s 8d]
GM111155: folds 
Djoko704 leaves the table
Skljar: raises $0.14 to $0.16
Lorpugo: folds 
Overdiewings: folds 
GoldTayger: calls $0.14
*** FLOP *** [Kd Tc Js]
GoldTayger: checks 
Skljar: bets $0.50
CMPN_mast3r joins the table at seat #1 
GoldTayger: folds 
Uncalled bet ($0.50) returned to Skljar
Skljar collected $0.32 from pot
Skljar: doesn't show hand 
*** SUMMARY ***
Total pot $0.33 | Rake $0.01 
Board [Kd Tc Js]
Seat 2: GM111155 folded before Flop (didn't bet)
Seat 3: Skljar collected ($0.32)
Seat 4: Lorpugo (button) folded before Flop (didn't bet)
Seat 5: Overdiewings (small blind) folded before Flop
Seat 6: GoldTayger (big blind) folded on the Flop



PokerStars Hand #239649391165:  Hold'em No Limit ($0.01/$0.02 USD) - 2022/11/04 15:26:37 ET
Table 'Nyanza III' 6-max Seat #5 is the button
Seat 1: CMPN_mast3r ($0.80 in chips) 
Seat 2: GM111155 ($1.29 in chips) 
Seat 3: Skljar ($2.16 in chips) 
Seat 4: Lorpugo ($1.85 in chips) 
Seat 5: Overdiewings ($3.90 in chips) 
Seat 6: GoldTayger ($2 in chips) 
GoldTayger: posts small blind $0.01
CMPN_mast3r: posts big blind $0.02
*** HOLE CARDS ***
Dealt to Lorpugo [8d 2c]
GM111155: folds 
Skljar: calls $0.02
Lorpugo: folds 
Overdiewings: folds 
GoldTayger: folds 
CMPN_mast3r: checks 
*** FLOP *** [Js Qd 4c]
CMPN_mast3r: checks 
Skljar: bets $0.06
CMPN_mast3r: folds 
Uncalled bet ($0.06) returned to Skljar
Skljar collected $0.05 from pot
Skljar: doesn't show hand 
*** SUMMARY ***
Total pot $0.05 | Rake $0 
Board [Js Qd 4c]
Seat 1: CMPN_mast3r (big blind) folded on the Flop
Seat 2: GM111155 folded before Flop (didn't bet)
Seat 3: Skljar collected ($0.05)
Seat 4: Lorpugo folded before Flop (didn't bet)
Seat 5: Overdiewings (button) folded before Flop (didn't bet)
Seat 6: GoldTayger (small blind) folded before Flop



PokerStars Hand #239649401231:  Hold'em No Limit ($0.01/$0.02 USD) - 2022/11/04 15:27:04 ET
Table 'Nyanza III' 6-max Seat #6 is the button
Seat 1: CMPN_mast3r ($0.78 in chips) 
Seat 2: GM111155 ($1.29 in chips) 
Seat 3: Skljar ($2.19 in chips) 
Seat 4: Lorpugo ($1.85 in chips) 
Seat 5: Overdiewings ($3.90 in chips) 
Seat 6: GoldTayger ($2 in chips) 
CMPN_mast3r: posts small blind $0.01
GM111155: posts big blind $0.02
*** HOLE CARDS ***
Dealt to Lorpugo [3s 4d]
Skljar: calls $0.02
Lorpugo: folds 
Overdiewings: folds 
GoldTayger: raises $0.07 to $0.09
CMPN_mast3r: calls $0.08
GM111155: calls $0.07
Skljar: folds 
*** FLOP *** [Jd 7s 6c]
CMPN_mast3r: checks 
GM111155: checks 
GoldTayger: checks 
*** TURN *** [Jd 7s 6c] [4s]
CMPN_mast3r: checks 
GM111155: checks 
GoldTayger: checks 
*** RIVER *** [Jd 7s 6c 4s] [6h]
CMPN_mast3r: checks 
GM111155: checks 
GoldTayger: checks 
*** SHOW DOWN ***
CMPN_mast3r: shows [Qd Ks] (a pair of Sixes)
GM111155: shows [Kd Qc] (a pair of Sixes)
GoldTayger: shows [Ah Qh] (a pair of Sixes - Ace kicker)
GoldTayger collected $0.28 from pot
*** SUMMARY ***
Total pot $0.29 | Rake $0.01 
Board [Jd 7s 6c 4s 6h]
Seat 1: CMPN_mast3r (small blind) showed [Qd Ks] and lost with a pair of Sixes
Seat 2: GM111155 (big blind) showed [Kd Qc] and lost with a pair of Sixes
Seat 3: Skljar folded before Flop
Seat 4: Lorpugo folded before Flop (didn't bet)
Seat 5: Overdiewings folded before Flop (didn't bet)
Seat 6: GoldTayger (button) showed [Ah Qh] and won ($0.28) with a pair of Sixes



PokerStars Hand #239649418301:  Hold'em No Limit ($0.01/$0.02 USD) - 2022/11/04 15:27:49 ET
Table 'Nyanza III' 6-max Seat #1 is the button
Seat 1: CMPN_mast3r ($0.69 in chips) 
Seat 2: GM111155 ($1.20 in chips) 
Seat 3: Skljar ($2.17 in chips) 
Seat 4: Lorpugo ($1.85 in chips) 
Seat 5: Overdiewings ($3.90 in chips) 
Seat 6: GoldTayger ($2.19 in chips) 
GM111155: posts small blind $0.01
Skljar: posts big blind $0.02
*** HOLE CARDS ***
Dealt to Lorpugo [3s 2s]
Lorpugo: folds 
Overdiewings: raises $0.03 to $0.05
GoldTayger: folds 
CMPN_mast3r: calls $0.05
GM111155: calls $0.04
Skljar: folds 
*** FLOP *** [4d Qh Tc]
GM111155: checks 
Overdiewings: bets $0.05
CMPN_mast3r: calls $0.05
GM111155: calls $0.05
*** TURN *** [4d Qh Tc] [3c]
GM111155: checks 
Overdiewings: checks 
CMPN_mast3r: checks 
*** RIVER *** [4d Qh Tc 3c] [Ks]
GM111155: bets $0.31
Overdiewings: raises $0.75 to $1.06
CMPN_mast3r: folds 
GM111155: calls $0.75
*** SHOW DOWN ***
Overdiewings: shows [Jd Ac] (a straight, Ten to Ace)
GM111155: mucks hand 
Overdiewings collected $2.35 from pot
*** SUMMARY ***
Total pot $2.44 | Rake $0.09 
Board [4d Qh Tc 3c Ks]
Seat 1: CMPN_mast3r (button) folded on the River
Seat 2: GM111155 (small blind) mucked [9h Jh]
Seat 3: Skljar (big blind) folded before Flop
Seat 4: Lorpugo folded before Flop (didn't bet)
Seat 5: Overdiewings showed [Jd Ac] and won ($2.35) with a straight, Ten to Ace
Seat 6: GoldTayger folded before Flop (didn't bet)



PokerStars Hand #239649441302:  Hold'em No Limit ($0.01/$0.02 USD) - 2022/11/04 15:28:51 ET
Table 'Nyanza III' 6-max Seat #2 is the button
Seat 1: CMPN_mast3r ($0.59 in chips) 
Seat 2: GM111155 ($0.04 in chips) 
Seat 3: Skljar ($2.15 in chips) 
Seat 4: Lorpugo ($1.85 in chips) 
Seat 5: Overdiewings ($5.09 in chips) 
Seat 6: GoldTayger ($2.19 in chips) 
Skljar: posts small blind $0.01
Lorpugo: posts big blind $0.02
*** HOLE CARDS ***
Dealt to Lorpugo [2d 4h]
Overdiewings: folds 
GoldTayger: folds 
CMPN_mast3r: folds 
GM111155: calls $0.02
Skljar: calls $0.01
Lorpugo: checks 
*** FLOP *** [Ac 6c 7h]
Skljar: checks 
Lorpugo: bets $0.03
GM111155: folds 
Skljar: folds 
Uncalled bet ($0.03) returned to Lorpugo
Lorpugo collected $0.06 from pot
Lorpugo: doesn't show hand 
*** SUMMARY ***
Total pot $0.06 | Rake $0 
Board [Ac 6c 7h]
Seat 1: CMPN_mast3r folded before Flop (didn't bet)
Seat 2: GM111155 (button) folded on the Flop
Seat 3: Skljar (small blind) folded on the Flop
Seat 4: Lorpugo (big blind) collected ($0.06)
Seat 5: Overdiewings folded before Flop (didn't bet)
Seat 6: GoldTayger folded before Flop (didn't bet)



PokerStars Hand #239649454411:  Hold'em No Limit ($0.01/$0.02 USD) - 2022/11/04 15:29:27 ET
Table 'Nyanza III' 6-max Seat #3 is the button
Seat 1: CMPN_mast3r ($0.59 in chips) 
Seat 2: GM111155 ($1.98 in chips) 
Seat 3: Skljar ($2.13 in chips) 
Seat 4: Lorpugo ($1.89 in chips) 
Seat 5: Overdiewings ($5.09 in chips) 
Seat 6: GoldTayger ($2.19 in chips) 
Lorpugo: posts small blind $0.01
Overdiewings: posts big blind $0.02
*** HOLE CARDS ***
Dealt to Lorpugo [3d 9s]
GoldTayger: folds 
CMPN_mast3r: calls $0.02
GM111155: calls $0.02
Skljar: folds 
Lorpugo: folds 
Overdiewings: raises $0.08 to $0.10
CMPN_mast3r: calls $0.08
GM111155: folds 
*** FLOP *** [7s 5c Jh]
Overdiewings: bets $0.07
CMPN_mast3r: calls $0.07
*** TURN *** [7s 5c Jh] [3c]
Overdiewings: bets $0.13
CMPN_mast3r: calls $0.13
*** RIVER *** [7s 5c Jh 3c] [2d]
Overdiewings: checks 
CMPN_mast3r: checks 
*** SHOW DOWN ***
Overdiewings: shows [9h 9d] (a pair of Nines)
CMPN_mast3r: mucks hand 
Overdiewings collected $0.61 from pot
*** SUMMARY ***
Total pot $0.63 | Rake $0.02 
Board [7s 5c Jh 3c 2d]
Seat 1: CMPN_mast3r mucked [As 7h]
Seat 2: GM111155 folded before Flop
Seat 3: Skljar (button) folded before Flop (didn't bet)
Seat 4: Lorpugo (small blind) folded before Flop
Seat 5: Overdiewings (big blind) showed [9h 9d] and won ($0.61) with a pair of Nines
Seat 6: GoldTayger folded before Flop (didn't bet)



PokerStars Hand #239649470928:  Hold'em No Limit ($0.01/$0.02 USD) - 2022/11/04 15:30:11 ET
Table 'Nyanza III' 6-max Seat #4 is the button
Seat 1: CMPN_mast3r ($0.29 in chips) 
Seat 2: GM111155 ($1.96 in chips) 
Seat 3: Skljar ($2.13 in chips) 
Seat 4: Lorpugo ($1.88 in chips) 
Seat 5: Overdiewings ($5.40 in chips) 
Seat 6: GoldTayger ($2.19 in chips) 
Overdiewings: posts small blind $0.01
GoldTayger: posts big blind $0.02
*** HOLE CARDS ***
Dealt to Lorpugo [3s 9c]
CMPN_mast3r: folds 
GM111155: folds 
Skljar: calls $0.02
Lorpugo: folds 
Overdiewings: folds 
GoldTayger: checks 
*** FLOP *** [8c Ah As]
GoldTayger: checks 
Skljar: bets $0.03
GoldTayger: folds 
Uncalled bet ($0.03) returned to Skljar
Skljar collected $0.05 from pot
Skljar: doesn't show hand 
*** SUMMARY ***
Total pot $0.05 | Rake $0 
Board [8c Ah As]
Seat 1: CMPN_mast3r folded before Flop (didn't bet)
Seat 2: GM111155 folded before Flop (didn't bet)
Seat 3: Skljar collected ($0.05)
Seat 4: Lorpugo (button) folded before Flop (didn't bet)
Seat 5: Overdiewings (small blind) folded before Flop
Seat 6: GoldTayger (big blind) folded on the Flop



PokerStars Hand #239649480753:  Hold'em No Limit ($0.01/$0.02 USD) - 2022/11/04 15:30:37 ET
Table 'Nyanza III' 6-max Seat #5 is the button
Seat 1: CMPN_mast3r ($0.29 in chips) 
Seat 2: GM111155 ($1.96 in chips) 
Seat 3: Skljar ($2.16 in chips) 
Seat 4: Lorpugo ($1.88 in chips) 
Seat 5: Overdiewings ($5.39 in chips) 
Seat 6: GoldTayger ($2.17 in chips) 
GoldTayger: posts small blind $0.01
CMPN_mast3r: posts big blind $0.02
*** HOLE CARDS ***
Dealt to Lorpugo [8h 4s]
GM111155: folds 
Skljar: raises $0.04 to $0.06
Lorpugo: folds 
Overdiewings: folds 
GoldTayger: folds 
CMPN_mast3r: folds 
Uncalled bet ($0.04) returned to Skljar
Skljar collected $0.05 from pot
Skljar: doesn't show hand 
*** SUMMARY ***
Total pot $0.05 | Rake $0 
Seat 1: CMPN_mast3r (big blind) folded before Flop
Seat 2: GM111155 folded before Flop (didn't bet)
Seat 3: Skljar collected ($0.05)
Seat 4: Lorpugo folded before Flop (didn't bet)
Seat 5: Overdiewings (button) folded before Flop (didn't bet)
Seat 6: GoldTayger (small blind) folded before Flop



PokerStars Hand #239649485635:  Hold'em No Limit ($0.01/$0.02 USD) - 2022/11/04 15:30:50 ET
Table 'Nyanza III' 6-max Seat #6 is the button
Seat 1: CMPN_mast3r ($0.27 in chips) 
Seat 2: GM111155 ($1.96 in chips) 
Seat 3: Skljar ($2.19 in chips) 
Seat 4: Lorpugo ($1.88 in chips) 
Seat 5: Overdiewings ($5.39 in chips) 
Seat 6: GoldTayger ($2.16 in chips) 
CMPN_mast3r: posts small blind $0.01
GM111155: posts big blind $0.02
*** HOLE CARDS ***
Dealt to Lorpugo [As 5h]
Skljar: calls $0.02
Lorpugo: folds 
Overdiewings: folds 
GoldTayger: calls $0.02
CMPN_mast3r: calls $0.01
GM111155: checks 
*** FLOP *** [7d Jd Tc]
CMPN_mast3r: checks 
GM111155: checks 
Skljar: checks 
GoldTayger: checks 
*** TURN *** [7d Jd Tc] [6d]
CMPN_mast3r: checks 
GM111155: checks 
Skljar: checks 
GoldTayger: checks 
*** RIVER *** [7d Jd Tc 6d] [9d]
CMPN_mast3r: checks 
GM111155: bets $0.06
Skljar: folds 
GoldTayger: calls $0.06
CMPN_mast3r: folds 
*** SHOW DOWN ***
GM111155: shows [7c Kd] (a flush, King high)
GoldTayger: mucks hand 
GM111155 collected $0.19 from pot
*** SUMMARY ***
Total pot $0.20 | Rake $0.01 
Board [7d Jd Tc 6d 9d]
Seat 1: CMPN_mast3r (small blind) folded on the River
Seat 2: GM111155 (big blind) showed [7c Kd] and won ($0.19) with a flush, King high
Seat 3: Skljar folded on the River
Seat 4: Lorpugo folded before Flop (didn't bet)
Seat 5: Overdiewings folded before Flop (didn't bet)
Seat 6: GoldTayger (button) mucked [Ks 8s]



PokerStars Hand #239649505796:  Hold'em No Limit ($0.01/$0.02 USD) - 2022/11/04 15:31:44 ET
Table 'Nyanza III' 6-max Seat #1 is the button
Seat 1: CMPN_mast3r ($0.25 in chips) 
Seat 2: GM111155 ($2.07 in chips) 
Seat 3: Skljar ($2.17 in chips) 
Seat 4: Lorpugo ($1.88 in chips) 
Seat 5: Overdiewings ($5.39 in chips) 
Seat 6: GoldTayger ($2.08 in chips) 
GM111155: posts small blind $0.01
Skljar: posts big blind $0.02
*** HOLE CARDS ***
Dealt to Lorpugo [7h Ks]
Lorpugo: folds 
Overdiewings: folds 
GoldTayger: folds 
CMPN_mast3r: folds 
GM111155: folds 
Uncalled bet ($0.01) returned to Skljar
Skljar collected $0.02 from pot
Skljar: doesn't show hand 
*** SUMMARY ***
Total pot $0.02 | Rake $0 
Seat 1: CMPN_mast3r (button) folded before Flop (didn't bet)
Seat 2: GM111155 (small blind) folded before Flop
Seat 3: Skljar (big blind) collected ($0.02)
Seat 4: Lorpugo folded before Flop (didn't bet)
Seat 5: Overdiewings folded before Flop (didn't bet)
Seat 6: GoldTayger folded before Flop (didn't bet)



PokerStars Hand #239649508425:  Hold'em No Limit ($0.01/$0.02 USD) - 2022/11/04 15:31:51 ET
Table 'Nyanza III' 6-max Seat #2 is the button
Seat 1: CMPN_mast3r ($0.25 in chips) 
Seat 2: GM111155 ($2.06 in chips) 
Seat 3: Skljar ($2.18 in chips) 
Seat 4: Lorpugo ($1.88 in chips) 
Seat 5: Overdiewings ($5.39 in chips) 
Seat 6: GoldTayger ($2.08 in chips) 
Skljar: posts small blind $0.01
Lorpugo: posts big blind $0.02
*** HOLE CARDS ***
Dealt to Lorpugo [9c 7c]
Overdiewings: folds 
GoldTayger: folds 
CMPN_mast3r: folds 
GM111155: folds 
Skljar: calls $0.01
Lorpugo: raises $0.08 to $0.10
Skljar: folds 
Uncalled bet ($0.08) returned to Lorpugo
Lorpugo collected $0.04 from pot
Lorpugo: doesn't show hand 
*** SUMMARY ***
Total pot $0.04 | Rake $0 
Seat 1: CMPN_mast3r folded before Flop (didn't bet)
Seat 2: GM111155 (button) folded before Flop (didn't bet)
Seat 3: Skljar (small blind) folded before Flop
Seat 4: Lorpugo (big blind) collected ($0.04)
Seat 5: Overdiewings folded before Flop (didn't bet)
Seat 6: GoldTayger folded before Flop (didn't bet)



PokerStars Hand #239649520009:  Hold'em No Limit ($0.01/$0.02 USD) - 2022/11/04 15:32:22 ET
Table 'Nyanza III' 6-max Seat #3 is the button
Seat 1: CMPN_mast3r ($0.25 in chips) 
Seat 2: GM111155 ($2.06 in chips) 
Seat 3: Skljar ($2.16 in chips) 
Seat 4: Lorpugo ($1.90 in chips) 
Seat 5: Overdiewings ($5.39 in chips) 
Seat 6: GoldTayger ($2.08 in chips) 
Lorpugo: posts small blind $0.01
Overdiewings: posts big blind $0.02
*** HOLE CARDS ***
Dealt to Lorpugo [6h Ks]
GoldTayger: folds 
CMPN_mast3r: folds 
GM111155: calls $0.02
Skljar: folds 
Lorpugo: folds 
Overdiewings: checks 
*** FLOP *** [Jc 4c Jh]
Overdiewings: checks 
GM111155: checks 
*** TURN *** [Jc 4c Jh] [5h]
Overdiewings: checks 
GM111155: checks 
*** RIVER *** [Jc 4c Jh 5h] [3c]
Overdiewings: checks 
GM111155: checks 
*** SHOW DOWN ***
Overdiewings: shows [Qc 2s] (a pair of Jacks)
GM111155: mucks hand 
Overdiewings collected $0.05 from pot
*** SUMMARY ***
Total pot $0.05 | Rake $0 
Board [Jc 4c Jh 5h 3c]
Seat 1: CMPN_mast3r folded before Flop (didn't bet)
Seat 2: GM111155 mucked [7c Th]
Seat 3: Skljar (button) folded before Flop (didn't bet)
Seat 4: Lorpugo (small blind) folded before Flop
Seat 5: Overdiewings (big blind) showed [Qc 2s] and won ($0.05) with a pair of Jacks
Seat 6: GoldTayger folded before Flop (didn't bet)



PokerStars Hand #239649529289:  Hold'em No Limit ($0.01/$0.02 USD) - 2022/11/04 15:32:46 ET
Table 'Nyanza III' 6-max Seat #4 is the button
Seat 1: CMPN_mast3r ($0.25 in chips) 
Seat 2: GM111155 ($2.04 in chips) 
Seat 3: Skljar ($2.16 in chips) 
Seat 4: Lorpugo ($1.89 in chips) 
Seat 5: Overdiewings ($5.42 in chips) 
Seat 6: GoldTayger ($2.08 in chips) 
Overdiewings: posts small blind $0.01
GoldTayger: posts big blind $0.02
*** HOLE CARDS ***
Dealt to Lorpugo [Tc 3h]
CMPN_mast3r: calls $0.02
GM111155: folds 
Skljar: folds 
Lorpugo: folds 
Overdiewings: folds 
GoldTayger: raises $0.05 to $0.07
CMPN_mast3r: raises $0.18 to $0.25 and is all-in
GoldTayger: calls $0.18
*** FLOP *** [Qh 9d 4s]
*** TURN *** [Qh 9d 4s] [7d]
*** RIVER *** [Qh 9d 4s 7d] [7s]
*** SHOW DOWN ***
GoldTayger: shows [9h 8h] (two pair, Nines and Sevens)
CMPN_mast3r: shows [Qd Jc] (two pair, Queens and Sevens)
CMPN_mast3r collected $0.49 from pot
GoldTayger cashed out the hand for $0.20
*** SUMMARY ***
Total pot $0.51 | Rake $0.02 
Board [Qh 9d 4s 7d 7s]
Seat 1: CMPN_mast3r showed [Qd Jc] and won ($0.49) with two pair, Queens and Sevens
Seat 2: GM111155 folded before Flop (didn't bet)
Seat 3: Skljar folded before Flop (didn't bet)
Seat 4: Lorpugo (button) folded before Flop (didn't bet)
Seat 5: Overdiewings (small blind) folded before Flop
Seat 6: GoldTayger (big blind) showed [9h 8h] and lost with two pair, Nines and Sevens (cashed out).



PokerStars Hand #239649542275:  Hold'em No Limit ($0.01/$0.02 USD) - 2022/11/04 15:33:21 ET
Table 'Nyanza III' 6-max Seat #5 is the button
Seat 1: CMPN_mast3r ($0.49 in chips) 
Seat 2: GM111155 ($2.04 in chips) 
Seat 3: Skljar ($2.16 in chips) 
Seat 4: Lorpugo ($1.89 in chips) 
Seat 5: Overdiewings ($5.41 in chips) 
Seat 6: GoldTayger ($2.03 in chips) 
GoldTayger: posts small blind $0.01
CMPN_mast3r: posts big blind $0.02
*** HOLE CARDS ***
Dealt to Lorpugo [7c 3h]
GM111155: raises $0.02 to $0.04
Skljar: raises $0.08 to $0.12
Lorpugo: folds 
Overdiewings: folds 
GoldTayger: folds 
CMPN_mast3r: folds 
GM111155: calls $0.08
*** FLOP *** [4h Qh 2c]
GM111155: bets $0.02
Skljar: raises $0.06 to $0.08
GM111155: folds 
Uncalled bet ($0.06) returned to Skljar
Skljar collected $0.30 from pot
Skljar: doesn't show hand 
*** SUMMARY ***
Total pot $0.31 | Rake $0.01 
Board [4h Qh 2c]
Seat 1: CMPN_mast3r (big blind) folded before Flop
Seat 2: GM111155 folded on the Flop
Seat 3: Skljar collected ($0.30)
Seat 4: Lorpugo folded before Flop (didn't bet)
Seat 5: Overdiewings (button) folded before Flop (didn't bet)
Seat 6: GoldTayger (small blind) folded before Flop



PokerStars Hand #239649553896:  Hold'em No Limit ($0.01/$0.02 USD) - 2022/11/04 15:33:52 ET
Table 'Nyanza III' 6-max Seat #6 is the button
Seat 1: CMPN_mast3r ($0.47 in chips) 
Seat 2: GM111155 ($1.90 in chips) 
Seat 3: Skljar ($2.32 in chips) 
Seat 4: Lorpugo ($1.89 in chips) 
Seat 5: Overdiewings ($5.41 in chips) 
Seat 6: GoldTayger ($2.02 in chips) 
CMPN_mast3r: posts small blind $0.01
GM111155: posts big blind $0.02
*** HOLE CARDS ***
Dealt to Lorpugo [Qh 3d]
Skljar: folds 
Lorpugo: folds 
Overdiewings: folds 
GoldTayger: folds 
CMPN_mast3r: calls $0.01
GM111155: checks 
*** FLOP *** [9h 7h 4s]
CMPN_mast3r: checks 
GM111155: bets $0.04
CMPN_mast3r: calls $0.04
*** TURN *** [9h 7h 4s] [5s]
CMPN_mast3r: checks 
GM111155: bets $0.12
CMPN_mast3r: calls $0.12
*** RIVER *** [9h 7h 4s 5s] [Jh]
CMPN_mast3r: checks 
GM111155: checks 
*** SHOW DOWN ***
CMPN_mast3r: shows [5d 6c] (a pair of Fives)
GM111155: shows [4c 9d] (two pair, Nines and Fours)
GM111155 collected $0.35 from pot
*** SUMMARY ***
Total pot $0.36 | Rake $0.01 
Board [9h 7h 4s 5s Jh]
Seat 1: CMPN_mast3r (small blind) showed [5d 6c] and lost with a pair of Fives
Seat 2: GM111155 (big blind) showed [4c 9d] and won ($0.35) with two pair, Nines and Fours
Seat 3: Skljar folded before Flop (didn't bet)
Seat 4: Lorpugo folded before Flop (didn't bet)
Seat 5: Overdiewings folded before Flop (didn't bet)
Seat 6: GoldTayger (button) folded before Flop (didn't bet)



PokerStars Hand #239649564646:  Hold'em No Limit ($0.01/$0.02 USD) - 2022/11/04 15:34:20 ET
Table 'Nyanza III' 6-max Seat #1 is the button
Seat 1: CMPN_mast3r ($0.29 in chips) 
Seat 2: GM111155 ($2.07 in chips) 
Seat 3: Skljar ($2.32 in chips) 
Seat 4: Lorpugo ($1.89 in chips) 
Seat 5: Overdiewings ($5.41 in chips) 
Seat 6: GoldTayger ($2.02 in chips) 
GM111155: posts small blind $0.01
Skljar: posts big blind $0.02
*** HOLE CARDS ***
Dealt to Lorpugo [5c 5h]
Lorpugo: raises $0.02 to $0.04
Overdiewings: folds 
GoldTayger: folds 
CMPN_mast3r: folds 
GM111155: folds 
Skljar: calls $0.02
*** FLOP *** [4s Kh 9h]
Skljar: bets $0.09
Lorpugo: folds 
Uncalled bet ($0.09) returned to Skljar
Skljar collected $0.09 from pot
Skljar: doesn't show hand 
*** SUMMARY ***
Total pot $0.09 | Rake $0 
Board [4s Kh 9h]
Seat 1: CMPN_mast3r (button) folded before Flop (didn't bet)
Seat 2: GM111155 (small blind) folded before Flop
Seat 3: Skljar (big blind) collected ($0.09)
Seat 4: Lorpugo folded on the Flop
Seat 5: Overdiewings folded before Flop (didn't bet)
Seat 6: GoldTayger folded before Flop (didn't bet)



PokerStars Hand #239649572831:  Hold'em No Limit ($0.01/$0.02 USD) - 2022/11/04 15:34:42 ET
Table 'Nyanza III' 6-max Seat #2 is the button
Seat 1: CMPN_mast3r ($0.29 in chips) 
Seat 2: GM111155 ($2.06 in chips) 
Seat 3: Skljar ($2.37 in chips) 
Seat 4: Lorpugo ($1.85 in chips) 
Seat 5: Overdiewings ($5.41 in chips) 
Seat 6: GoldTayger ($2.02 in chips) 
Skljar: posts small blind $0.01
Lorpugo: posts big blind $0.02
*** HOLE CARDS ***
Dealt to Lorpugo [3s 4c]
Overdiewings: folds 
GoldTayger: folds 
CMPN_mast3r: calls $0.02
GM111155: folds 
Skljar: folds 
Lorpugo: checks 
*** FLOP *** [6d 6h Js]
Lorpugo: checks 
CMPN_mast3r: checks 
*** TURN *** [6d 6h Js] [9c]
Lorpugo: checks 
CMPN_mast3r: checks 
*** RIVER *** [6d 6h Js 9c] [9d]
Lorpugo: checks 
CMPN_mast3r: checks 
*** SHOW DOWN ***
Lorpugo: shows [3s 4c] (two pair, Nines and Sixes)
CMPN_mast3r: shows [2s Qs] (two pair, Nines and Sixes - Queen kicker)
CMPN_mast3r collected $0.05 from pot
*** SUMMARY ***
Total pot $0.05 | Rake $0 
Board [6d 6h Js 9c 9d]
Seat 1: CMPN_mast3r showed [2s Qs] and won ($0.05) with two pair, Nines and Sixes
Seat 2: GM111155 (button) folded before Flop (didn't bet)
Seat 3: Skljar (small blind) folded before Flop
Seat 4: Lorpugo (big blind) showed [3s 4c] and lost with two pair, Nines and Sixes
Seat 5: Overdiewings folded before Flop (didn't bet)
Seat 6: GoldTayger folded before Flop (didn't bet)



PokerStars Hand #239649585728:  Hold'em No Limit ($0.01/$0.02 USD) - 2022/11/04 15:35:16 ET
Table 'Nyanza III' 6-max Seat #3 is the button
Seat 1: CMPN_mast3r ($0.32 in chips) 
Seat 2: GM111155 ($2.06 in chips) 
Seat 3: Skljar ($2.36 in chips) 
Seat 4: Lorpugo ($1.83 in chips) 
Seat 5: Overdiewings ($5.41 in chips) 
Seat 6: GoldTayger ($2.02 in chips) 
Lorpugo: posts small blind $0.01
Overdiewings: posts big blind $0.02
*** HOLE CARDS ***
Dealt to Lorpugo [7c 4s]
GoldTayger: folds 
CMPN_mast3r: calls $0.02
GM111155: calls $0.02
Skljar: folds 
Lorpugo: folds 
Overdiewings: checks 
*** FLOP *** [8h 3d Ah]
Overdiewings: checks 
CMPN_mast3r: checks 
GM111155: checks 
*** TURN *** [8h 3d Ah] [5d]
Overdiewings: checks 
CMPN_mast3r: checks 
GM111155: checks 
*** RIVER *** [8h 3d Ah 5d] [Qh]
Overdiewings: checks 
CMPN_mast3r: checks 
GM111155: checks 
*** SHOW DOWN ***
Overdiewings: shows [8s 6s] (a pair of Eights)
CMPN_mast3r: mucks hand 
GM111155: mucks hand 
Overdiewings collected $0.07 from pot
*** SUMMARY ***
Total pot $0.07 | Rake $0 
Board [8h 3d Ah 5d Qh]
Seat 1: CMPN_mast3r mucked [9c Ts]
Seat 2: GM111155 mucked [Kh Tc]
Seat 3: Skljar (button) folded before Flop (didn't bet)
Seat 4: Lorpugo (small blind) folded before Flop
Seat 5: Overdiewings (big blind) showed [8s 6s] and won ($0.07) with a pair of Eights
Seat 6: GoldTayger folded before Flop (didn't bet)



PokerStars Hand #239649596844:  Hold'em No Limit ($0.01/$0.02 USD) - 2022/11/04 15:35:46 ET
Table 'Nyanza III' 6-max Seat #4 is the button
Seat 1: CMPN_mast3r ($0.30 in chips) 
Seat 2: GM111155 ($2.04 in chips) 
Seat 3: Skljar ($2.36 in chips) 
Seat 4: Lorpugo ($1.82 in chips) 
Seat 5: Overdiewings ($5.46 in chips) 
Seat 6: GoldTayger ($2.02 in chips) 
Overdiewings: posts small blind $0.01
GoldTayger: posts big blind $0.02
*** HOLE CARDS ***
Dealt to Lorpugo [2c 3c]
CMPN_mast3r: raises $0.28 to $0.30 and is all-in
GM111155: folds 
Skljar: folds 
Lorpugo: folds 
Overdiewings: folds 
GoldTayger: folds 
Uncalled bet ($0.28) returned to CMPN_mast3r
CMPN_mast3r collected $0.05 from pot
*** SUMMARY ***
Total pot $0.05 | Rake $0 
Seat 1: CMPN_mast3r collected ($0.05)
Seat 2: GM111155 folded before Flop (didn't bet)
Seat 3: Skljar folded before Flop (didn't bet)
Seat 4: Lorpugo (button) folded before Flop (didn't bet)
Seat 5: Overdiewings (small blind) folded before Flop
Seat 6: GoldTayger (big blind) folded before Flop



PokerStars Hand #239649604457:  Hold'em No Limit ($0.01/$0.02 USD) - 2022/11/04 15:36:06 ET
Table 'Nyanza III' 6-max Seat #5 is the button
Seat 1: CMPN_mast3r ($0.33 in chips) 
Seat 2: GM111155 ($2.04 in chips) 
Seat 3: Skljar ($2.36 in chips) 
Seat 4: Lorpugo ($1.82 in chips) 
Seat 5: Overdiewings ($5.45 in chips) 
Seat 6: GoldTayger ($2 in chips) 
GoldTayger: posts small blind $0.01
CMPN_mast3r: posts big blind $0.02
*** HOLE CARDS ***
Dealt to Lorpugo [2d 3s]
GM111155: folds 
Skljar: folds 
Lorpugo: folds 
Overdiewings: raises $0.03 to $0.05
GoldTayger: folds 
CMPN_mast3r: calls $0.03
*** FLOP *** [3d 6d Qc]
CMPN_mast3r: checks 
Overdiewings: bets $0.04
CMPN_mast3r: folds 
Uncalled bet ($0.04) returned to Overdiewings
Overdiewings collected $0.11 from pot
*** SUMMARY ***
Total pot $0.11 | Rake $0 
Board [3d 6d Qc]
Seat 1: CMPN_mast3r (big blind) folded on the Flop
Seat 2: GM111155 folded before Flop (didn't bet)
Seat 3: Skljar folded before Flop (didn't bet)
Seat 4: Lorpugo folded before Flop (didn't bet)
Seat 5: Overdiewings (button) collected ($0.11)
Seat 6: GoldTayger (small blind) folded before Flop



PokerStars Hand #239649613731:  Hold'em No Limit ($0.01/$0.02 USD) - 2022/11/04 15:36:30 ET
Table 'Nyanza III' 6-max Seat #6 is the button
Seat 1: CMPN_mast3r ($0.28 in chips) 
Seat 2: GM111155 ($2.04 in chips) 
Seat 3: Skljar ($2.36 in chips) 
Seat 4: Lorpugo ($1.82 in chips) 
Seat 5: Overdiewings ($5.51 in chips) 
Seat 6: GoldTayger ($2 in chips) 
CMPN_mast3r: posts small blind $0.01
GM111155: posts big blind $0.02
*** HOLE CARDS ***
Dealt to Lorpugo [Qs 6d]
Skljar: raises $0.08 to $0.10
Lorpugo: folds 
Overdiewings: folds 
GoldTayger: folds 
CMPN_mast3r: folds 
GM111155: folds 
Uncalled bet ($0.08) returned to Skljar
Skljar collected $0.05 from pot
Skljar: doesn't show hand 
*** SUMMARY ***
Total pot $0.05 | Rake $0 
Seat 1: CMPN_mast3r (small blind) folded before Flop
Seat 2: GM111155 (big blind) folded before Flop
Seat 3: Skljar collected ($0.05)
Seat 4: Lorpugo folded before Flop (didn't bet)
Seat 5: Overdiewings folded before Flop (didn't bet)
Seat 6: GoldTayger (button) folded before Flop (didn't bet)



PokerStars Hand #239649618547:  Hold'em No Limit ($0.01/$0.02 USD) - 2022/11/04 15:36:43 ET
Table 'Nyanza III' 6-max Seat #1 is the button
Seat 1: CMPN_mast3r ($0.27 in chips) 
Seat 2: GM111155 ($2.02 in chips) 
Seat 3: Skljar ($2.39 in chips) 
Seat 4: Lorpugo ($1.82 in chips) 
Seat 5: Overdiewings ($5.51 in chips) 
Seat 6: GoldTayger ($2 in chips) 
GM111155: posts small blind $0.01
Skljar: posts big blind $0.02
*** HOLE CARDS ***
Dealt to Lorpugo [Ts Ah]
Lorpugo: raises $0.04 to $0.06
Overdiewings: folds 
GoldTayger: folds 
CMPN_mast3r: folds 
GM111155: folds 
Skljar: folds 
Uncalled bet ($0.04) returned to Lorpugo
Lorpugo collected $0.05 from pot
Lorpugo: doesn't show hand 
*** SUMMARY ***
Total pot $0.05 | Rake $0 
Seat 1: CMPN_mast3r (button) folded before Flop (didn't bet)
Seat 2: GM111155 (small blind) folded before Flop
Seat 3: Skljar (big blind) folded before Flop
Seat 4: Lorpugo collected ($0.05)
Seat 5: Overdiewings folded before Flop (didn't bet)
Seat 6: GoldTayger folded before Flop (didn't bet)



PokerStars Hand #239649623920:  Hold'em No Limit ($0.01/$0.02 USD) - 2022/11/04 15:36:58 ET
Table 'Nyanza III' 6-max Seat #2 is the button
Seat 1: CMPN_mast3r ($0.27 in chips) 
Seat 2: GM111155 ($2.01 in chips) 
Seat 3: Skljar ($2.37 in chips) 
Seat 4: Lorpugo ($1.85 in chips) 
Seat 5: Overdiewings ($5.51 in chips) 
Seat 6: GoldTayger ($2 in chips) 
Skljar: posts small blind $0.01
Lorpugo: posts big blind $0.02
*** HOLE CARDS ***
Dealt to Lorpugo [Ts 4h]
Overdiewings: folds 
GoldTayger: folds 
CMPN_mast3r: folds 
GM111155: calls $0.02
Skljar: folds 
Lorpugo: checks 
*** FLOP *** [Jd As 6h]
Lorpugo: checks 
GM111155: checks 
*** TURN *** [Jd As 6h] [Qh]
Lorpugo: checks 
GM111155: checks 
*** RIVER *** [Jd As 6h Qh] [Jh]
Lorpugo: bets $0.05
GM111155: folds 
Uncalled bet ($0.05) returned to Lorpugo
Lorpugo collected $0.05 from pot
Lorpugo: doesn't show hand 
*** SUMMARY ***
Total pot $0.05 | Rake $0 
Board [Jd As 6h Qh Jh]
Seat 1: CMPN_mast3r folded before Flop (didn't bet)
Seat 2: GM111155 (button) folded on the River
Seat 3: Skljar (small blind) folded before Flop
Seat 4: Lorpugo (big blind) collected ($0.05)
Seat 5: Overdiewings folded before Flop (didn't bet)
Seat 6: GoldTayger folded before Flop (didn't bet)



PokerStars Hand #239649639181:  Hold'em No Limit ($0.01/$0.02 USD) - 2022/11/04 15:37:38 ET
Table 'Nyanza III' 6-max Seat #3 is the button
Seat 1: CMPN_mast3r ($0.27 in chips) 
Seat 2: GM111155 ($1.99 in chips) 
Seat 3: Skljar ($2.36 in chips) 
Seat 4: Lorpugo ($1.88 in chips) 
Seat 5: Overdiewings ($5.51 in chips) 
Seat 6: GoldTayger ($2 in chips) 
Lorpugo: posts small blind $0.01
Overdiewings: posts big blind $0.02
*** HOLE CARDS ***
Dealt to Lorpugo [Qs 5h]
GoldTayger: folds 
CMPN_mast3r: folds 
GM111155: folds 
Skljar: folds 
Lorpugo: raises $0.04 to $0.06
Overdiewings: folds 
Uncalled bet ($0.04) returned to Lorpugo
Lorpugo collected $0.04 from pot
Lorpugo: doesn't show hand 
*** SUMMARY ***
Total pot $0.04 | Rake $0 
Seat 1: CMPN_mast3r folded before Flop (didn't bet)
Seat 2: GM111155 folded before Flop (didn't bet)
Seat 3: Skljar (button) folded before Flop (didn't bet)
Seat 4: Lorpugo (small blind) collected ($0.04)
Seat 5: Overdiewings (big blind) folded before Flop
Seat 6: GoldTayger folded before Flop (didn't bet)



PokerStars Hand #239649647791:  Hold'em No Limit ($0.01/$0.02 USD) - 2022/11/04 15:38:01 ET
Table 'Nyanza III' 6-max Seat #4 is the button
Seat 1: CMPN_mast3r ($0.27 in chips) 
Seat 2: GM111155 ($1.99 in chips) 
Seat 3: Skljar ($2.36 in chips) 
Seat 4: Lorpugo ($1.90 in chips) 
Seat 5: Overdiewings ($5.49 in chips) 
Seat 6: GoldTayger ($2 in chips) 
Overdiewings: posts small blind $0.01
GoldTayger: posts big blind $0.02
*** HOLE CARDS ***
Dealt to Lorpugo [6h Kd]
CMPN_mast3r: folds 
GM111155: folds 
Skljar: folds 
Lorpugo: raises $0.04 to $0.06
Overdiewings: folds 
GoldTayger: folds 
Uncalled bet ($0.04) returned to Lorpugo
Lorpugo collected $0.05 from pot
Lorpugo: doesn't show hand 
*** SUMMARY ***
Total pot $0.05 | Rake $0 
Seat 1: CMPN_mast3r folded before Flop (didn't bet)
Seat 2: GM111155 folded before Flop (didn't bet)
Seat 3: Skljar folded before Flop (didn't bet)
Seat 4: Lorpugo (button) collected ($0.05)
Seat 5: Overdiewings (small blind) folded before Flop
Seat 6: GoldTayger (big blind) folded before Flop



PokerStars Hand #239649654152:  Hold'em No Limit ($0.01/$0.02 USD) - 2022/11/04 15:38:18 ET
Table 'Nyanza III' 6-max Seat #5 is the button
Seat 1: CMPN_mast3r ($0.27 in chips) 
Seat 2: GM111155 ($1.99 in chips) 
Seat 3: Skljar ($2.36 in chips) 
Seat 4: Lorpugo ($1.93 in chips) 
Seat 5: Overdiewings ($5.48 in chips) 
Seat 6: GoldTayger ($2 in chips) 
GoldTayger: posts small blind $0.01
CMPN_mast3r: posts big blind $0.02
*** HOLE CARDS ***
Dealt to Lorpugo [As 3d]
GM111155: folds 
Skljar: folds 
Lorpugo: raises $0.04 to $0.06
Overdiewings: folds 
GoldTayger: folds 
CMPN_mast3r: raises $0.21 to $0.27 and is all-in
Lorpugo: folds 
Uncalled bet ($0.21) returned to CMPN_mast3r
CMPN_mast3r collected $0.13 from pot
*** SUMMARY ***
Total pot $0.13 | Rake $0 
Seat 1: CMPN_mast3r (big blind) collected ($0.13)
Seat 2: GM111155 folded before Flop (didn't bet)
Seat 3: Skljar folded before Flop (didn't bet)
Seat 4: Lorpugo folded before Flop
Seat 5: Overdiewings (button) folded before Flop (didn't bet)
Seat 6: GoldTayger (small blind) folded before Flop



PokerStars Hand #239649664578:  Hold'em No Limit ($0.01/$0.02 USD) - 2022/11/04 15:38:45 ET
Table 'Nyanza III' 6-max Seat #6 is the button
Seat 1: CMPN_mast3r ($0.34 in chips) 
Seat 2: GM111155 ($1.99 in chips) 
Seat 3: Skljar ($2.36 in chips) 
Seat 4: Lorpugo ($1.87 in chips) 
Seat 5: Overdiewings ($5.48 in chips) 
Seat 6: GoldTayger ($2 in chips) 
CMPN_mast3r: posts small blind $0.01
GM111155: posts big blind $0.02
*** HOLE CARDS ***
Dealt to Lorpugo [3s Qh]
Skljar: folds 
Lorpugo: folds 
Overdiewings: raises $0.03 to $0.05
GoldTayger: calls $0.05
CMPN_mast3r: folds 
GM111155: calls $0.03
*** FLOP *** [9c Kc Ac]
GM111155: bets $0.08
Overdiewings: calls $0.08
GoldTayger: folds 
*** TURN *** [9c Kc Ac] [Qs]
GM111155: bets $0.02
Overdiewings: calls $0.02
*** RIVER *** [9c Kc Ac Qs] [7h]
GM111155: checks 
Overdiewings: bets $0.13
GM111155: calls $0.13
*** SHOW DOWN ***
Overdiewings: shows [8s As] (a pair of Aces)
GM111155: mucks hand 
Overdiewings collected $0.60 from pot
*** SUMMARY ***
Total pot $0.62 | Rake $0.02 
Board [9c Kc Ac Qs 7h]
Seat 1: CMPN_mast3r (small blind) folded before Flop
Seat 2: GM111155 (big blind) mucked [Ks Jc]
Seat 3: Skljar folded before Flop (didn't bet)
Seat 4: Lorpugo folded before Flop (didn't bet)
Seat 5: Overdiewings showed [8s As] and won ($0.60) with a pair of Aces
Seat 6: GoldTayger (button) folded on the Flop



PokerStars Hand #239649682166:  Hold'em No Limit ($0.01/$0.02 USD) - 2022/11/04 15:39:32 ET
Table 'Nyanza III' 6-max Seat #1 is the button
Seat 1: CMPN_mast3r ($0.33 in chips) 
Seat 2: GM111155 ($1.71 in chips) 
Seat 3: Skljar ($2.36 in chips) 
Seat 4: Lorpugo ($1.87 in chips) 
Seat 5: Overdiewings ($5.80 in chips) 
Seat 6: GoldTayger ($2 in chips) 
GM111155: posts small blind $0.01
Skljar: posts big blind $0.02
*** HOLE CARDS ***
Dealt to Lorpugo [Kc 8h]
Lorpugo: folds 
Overdiewings: folds 
GoldTayger: folds 
CMPN_mast3r: raises $0.02 to $0.04
GM111155: folds 
Skljar: folds 
Uncalled bet ($0.02) returned to CMPN_mast3r
CMPN_mast3r collected $0.05 from pot
*** SUMMARY ***
Total pot $0.05 | Rake $0 
Seat 1: CMPN_mast3r (button) collected ($0.05)
Seat 2: GM111155 (small blind) folded before Flop
Seat 3: Skljar (big blind) folded before Flop
Seat 4: Lorpugo folded before Flop (didn't bet)
Seat 5: Overdiewings folded before Flop (didn't bet)
Seat 6: GoldTayger folded before Flop (didn't bet)



PokerStars Hand #239649687720:  Hold'em No Limit ($0.01/$0.02 USD) - 2022/11/04 15:39:47 ET
Table 'Nyanza III' 6-max Seat #2 is the button
Seat 1: CMPN_mast3r ($0.36 in chips) 
Seat 2: GM111155 ($1.70 in chips) 
Seat 3: Skljar ($2.34 in chips) 
Seat 4: Lorpugo ($1.87 in chips) 
Seat 5: Overdiewings ($5.80 in chips) 
Seat 6: GoldTayger ($2 in chips) 
Skljar: posts small blind $0.01
Lorpugo: posts big blind $0.02
*** HOLE CARDS ***
Dealt to Lorpugo [Td Kc]
Overdiewings: folds 
GoldTayger: folds 
CMPN_mast3r: folds 
GM111155: folds 
Skljar: folds 
Uncalled bet ($0.01) returned to Lorpugo
Lorpugo collected $0.02 from pot
Lorpugo: doesn't show hand 
*** SUMMARY ***
Total pot $0.02 | Rake $0 
Seat 1: CMPN_mast3r folded before Flop (didn't bet)
Seat 2: GM111155 (button) folded before Flop (didn't bet)
Seat 3: Skljar (small blind) folded before Flop
Seat 4: Lorpugo (big blind) collected ($0.02)
Seat 5: Overdiewings folded before Flop (didn't bet)
Seat 6: GoldTayger folded before Flop (didn't bet)



PokerStars Hand #239649691028:  Hold'em No Limit ($0.01/$0.02 USD) - 2022/11/04 15:39:56 ET
Table 'Nyanza III' 6-max Seat #3 is the button
Seat 1: CMPN_mast3r ($0.36 in chips) 
Seat 2: GM111155 ($1.70 in chips) 
Seat 3: Skljar ($2.33 in chips) 
Seat 4: Lorpugo ($1.88 in chips) 
Seat 5: Overdiewings ($5.80 in chips) 
Seat 6: GoldTayger ($2 in chips) 
Lorpugo: posts small blind $0.01
Overdiewings: posts big blind $0.02
*** HOLE CARDS ***
Dealt to Lorpugo [Ks 2d]
GoldTayger: folds 
CMPN_mast3r: folds 
GM111155: folds 
Skljar: folds 
Lorpugo: raises $0.04 to $0.06
Overdiewings: folds 
Uncalled bet ($0.04) returned to Lorpugo
Lorpugo collected $0.04 from pot
Lorpugo: doesn't show hand 
*** SUMMARY ***
Total pot $0.04 | Rake $0 
Seat 1: CMPN_mast3r folded before Flop (didn't bet)
Seat 2: GM111155 folded before Flop (didn't bet)
Seat 3: Skljar (button) folded before Flop (didn't bet)
Seat 4: Lorpugo (small blind) collected ($0.04)
Seat 5: Overdiewings (big blind) folded before Flop
Seat 6: GoldTayger folded before Flop (didn't bet)



PokerStars Hand #239649695422:  Hold'em No Limit ($0.01/$0.02 USD) - 2022/11/04 15:40:07 ET
Table 'Nyanza III' 6-max Seat #4 is the button
Seat 1: CMPN_mast3r ($0.36 in chips) 
Seat 2: GM111155 ($1.70 in chips) 
Seat 3: Skljar ($2.33 in chips) 
Seat 4: Lorpugo ($1.90 in chips) 
Seat 5: Overdiewings ($5.78 in chips) 
Seat 6: GoldTayger ($2 in chips) 
Overdiewings: posts small blind $0.01
GoldTayger: posts big blind $0.02
*** HOLE CARDS ***
Dealt to Lorpugo [Jh Ts]
CMPN_mast3r: folds 
GM111155: folds 
Skljar: calls $0.02
Lorpugo: calls $0.02
Overdiewings: folds 
GM111155 leaves the table
GoldTayger: raises $0.08 to $0.10
Sensey1286 joins the table at seat #2 
Skljar: folds 
Lorpugo: calls $0.08
*** FLOP *** [Ac 9s 4d]
GoldTayger: bets $0.22
Lorpugo: raises $0.33 to $0.55
GoldTayger: raises $1.32 to $1.87
Lorpugo: folds 
Uncalled bet ($1.32) returned to GoldTayger
GoldTayger collected $1.28 from pot
GoldTayger: doesn't show hand 
*** SUMMARY ***
Total pot $1.33 | Rake $0.05 
Board [Ac 9s 4d]
Seat 1: CMPN_mast3r folded before Flop (didn't bet)
Seat 2: GM111155 folded before Flop (didn't bet)
Seat 3: Skljar folded before Flop
Seat 4: Lorpugo (button) folded on the Flop
Seat 5: Overdiewings (small blind) folded before Flop
Seat 6: GoldTayger (big blind) collected ($1.28)



PokerStars Hand #239649725555:  Hold'em No Limit ($0.01/$0.02 USD) - 2022/11/04 15:41:27 ET
Table 'Nyanza III' 6-max Seat #5 is the button
Seat 1: CMPN_mast3r ($0.36 in chips) 
Seat 3: Skljar ($2.31 in chips) 
Seat 4: Lorpugo ($1.25 in chips) 
Seat 5: Overdiewings ($5.77 in chips) 
Seat 6: GoldTayger ($2.63 in chips) 
GoldTayger: posts small blind $0.01
CMPN_mast3r: posts big blind $0.02
Sensey1286: sits out 
*** HOLE CARDS ***
Dealt to Lorpugo [7c 9c]
Skljar: folds 
Lorpugo: raises $0.04 to $0.06
Overdiewings: folds 
GoldTayger: folds 
CMPN_mast3r: calls $0.04
*** FLOP *** [4d 8s 6h]
CMPN_mast3r: checks 
Lorpugo: bets $0.09
CMPN_mast3r: folds 
Uncalled bet ($0.09) returned to Lorpugo
Lorpugo collected $0.13 from pot
*** SUMMARY ***
Total pot $0.13 | Rake $0 
Board [4d 8s 6h]
Seat 1: CMPN_mast3r (big blind) folded on the Flop
Seat 3: Skljar folded before Flop (didn't bet)
Seat 4: Lorpugo collected ($0.13)
Seat 5: Overdiewings (button) folded before Flop (didn't bet)
Seat 6: GoldTayger (small blind) folded before Flop



PokerStars Hand #239649739371:  Hold'em No Limit ($0.01/$0.02 USD) - 2022/11/04 15:42:04 ET
Table 'Nyanza III' 6-max Seat #6 is the button
Seat 1: CMPN_mast3r ($0.30 in chips) 
Seat 2: Sensey1286 ($2 in chips) 
Seat 3: Skljar ($2.31 in chips) 
Seat 4: Lorpugo ($1.32 in chips) 
Seat 5: Overdiewings ($5.77 in chips) 
Seat 6: GoldTayger ($2.62 in chips) 
CMPN_mast3r: posts small blind $0.01
Sensey1286: posts big blind $0.02
*** HOLE CARDS ***
Dealt to Lorpugo [4s 8s]
Skljar: folds 
Lorpugo: folds 
Overdiewings: folds 
GoldTayger: raises $0.04 to $0.06
CMPN_mast3r: calls $0.05
Sensey1286: folds 
*** FLOP *** [7c Ac Ts]
CMPN_mast3r: checks 
GoldTayger: bets $0.07
CMPN_mast3r: folds 
Uncalled bet ($0.07) returned to GoldTayger
GoldTayger collected $0.14 from pot
GoldTayger: doesn't show hand 
*** SUMMARY ***
Total pot $0.14 | Rake $0 
Board [7c Ac Ts]
Seat 1: CMPN_mast3r (small blind) folded on the Flop
Seat 2: Sensey1286 (big blind) folded before Flop
Seat 3: Skljar folded before Flop (didn't bet)
Seat 4: Lorpugo folded before Flop (didn't bet)
Seat 5: Overdiewings folded before Flop (didn't bet)
Seat 6: GoldTayger (button) collected ($0.14)



PokerStars Hand #239649750716:  Hold'em No Limit ($0.01/$0.02 USD) - 2022/11/04 15:42:34 ET
Table 'Nyanza III' 6-max Seat #1 is the button
Seat 1: CMPN_mast3r ($0.24 in chips) 
Seat 2: Sensey1286 ($2 in chips) 
Seat 3: Skljar ($2.31 in chips) 
Seat 4: Lorpugo ($1.32 in chips) 
Seat 5: Overdiewings ($5.77 in chips) 
Seat 6: GoldTayger ($2.70 in chips) 
Sensey1286: posts small blind $0.01
Skljar: posts big blind $0.02
*** HOLE CARDS ***
Dealt to Lorpugo [Ks 8h]
Lorpugo: folds 
Overdiewings: folds 
GoldTayger: folds 
CMPN_mast3r: raises $0.22 to $0.24 and is all-in
Sensey1286: folds 
Skljar: calls $0.22
*** FLOP *** [5s Th Js]
*** TURN *** [5s Th Js] [7c]
*** RIVER *** [5s Th Js 7c] [4c]
*** SHOW DOWN ***
Skljar: shows [Ac 8s] (high card Ace)
CMPN_mast3r: shows [Qs As] (high card Ace - Queen kicker)
CMPN_mast3r collected $0.47 from pot
Skljar cashed out the hand for $0.13
*** SUMMARY ***
Total pot $0.49 | Rake $0.02 
Board [5s Th Js 7c 4c]
Seat 1: CMPN_mast3r (button) showed [Qs As] and won ($0.47) with high card Ace
Seat 2: Sensey1286 (small blind) folded before Flop
Seat 3: Skljar (big blind) showed [Ac 8s] and lost with high card Ace (cashed out).
Seat 4: Lorpugo folded before Flop (didn't bet)
Seat 5: Overdiewings folded before Flop (didn't bet)
Seat 6: GoldTayger folded before Flop (didn't bet)



PokerStars Hand #239649767484:  Hold'em No Limit ($0.01/$0.02 USD) - 2022/11/04 15:43:18 ET
Table 'Nyanza III' 6-max Seat #2 is the button
Seat 1: CMPN_mast3r ($0.47 in chips) 
Seat 2: Sensey1286 ($2 in chips) 
Seat 3: Skljar ($2.20 in chips) 
Seat 4: Lorpugo ($1.32 in chips) 
Seat 5: Overdiewings ($5.77 in chips) 
Seat 6: GoldTayger ($2.70 in chips) 
Skljar: posts small blind $0.01
Lorpugo: posts big blind $0.02
*** HOLE CARDS ***
Dealt to Lorpugo [2s 5d]
Overdiewings: folds 
GoldTayger: folds 
CMPN_mast3r: folds 
Sensey1286: folds 
Skljar: folds 
Uncalled bet ($0.01) returned to Lorpugo
Lorpugo collected $0.02 from pot
Lorpugo: doesn't show hand 
*** SUMMARY ***
Total pot $0.02 | Rake $0 
Seat 1: CMPN_mast3r folded before Flop (didn't bet)
Seat 2: Sensey1286 (button) folded before Flop (didn't bet)
Seat 3: Skljar (small blind) folded before Flop
Seat 4: Lorpugo (big blind) collected ($0.02)
Seat 5: Overdiewings folded before Flop (didn't bet)
Seat 6: GoldTayger folded before Flop (didn't bet)



PokerStars Hand #239649771029:  Hold'em No Limit ($0.01/$0.02 USD) - 2022/11/04 15:43:28 ET
Table 'Nyanza III' 6-max Seat #3 is the button
Seat 1: CMPN_mast3r ($0.47 in chips) 
Seat 2: Sensey1286 ($2 in chips) 
Seat 3: Skljar ($2.19 in chips) 
Seat 4: Lorpugo ($1.33 in chips) 
Seat 5: Overdiewings ($5.77 in chips) 
Seat 6: GoldTayger ($2.70 in chips) 
Lorpugo: posts small blind $0.01
Overdiewings: posts big blind $0.02
*** HOLE CARDS ***
Dealt to Lorpugo [2h 9s]
GoldTayger: folds 
CMPN_mast3r: raises $0.04 to $0.06
Sensey1286: folds 
Skljar: folds 
Lorpugo: folds 
Overdiewings: folds 
Uncalled bet ($0.04) returned to CMPN_mast3r
CMPN_mast3r collected $0.05 from pot
*** SUMMARY ***
Total pot $0.05 | Rake $0 
Seat 1: CMPN_mast3r collected ($0.05)
Seat 2: Sensey1286 folded before Flop (didn't bet)
Seat 3: Skljar (button) folded before Flop (didn't bet)
Seat 4: Lorpugo (small blind) folded before Flop
Seat 5: Overdiewings (big blind) folded before Flop
Seat 6: GoldTayger folded before Flop (didn't bet)



PokerStars Hand #239649779481:  Hold'em No Limit ($0.01/$0.02 USD) - 2022/11/04 15:43:50 ET
Table 'Nyanza III' 6-max Seat #4 is the button
Seat 1: CMPN_mast3r ($0.50 in chips) 
Seat 2: Sensey1286 ($2 in chips) 
Seat 3: Skljar ($2.19 in chips) 
Seat 4: Lorpugo ($1.32 in chips) 
Seat 5: Overdiewings ($5.75 in chips) 
Seat 6: GoldTayger ($2.70 in chips) 
Overdiewings: posts small blind $0.01
GoldTayger: posts big blind $0.02
*** HOLE CARDS ***
Dealt to Lorpugo [Th 2d]
CMPN_mast3r: folds 
Sensey1286: folds 
Skljar: folds 
Lorpugo: folds 
Overdiewings: raises $0.03 to $0.05
GoldTayger: folds 
Uncalled bet ($0.03) returned to Overdiewings
Overdiewings collected $0.04 from pot
*** SUMMARY ***
Total pot $0.04 | Rake $0 
Seat 1: CMPN_mast3r folded before Flop (didn't bet)
Seat 2: Sensey1286 folded before Flop (didn't bet)
Seat 3: Skljar folded before Flop (didn't bet)
Seat 4: Lorpugo (button) folded before Flop (didn't bet)
Seat 5: Overdiewings (small blind) collected ($0.04)
Seat 6: GoldTayger (big blind) folded before Flop



PokerStars Hand #239649787451:  Hold'em No Limit ($0.01/$0.02 USD) - 2022/11/04 15:44:11 ET
Table 'Nyanza III' 6-max Seat #5 is the button
Seat 1: CMPN_mast3r ($0.50 in chips) 
Seat 2: Sensey1286 ($2 in chips) 
Seat 3: Skljar ($2.19 in chips) 
Seat 4: Lorpugo ($1.32 in chips) 
Seat 5: Overdiewings ($5.77 in chips) 
Seat 6: GoldTayger ($2.68 in chips) 
GoldTayger: posts small blind $0.01
CMPN_mast3r: posts big blind $0.02
*** HOLE CARDS ***
Dealt to Lorpugo [5s Kh]
Sensey1286: folds 
Skljar: raises $0.10 to $0.12
Lorpugo: folds 
Overdiewings: folds 
GoldTayger: folds 
CMPN_mast3r: folds 
Uncalled bet ($0.10) returned to Skljar
Skljar collected $0.05 from pot
Skljar: doesn't show hand 
*** SUMMARY ***
Total pot $0.05 | Rake $0 
Seat 1: CMPN_mast3r (big blind) folded before Flop
Seat 2: Sensey1286 folded before Flop (didn't bet)
Seat 3: Skljar collected ($0.05)
Seat 4: Lorpugo folded before Flop (didn't bet)
Seat 5: Overdiewings (button) folded before Flop (didn't bet)
Seat 6: GoldTayger (small blind) folded before Flop



PokerStars Hand #239649794120:  Hold'em No Limit ($0.01/$0.02 USD) - 2022/11/04 15:44:29 ET
Table 'Nyanza III' 6-max Seat #6 is the button
Seat 1: CMPN_mast3r ($0.48 in chips) 
Seat 2: Sensey1286 ($2 in chips) 
Seat 3: Skljar ($2.22 in chips) 
Seat 4: Lorpugo ($1.32 in chips) 
Seat 5: Overdiewings ($5.77 in chips) 
Seat 6: GoldTayger ($2.67 in chips) 
CMPN_mast3r: posts small blind $0.01
Sensey1286: posts big blind $0.02
*** HOLE CARDS ***
Dealt to Lorpugo [4d Qd]
Skljar: folds 
Lorpugo: folds 
Overdiewings: raises $0.03 to $0.05
GoldTayger: calls $0.05
CMPN_mast3r: folds 
Sensey1286: folds 
*** FLOP *** [Td 4c Ad]
Overdiewings: bets $0.03
GoldTayger: folds 
Uncalled bet ($0.03) returned to Overdiewings
Overdiewings collected $0.13 from pot
*** SUMMARY ***
Total pot $0.13 | Rake $0 
Board [Td 4c Ad]
Seat 1: CMPN_mast3r (small blind) folded before Flop
Seat 2: Sensey1286 (big blind) folded before Flop
Seat 3: Skljar folded before Flop (didn't bet)
Seat 4: Lorpugo folded before Flop (didn't bet)
Seat 5: Overdiewings collected ($0.13)
Seat 6: GoldTayger (button) folded on the Flop



PokerStars Hand #239649803245:  Hold'em No Limit ($0.01/$0.02 USD) - 2022/11/04 15:44:53 ET
Table 'Nyanza III' 6-max Seat #1 is the button
Seat 1: CMPN_mast3r ($0.47 in chips) 
Seat 2: Sensey1286 ($2 in chips) 
Seat 3: Skljar ($2.22 in chips) 
Seat 4: Lorpugo ($1.32 in chips) 
Seat 5: Overdiewings ($5.85 in chips) 
Seat 6: GoldTayger ($2.62 in chips) 
Sensey1286: posts small blind $0.01
Skljar: posts big blind $0.02
*** HOLE CARDS ***
Dealt to Lorpugo [6c 3h]
Lorpugo: folds 
Overdiewings: folds 
GoldTayger: folds 
CMPN_mast3r: folds 
Sensey1286: folds 
Uncalled bet ($0.01) returned to Skljar
Skljar collected $0.02 from pot
Skljar: doesn't show hand 
*** SUMMARY ***
Total pot $0.02 | Rake $0 
Seat 1: CMPN_mast3r (button) folded before Flop (didn't bet)
Seat 2: Sensey1286 (small blind) folded before Flop
Seat 3: Skljar (big blind) collected ($0.02)
Seat 4: Lorpugo folded before Flop (didn't bet)
Seat 5: Overdiewings folded before Flop (didn't bet)
Seat 6: GoldTayger folded before Flop (didn't bet)



PokerStars Hand #239649808147:  Hold'em No Limit ($0.01/$0.02 USD) - 2022/11/04 15:45:06 ET
Table 'Nyanza III' 6-max Seat #2 is the button
Seat 1: CMPN_mast3r ($0.47 in chips) 
Seat 2: Sensey1286 ($2 in chips) 
Seat 3: Skljar ($2.23 in chips) 
Seat 4: Lorpugo ($1.32 in chips) 
Seat 5: Overdiewings ($5.85 in chips) 
Seat 6: GoldTayger ($2.62 in chips) 
Skljar: posts small blind $0.01
Lorpugo: posts big blind $0.02
*** HOLE CARDS ***
Dealt to Lorpugo [7c 6h]
Overdiewings: folds 
GoldTayger: folds 
CMPN_mast3r: folds 
Sensey1286: folds 
Skljar: calls $0.01
Lorpugo: checks 
*** FLOP *** [Ts 6d 3s]
Skljar: checks 
Lorpugo: bets $0.03
Skljar: calls $0.03
*** TURN *** [Ts 6d 3s] [7h]
Skljar: checks 
Lorpugo: bets $0.07
Skljar: folds 
Uncalled bet ($0.07) returned to Lorpugo
Lorpugo collected $0.10 from pot
Lorpugo: doesn't show hand 
*** SUMMARY ***
Total pot $0.10 | Rake $0 
Board [Ts 6d 3s 7h]
Seat 1: CMPN_mast3r folded before Flop (didn't bet)
Seat 2: Sensey1286 (button) folded before Flop (didn't bet)
Seat 3: Skljar (small blind) folded on the Turn
Seat 4: Lorpugo (big blind) collected ($0.10)
Seat 5: Overdiewings folded before Flop (didn't bet)
Seat 6: GoldTayger folded before Flop (didn't bet)



PokerStars Hand #239649827280:  Hold'em No Limit ($0.01/$0.02 USD) - 2022/11/04 15:45:57 ET
Table 'Nyanza III' 6-max Seat #3 is the button
Seat 1: CMPN_mast3r ($0.47 in chips) 
Seat 2: Sensey1286 ($2 in chips) 
Seat 3: Skljar ($2.18 in chips) 
Seat 4: Lorpugo ($1.37 in chips) 
Seat 5: Overdiewings ($5.85 in chips) 
Seat 6: GoldTayger ($2.62 in chips) 
Lorpugo: posts small blind $0.01
Overdiewings: posts big blind $0.02
*** HOLE CARDS ***
Dealt to Lorpugo [Kd Qh]
GoldTayger: folds 
CMPN_mast3r: folds 
Sensey1286: folds 
Skljar: raises $0.08 to $0.10
Lorpugo: calls $0.09
Overdiewings: folds 
*** FLOP *** [8c Kh 6s]
Lorpugo: bets $0.11
Skljar: calls $0.11
*** TURN *** [8c Kh 6s] [5h]
Lorpugo: bets $0.28
Skljar: folds 
Uncalled bet ($0.28) returned to Lorpugo
Lorpugo collected $0.42 from pot
Lorpugo: doesn't show hand 
*** SUMMARY ***
Total pot $0.44 | Rake $0.02 
Board [8c Kh 6s 5h]
Seat 1: CMPN_mast3r folded before Flop (didn't bet)
Seat 2: Sensey1286 folded before Flop (didn't bet)
Seat 3: Skljar (button) folded on the Turn
Seat 4: Lorpugo (small blind) collected ($0.42)
Seat 5: Overdiewings (big blind) folded before Flop
Seat 6: GoldTayger folded before Flop (didn't bet)



PokerStars Hand #239649847458:  Hold'em No Limit ($0.01/$0.02 USD) - 2022/11/04 15:46:51 ET
Table 'Nyanza III' 6-max Seat #4 is the button
Seat 1: CMPN_mast3r ($0.47 in chips) 
Seat 2: Sensey1286 ($2 in chips) 
Seat 3: Skljar ($2 in chips) 
Seat 4: Lorpugo ($1.58 in chips) 
Seat 5: Overdiewings ($5.83 in chips) 
Seat 6: GoldTayger ($2.62 in chips) 
Overdiewings: posts small blind $0.01
GoldTayger: posts big blind $0.02
*** HOLE CARDS ***
Dealt to Lorpugo [4c Qs]
CMPN_mast3r: folds 
Sensey1286: folds 
Skljar: folds 
Lorpugo: folds 
Overdiewings: raises $0.03 to $0.05
GoldTayger: folds 
Uncalled bet ($0.03) returned to Overdiewings
Overdiewings collected $0.04 from pot
*** SUMMARY ***
Total pot $0.04 | Rake $0 
Seat 1: CMPN_mast3r folded before Flop (didn't bet)
Seat 2: Sensey1286 folded before Flop (didn't bet)
Seat 3: Skljar folded before Flop (didn't bet)
Seat 4: Lorpugo (button) folded before Flop (didn't bet)
Seat 5: Overdiewings (small blind) collected ($0.04)
Seat 6: GoldTayger (big blind) folded before Flop



PokerStars Hand #239649857370:  Hold'em No Limit ($0.01/$0.02 USD) - 2022/11/04 15:47:17 ET
Table 'Nyanza III' 6-max Seat #5 is the button
Seat 1: CMPN_mast3r ($0.47 in chips) 
Seat 2: Sensey1286 ($2 in chips) 
Seat 3: Skljar ($2 in chips) 
Seat 4: Lorpugo ($1.58 in chips) 
Seat 5: Overdiewings ($5.85 in chips) 
Seat 6: GoldTayger ($2.60 in chips) 
GoldTayger: posts small blind $0.01
CMPN_mast3r: posts big blind $0.02
*** HOLE CARDS ***
Dealt to Lorpugo [Th Kc]
Sensey1286: folds 
Skljar: folds 
Lorpugo: raises $0.04 to $0.06
Overdiewings: folds 
GoldTayger: folds 
CMPN_mast3r: calls $0.04
*** FLOP *** [8c 7h 6h]
CMPN_mast3r: checks 
Lorpugo: checks 
*** TURN *** [8c 7h 6h] [Qs]
CMPN_mast3r: checks 
Lorpugo: bets $0.18
CMPN_mast3r: folds 
Uncalled bet ($0.18) returned to Lorpugo
Lorpugo collected $0.13 from pot
Lorpugo: doesn't show hand 
*** SUMMARY ***
Total pot $0.13 | Rake $0 
Board [8c 7h 6h Qs]
Seat 1: CMPN_mast3r (big blind) folded on the Turn
Seat 2: Sensey1286 folded before Flop (didn't bet)
Seat 3: Skljar folded before Flop (didn't bet)
Seat 4: Lorpugo collected ($0.13)
Seat 5: Overdiewings (button) folded before Flop (didn't bet)
Seat 6: GoldTayger (small blind) folded before Flop



PokerStars Hand #239649872912:  Hold'em No Limit ($0.01/$0.02 USD) - 2022/11/04 15:47:59 ET
Table 'Nyanza III' 6-max Seat #6 is the button
Seat 1: CMPN_mast3r ($0.41 in chips) 
Seat 2: Sensey1286 ($2 in chips) 
Seat 3: Skljar ($2 in chips) 
Seat 4: Lorpugo ($1.65 in chips) 
Seat 5: Overdiewings ($5.85 in chips) 
Seat 6: GoldTayger ($2.59 in chips) 
CMPN_mast3r: posts small blind $0.01
Sensey1286: posts big blind $0.02
*** HOLE CARDS ***
Dealt to Lorpugo [Jd 6c]
Skljar: raises $0.04 to $0.06
Lorpugo: folds 
Overdiewings: folds 
GoldTayger: calls $0.06
CMPN_mast3r: folds 
Sensey1286: folds 
*** FLOP *** [2s Kc As]
Skljar: bets $0.09
GoldTayger: calls $0.09
*** TURN *** [2s Kc As] [Ts]
Skljar: checks 
GoldTayger: bets $0.22
Skljar: folds 
Uncalled bet ($0.22) returned to GoldTayger
GoldTayger collected $0.32 from pot
GoldTayger: doesn't show hand 
*** SUMMARY ***
Total pot $0.33 | Rake $0.01 
Board [2s Kc As Ts]
Seat 1: CMPN_mast3r (small blind) folded before Flop
Seat 2: Sensey1286 (big blind) folded before Flop
Seat 3: Skljar folded on the Turn
Seat 4: Lorpugo folded before Flop (didn't bet)
Seat 5: Overdiewings folded before Flop (didn't bet)
Seat 6: GoldTayger (button) collected ($0.32)



PokerStars Hand #239649896216:  Hold'em No Limit ($0.01/$0.02 USD) - 2022/11/04 15:49:01 ET
Table 'Nyanza III' 6-max Seat #1 is the button
Seat 1: CMPN_mast3r ($0.40 in chips) 
Seat 2: Sensey1286 ($2 in chips) 
Seat 3: Skljar ($2 in chips) 
Seat 4: Lorpugo ($1.65 in chips) 
Seat 5: Overdiewings ($5.85 in chips) 
Seat 6: GoldTayger ($2.76 in chips) 
Sensey1286: posts small blind $0.01
Skljar: posts big blind $0.02
*** HOLE CARDS ***
Dealt to Lorpugo [Td As]
Lorpugo has timed out
Lorpugo: folds 
Overdiewings: folds 
GoldTayger: folds 
CMPN_mast3r: raises $0.04 to $0.06
Sensey1286: folds 
Skljar: folds 
Uncalled bet ($0.04) returned to CMPN_mast3r
CMPN_mast3r collected $0.05 from pot
*** SUMMARY ***
Total pot $0.05 | Rake $0 
Seat 1: CMPN_mast3r (button) collected ($0.05)
Seat 2: Sensey1286 (small blind) folded before Flop
Seat 3: Skljar (big blind) folded before Flop
Seat 4: Lorpugo folded before Flop (didn't bet)
Seat 5: Overdiewings folded before Flop (didn't bet)
Seat 6: GoldTayger folded before Flop (didn't bet)



PokerStars Hand #239649907367:  Hold'em No Limit ($0.01/$0.02 USD) - 2022/11/04 15:49:31 ET
Table 'Nyanza III' 6-max Seat #2 is the button
Seat 1: CMPN_mast3r ($0.43 in chips) 
Seat 2: Sensey1286 ($2 in chips) 
Seat 3: Skljar ($2 in chips) 
Seat 4: Lorpugo ($1.65 in chips) 
Seat 5: Overdiewings ($5.85 in chips) 
Seat 6: GoldTayger ($2.76 in chips) 
Skljar: posts small blind $0.01
Lorpugo: posts big blind $0.02
*** HOLE CARDS ***
Dealt to Lorpugo [Qd Jh]
Overdiewings: folds 
GoldTayger: folds 
CMPN_mast3r: folds 
Sensey1286: folds 
Skljar: calls $0.01
Lorpugo: raises $0.08 to $0.10
Skljar: folds 
Uncalled bet ($0.08) returned to Lorpugo
Lorpugo collected $0.04 from pot
Lorpugo: doesn't show hand 
*** SUMMARY ***
Total pot $0.04 | Rake $0 
Seat 1: CMPN_mast3r folded before Flop (didn't bet)
Seat 2: Sensey1286 (button) folded before Flop (didn't bet)
Seat 3: Skljar (small blind) folded before Flop
Seat 4: Lorpugo (big blind) collected ($0.04)
Seat 5: Overdiewings folded before Flop (didn't bet)
Seat 6: GoldTayger folded before Flop (didn't bet)



PokerStars Hand #239649918561:  Hold'em No Limit ($0.01/$0.02 USD) - 2022/11/04 15:50:01 ET
Table 'Nyanza III' 6-max Seat #3 is the button
Seat 1: CMPN_mast3r ($0.43 in chips) 
Seat 2: Sensey1286 ($2 in chips) 
Seat 3: Skljar ($2 in chips) 
Seat 4: Lorpugo ($1.67 in chips) 
Seat 5: Overdiewings ($5.85 in chips) 
Seat 6: GoldTayger ($2.76 in chips) 
Lorpugo: posts small blind $0.01
Overdiewings: posts big blind $0.02
*** HOLE CARDS ***
Dealt to Lorpugo [Tc Qs]
GoldTayger: folds 
CMPN_mast3r: folds 
Sensey1286: folds 
Skljar: calls $0.02
Lorpugo: calls $0.01
Overdiewings: checks 
*** FLOP *** [7d 9h 8s]
Lorpugo: checks 
Overdiewings: bets $0.03
Skljar: calls $0.03
Lorpugo: calls $0.03
*** TURN *** [7d 9h 8s] [6h]
Lorpugo: checks 
Overdiewings: bets $0.06
Skljar: calls $0.06
Lorpugo: raises $0.16 to $0.22
Overdiewings: folds 
Skljar: folds 
Uncalled bet ($0.16) returned to Lorpugo
Lorpugo collected $0.32 from pot
Lorpugo: doesn't show hand 
*** SUMMARY ***
Total pot $0.33 | Rake $0.01 
Board [7d 9h 8s 6h]
Seat 1: CMPN_mast3r folded before Flop (didn't bet)
Seat 2: Sensey1286 folded before Flop (didn't bet)
Seat 3: Skljar (button) folded on the Turn
Seat 4: Lorpugo (small blind) collected ($0.32)
Seat 5: Overdiewings (big blind) folded on the Turn
Seat 6: GoldTayger folded before Flop (didn't bet)



PokerStars Hand #239649942391:  Hold'em No Limit ($0.01/$0.02 USD) - 2022/11/04 15:51:04 ET
Table 'Nyanza III' 6-max Seat #4 is the button
Seat 1: CMPN_mast3r ($0.43 in chips) 
Seat 2: Sensey1286 ($2 in chips) 
Seat 3: Skljar ($2 in chips) 
Seat 4: Lorpugo ($1.88 in chips) 
Seat 5: Overdiewings ($5.74 in chips) 
Seat 6: GoldTayger ($2.76 in chips) 
Overdiewings: posts small blind $0.01
GoldTayger: posts big blind $0.02
*** HOLE CARDS ***
Dealt to Lorpugo [Tc Ac]
CMPN_mast3r: folds 
Sensey1286: raises $0.02 to $0.04
Skljar: folds 
Lorpugo: raises $0.08 to $0.12
Overdiewings: folds 
GoldTayger: folds 
Sensey1286: calls $0.08
*** FLOP *** [8s 3c Td]
Sensey1286: bets $0.06
Lorpugo: raises $0.14 to $0.20
Sensey1286: folds 
Uncalled bet ($0.14) returned to Lorpugo
Lorpugo collected $0.38 from pot
Lorpugo: doesn't show hand 
*** SUMMARY ***
Total pot $0.39 | Rake $0.01 
Board [8s 3c Td]
Seat 1: CMPN_mast3r folded before Flop (didn't bet)
Seat 2: Sensey1286 folded on the Flop
Seat 3: Skljar folded before Flop (didn't bet)
Seat 4: Lorpugo (button) collected ($0.38)
Seat 5: Overdiewings (small blind) folded before Flop
Seat 6: GoldTayger (big blind) folded before Flop



PokerStars Hand #239649966166:  Hold'em No Limit ($0.01/$0.02 USD) - 2022/11/04 15:52:07 ET
Table 'Nyanza III' 6-max Seat #5 is the button
Seat 1: CMPN_mast3r ($0.43 in chips) 
Seat 2: Sensey1286 ($2 in chips) 
Seat 3: Skljar ($2 in chips) 
Seat 4: Lorpugo ($2.08 in chips) 
Seat 5: Overdiewings ($5.73 in chips) 
Seat 6: GoldTayger ($2.74 in chips) 
GoldTayger: posts small blind $0.01
CMPN_mast3r: posts big blind $0.02
*** HOLE CARDS ***
Dealt to Lorpugo [6h 6c]
Sensey1286: folds 
Skljar: folds 
Lorpugo: raises $0.04 to $0.06
Overdiewings: folds 
GoldTayger: folds 
CMPN_mast3r: folds 
Uncalled bet ($0.04) returned to Lorpugo
Lorpugo collected $0.05 from pot
Lorpugo: doesn't show hand 
*** SUMMARY ***
Total pot $0.05 | Rake $0 
Seat 1: CMPN_mast3r (big blind) folded before Flop
Seat 2: Sensey1286 folded before Flop (didn't bet)
Seat 3: Skljar folded before Flop (didn't bet)
Seat 4: Lorpugo collected ($0.05)
Seat 5: Overdiewings (button) folded before Flop (didn't bet)
Seat 6: GoldTayger (small blind) folded before Flop



PokerStars Hand #239649971459:  Hold'em No Limit ($0.01/$0.02 USD) - 2022/11/04 15:52:21 ET
Table 'Nyanza III' 6-max Seat #6 is the button
Seat 1: CMPN_mast3r ($0.41 in chips) 
Seat 2: Sensey1286 ($2 in chips) 
Seat 3: Skljar ($2 in chips) 
Seat 4: Lorpugo ($2.11 in chips) 
Seat 5: Overdiewings ($5.73 in chips) 
Seat 6: GoldTayger ($2.73 in chips) 
CMPN_mast3r: posts small blind $0.01
Sensey1286: posts big blind $0.02
*** HOLE CARDS ***
Dealt to Lorpugo [Ks 2s]
Skljar: folds 
Lorpugo: folds 
Overdiewings: folds 
GoldTayger: raises $0.02 to $0.04
CMPN_mast3r: folds 
Sensey1286: folds 
Uncalled bet ($0.02) returned to GoldTayger
Sensey1286 leaves the table
GoldTayger collected $0.05 from pot
GoldTayger: doesn't show hand 
*** SUMMARY ***
Total pot $0.05 | Rake $0 
Seat 1: CMPN_mast3r (small blind) folded before Flop
Seat 2: Sensey1286 (big blind) folded before Flop
Seat 3: Skljar folded before Flop (didn't bet)
Seat 4: Lorpugo folded before Flop (didn't bet)
Seat 5: Overdiewings folded before Flop (didn't bet)
Seat 6: GoldTayger (button) collected ($0.05)



PokerStars Hand #239649976811:  Hold'em No Limit ($0.01/$0.02 USD) - 2022/11/04 15:52:35 ET
Table 'Nyanza III' 6-max Seat #1 is the button
Seat 1: CMPN_mast3r ($0.40 in chips) 
Seat 3: Skljar ($2 in chips) 
Seat 4: Lorpugo ($2.11 in chips) 
Seat 5: Overdiewings ($5.73 in chips) 
Seat 6: GoldTayger ($2.76 in chips) 
Skljar: posts small blind $0.01
Lorpugo: posts big blind $0.02
*** HOLE CARDS ***
Dealt to Lorpugo [2d Ah]
Overdiewings: raises $0.03 to $0.05
GoldTayger: folds 
CMPN_mast3r: folds 
Skljar: folds 
Lorpugo: folds 
Uncalled bet ($0.03) returned to Overdiewings
Overdiewings collected $0.05 from pot
*** SUMMARY ***
Total pot $0.05 | Rake $0 
Seat 1: CMPN_mast3r (button) folded before Flop (didn't bet)
Seat 3: Skljar (small blind) folded before Flop
Seat 4: Lorpugo (big blind) folded before Flop
Seat 5: Overdiewings collected ($0.05)
Seat 6: GoldTayger folded before Flop (didn't bet)



PokerStars Hand #239649982701:  Hold'em No Limit ($0.01/$0.02 USD) - 2022/11/04 15:52:50 ET
Table 'Nyanza III' 6-max Seat #3 is the button
Seat 1: CMPN_mast3r ($0.40 in chips) 
Seat 3: Skljar ($2 in chips) 
Seat 4: Lorpugo ($2.09 in chips) 
Seat 6: GoldTayger ($2.76 in chips) 
Lorpugo: posts small blind $0.01
Overdiewings: is sitting out 
Overdiewings leaves the table
GoldTayger: posts big blind $0.02
*** HOLE CARDS ***
Dealt to Lorpugo [3d 6c]
CMPN_mast3r: folds 
Skljar: calls $0.02
Lorpugo: folds 
GoldTayger: checks 
*** FLOP *** [7s 5s Jh]
GoldTayger: bets $0.03
Skljar: folds 
Uncalled bet ($0.03) returned to GoldTayger
GoldTayger collected $0.05 from pot
GoldTayger: doesn't show hand 
*** SUMMARY ***
Total pot $0.05 | Rake $0 
Board [7s 5s Jh]
Seat 1: CMPN_mast3r folded before Flop (didn't bet)
Seat 3: Skljar (button) folded on the Flop
Seat 4: Lorpugo (small blind) folded before Flop
Seat 6: GoldTayger (big blind) collected ($0.05)



PokerStars Hand #239649996093:  Hold'em No Limit ($0.01/$0.02 USD) - 2022/11/04 15:53:26 ET
Table 'Nyanza III' 6-max Seat #4 is the button
Seat 1: CMPN_mast3r ($0.40 in chips) 
Seat 3: Skljar ($2 in chips) 
Seat 4: Lorpugo ($2.08 in chips) 
Seat 6: GoldTayger ($2.79 in chips) 
GoldTayger: posts small blind $0.01
CMPN_mast3r: posts big blind $0.02
*** HOLE CARDS ***
Dealt to Lorpugo [8d 2s]
Skljar: folds 
Lorpugo: folds 
GoldTayger: raises $0.04 to $0.06
CMPN_mast3r: calls $0.04
*** FLOP *** [Jd 2d Th]
GoldTayger: bets $0.12
CMPN_mast3r: folds 
Uncalled bet ($0.12) returned to GoldTayger
GoldTayger collected $0.12 from pot
GoldTayger: doesn't show hand 
*** SUMMARY ***
Total pot $0.12 | Rake $0 
Board [Jd 2d Th]
Seat 1: CMPN_mast3r (big blind) folded on the Flop
Seat 3: Skljar folded before Flop (didn't bet)
Seat 4: Lorpugo (button) folded before Flop (didn't bet)
Seat 6: GoldTayger (small blind) collected ($0.12)



PokerStars Hand #239650003075:  Hold'em No Limit ($0.01/$0.02 USD) - 2022/11/04 15:53:45 ET
Table 'Nyanza III' 6-max Seat #6 is the button
Seat 1: CMPN_mast3r ($0.34 in chips) 
Seat 3: Skljar ($2 in chips) 
Seat 4: Lorpugo ($2.08 in chips) 
Seat 6: GoldTayger ($2.85 in chips) 
CMPN_mast3r: posts small blind $0.01
Skljar: posts big blind $0.02
*** HOLE CARDS ***
Dealt to Lorpugo [As Ad]
Lorpugo: raises $0.04 to $0.06
GoldTayger: folds 
CMPN_mast3r: folds 
Skljar: folds 
Uncalled bet ($0.04) returned to Lorpugo
Lorpugo collected $0.05 from pot
Lorpugo: doesn't show hand 
*** SUMMARY ***
Total pot $0.05 | Rake $0 
Seat 1: CMPN_mast3r (small blind) folded before Flop
Seat 3: Skljar (big blind) folded before Flop
Seat 4: Lorpugo collected ($0.05)
Seat 6: GoldTayger (button) folded before Flop (didn't bet)



PokerStars Hand #239650008450:  Hold'em No Limit ($0.01/$0.02 USD) - 2022/11/04 15:53:59 ET
Table 'Nyanza III' 6-max Seat #1 is the button
Seat 1: CMPN_mast3r ($0.33 in chips) 
Seat 3: Skljar ($2 in chips) 
Seat 4: Lorpugo ($2.11 in chips) 
Seat 6: GoldTayger ($2.85 in chips) 
Skljar: posts small blind $0.01
Lorpugo: posts big blind $0.02
*** HOLE CARDS ***
Dealt to Lorpugo [5s Qc]
GoldTayger: raises $0.04 to $0.06
CMPN_mast3r: calls $0.06
Skljar: folds 
Lorpugo: folds 
*** FLOP *** [7c 9c 9h]
GoldTayger: checks 
CMPN_mast3r: checks 
*** TURN *** [7c 9c 9h] [8d]
GoldTayger: checks 
CMPN_mast3r: bets $0.06
GoldTayger: calls $0.06
*** RIVER *** [7c 9c 9h 8d] [Tc]
GoldTayger: checks 
CMPN_mast3r: bets $0.21 and is all-in
GoldTayger: folds 
Uncalled bet ($0.21) returned to CMPN_mast3r
CMPN_mast3r collected $0.26 from pot
*** SUMMARY ***
Total pot $0.27 | Rake $0.01 
Board [7c 9c 9h 8d Tc]
Seat 1: CMPN_mast3r (button) collected ($0.26)
Seat 3: Skljar (small blind) folded before Flop
Seat 4: Lorpugo (big blind) folded before Flop
Seat 6: GoldTayger folded on the River



PokerStars Hand #239650026384:  Hold'em No Limit ($0.01/$0.02 USD) - 2022/11/04 15:54:47 ET
Table 'Nyanza III' 6-max Seat #3 is the button
Seat 1: CMPN_mast3r ($0.47 in chips) 
Seat 3: Skljar ($2 in chips) 
Seat 4: Lorpugo ($2.09 in chips) 
Seat 6: GoldTayger ($2.73 in chips) 
Lorpugo: posts small blind $0.01
GoldTayger: posts big blind $0.02
*** HOLE CARDS ***
Dealt to Lorpugo [Qs Ts]
CMPN_mast3r: raises $0.02 to $0.04
Skljar: folds 
Lorpugo: calls $0.03
GoldTayger: folds 
*** FLOP *** [Qd 3c 2h]
Lorpugo: bets $0.07
CMPN_mast3r: folds 
Uncalled bet ($0.07) returned to Lorpugo
Lorpugo collected $0.10 from pot
Lorpugo: doesn't show hand 
*** SUMMARY ***
Total pot $0.10 | Rake $0 
Board [Qd 3c 2h]
Seat 1: CMPN_mast3r folded on the Flop
Seat 3: Skljar (button) folded before Flop (didn't bet)
Seat 4: Lorpugo (small blind) collected ($0.10)
Seat 6: GoldTayger (big blind) folded before Flop



PokerStars Hand #239650035128:  Hold'em No Limit ($0.01/$0.02 USD) - 2022/11/04 15:55:10 ET
Table 'Nyanza III' 6-max Seat #4 is the button
Seat 1: CMPN_mast3r ($0.43 in chips) 
Seat 3: Skljar ($2 in chips) 
Seat 4: Lorpugo ($2.15 in chips) 
Seat 6: GoldTayger ($2.71 in chips) 
GoldTayger: posts small blind $0.01
CMPN_mast3r: posts big blind $0.02
*** HOLE CARDS ***
Dealt to Lorpugo [Th Jd]
Skljar: raises $0.04 to $0.06
Connor414 joins the table at seat #2 
Lorpugo: calls $0.06
GoldTayger: folds 
CMPN_mast3r: folds 
*** FLOP *** [5h Kh 6h]
Skljar: bets $0.09
Lorpugo: calls $0.09
*** TURN *** [5h Kh 6h] [2d]
Skljar: checks 
Lorpugo: checks 
*** RIVER *** [5h Kh 6h 2d] [Qd]
StacyRae888 joins the table at seat #5 
Skljar: checks 
Lorpugo: checks 
*** SHOW DOWN ***
Skljar: shows [9s Ah] (high card Ace)
Lorpugo: mucks hand 
Skljar collected $0.32 from pot
*** SUMMARY ***
Total pot $0.33 | Rake $0.01 
Board [5h Kh 6h 2d Qd]
Seat 1: CMPN_mast3r (big blind) folded before Flop
Seat 3: Skljar showed [9s Ah] and won ($0.32) with high card Ace
Seat 4: Lorpugo (button) mucked [Th Jd]
Seat 6: GoldTayger (small blind) folded before Flop



PokerStars Hand #239650050151:  Hold'em No Limit ($0.01/$0.02 USD) - 2022/11/04 15:56:04 ET
Table 'Nyanza III' 6-max Seat #6 is the button
Seat 1: CMPN_mast3r ($0.41 in chips) 
Seat 2: Connor414 ($2 in chips) 
Seat 3: Skljar ($2.17 in chips) 
Seat 4: Lorpugo ($2 in chips) 
Seat 6: GoldTayger ($2.70 in chips) 
CMPN_mast3r: posts small blind $0.01
Connor414: posts big blind $0.02
StacyRae888: sits out 
*** HOLE CARDS ***
Dealt to Lorpugo [2c Td]
Skljar: folds 
Lorpugo: folds 
GoldTayger: folds 
CMPN_mast3r: folds 
Uncalled bet ($0.01) returned to Connor414
Connor414 collected $0.02 from pot
Connor414: doesn't show hand 
*** SUMMARY ***
Total pot $0.02 | Rake $0 
Seat 1: CMPN_mast3r (small blind) folded before Flop
Seat 2: Connor414 (big blind) collected ($0.02)
Seat 3: Skljar folded before Flop (didn't bet)
Seat 4: Lorpugo folded before Flop (didn't bet)
Seat 6: GoldTayger (button) folded before Flop (didn't bet)



PokerStars Hand #239650052886:  Hold'em No Limit ($0.01/$0.02 USD) - 2022/11/04 15:56:14 ET
Table 'Nyanza III' 6-max Seat #1 is the button
Seat 1: CMPN_mast3r ($0.40 in chips) 
Seat 2: Connor414 ($2.01 in chips) 
Seat 3: Skljar ($2.17 in chips) 
Seat 4: Lorpugo ($2 in chips) 
Seat 6: GoldTayger ($2.70 in chips) 
Connor414: posts small blind $0.01
Skljar: posts big blind $0.02
StacyRae888: sits out 
*** HOLE CARDS ***
Dealt to Lorpugo [3s 5h]
Lorpugo: folds 
GoldTayger: folds 
CMPN_mast3r: folds 
Connor414: raises $0.04 to $0.06
Skljar: calls $0.04
*** FLOP *** [4d 8c 3h]
Connor414: bets $0.04
Skljar: calls $0.04
*** TURN *** [4d 8c 3h] [8s]
Connor414: bets $0.15
Skljar: folds 
Uncalled bet ($0.15) returned to Connor414
Connor414 collected $0.19 from pot
Connor414: doesn't show hand 
*** SUMMARY ***
Total pot $0.20 | Rake $0.01 
Board [4d 8c 3h 8s]
Seat 1: CMPN_mast3r (button) folded before Flop (didn't bet)
Seat 2: Connor414 (small blind) collected ($0.19)
Seat 3: Skljar (big blind) folded on the Turn
Seat 4: Lorpugo folded before Flop (didn't bet)
Seat 6: GoldTayger folded before Flop (didn't bet)



PokerStars Hand #239650064415:  Hold'em No Limit ($0.01/$0.02 USD) - 2022/11/04 15:56:57 ET
Table 'Nyanza III' 6-max Seat #2 is the button
Seat 1: CMPN_mast3r ($0.40 in chips) 
Seat 2: Connor414 ($2.10 in chips) 
Seat 3: Skljar ($2.07 in chips) 
Seat 4: Lorpugo ($2 in chips) 
Seat 6: GoldTayger ($2.70 in chips) 
Skljar: posts small blind $0.01
Lorpugo: posts big blind $0.02
StacyRae888: sits out 
*** HOLE CARDS ***
Dealt to Lorpugo [2s 3d]
GoldTayger: folds 
CMPN_mast3r: calls $0.02
Connor414: folds 
Skljar: folds 
Lorpugo: checks 
*** FLOP *** [5h 4c Ts]
Lorpugo: bets $0.03
CMPN_mast3r: calls $0.03
*** TURN *** [5h 4c Ts] [6c]
Lorpugo: bets $0.07
CMPN_mast3r: calls $0.07
*** RIVER *** [5h 4c Ts 6c] [9h]
Lorpugo: bets $0.32
CMPN_mast3r: folds 
Uncalled bet ($0.32) returned to Lorpugo
Lorpugo collected $0.24 from pot
Lorpugo: doesn't show hand 
*** SUMMARY ***
Total pot $0.25 | Rake $0.01 
Board [5h 4c Ts 6c 9h]
Seat 1: CMPN_mast3r folded on the River
Seat 2: Connor414 (button) folded before Flop (didn't bet)
Seat 3: Skljar (small blind) folded before Flop
Seat 4: Lorpugo (big blind) collected ($0.24)
Seat 6: GoldTayger folded before Flop (didn't bet)



PokerStars Hand #239650076578:  Hold'em No Limit ($0.01/$0.02 USD) - 2022/11/04 15:57:42 ET
Table 'Nyanza III' 6-max Seat #3 is the button
Seat 1: CMPN_mast3r ($0.28 in chips) 
Seat 2: Connor414 ($2.10 in chips) 
Seat 3: Skljar ($2.06 in chips) 
Seat 4: Lorpugo ($2.12 in chips) 
Seat 5: StacyRae888 ($2 in chips) 
Seat 6: GoldTayger ($2.70 in chips) 
Lorpugo: posts small blind $0.01
StacyRae888: posts big blind $0.02
*** HOLE CARDS ***
Dealt to Lorpugo [9h 5d]
GoldTayger: raises $0.04 to $0.06
CMPN_mast3r: folds 
Connor414: folds 
Skljar: folds 
Lorpugo: folds 
StacyRae888: calls $0.04
*** FLOP *** [7d Tc 3s]
StacyRae888: checks 
GoldTayger: bets $0.09
StacyRae888: calls $0.09
*** TURN *** [7d Tc 3s] [Kh]
StacyRae888: checks 
GoldTayger: checks 
*** RIVER *** [7d Tc 3s Kh] [6d]
StacyRae888: checks 
GoldTayger: bets $0.20
StacyRae888: folds 
Uncalled bet ($0.20) returned to GoldTayger
GoldTayger collected $0.30 from pot
GoldTayger: doesn't show hand 
*** SUMMARY ***
Total pot $0.31 | Rake $0.01 
Board [7d Tc 3s Kh 6d]
Seat 1: CMPN_mast3r folded before Flop (didn't bet)
Seat 2: Connor414 folded before Flop (didn't bet)
Seat 3: Skljar (button) folded before Flop (didn't bet)
Seat 4: Lorpugo (small blind) folded before Flop
Seat 5: StacyRae888 (big blind) folded on the River
Seat 6: GoldTayger collected ($0.30)



PokerStars Hand #239650092720:  Hold'em No Limit ($0.01/$0.02 USD) - 2022/11/04 15:58:41 ET
Table 'Nyanza III' 6-max Seat #4 is the button
Seat 1: CMPN_mast3r ($0.28 in chips) 
Seat 2: Connor414 ($2.10 in chips) 
Seat 3: Skljar ($2.06 in chips) 
Seat 4: Lorpugo ($2.11 in chips) 
Seat 5: StacyRae888 ($1.85 in chips) 
Seat 6: GoldTayger ($2.85 in chips) 
StacyRae888: posts small blind $0.01
GoldTayger: posts big blind $0.02
*** HOLE CARDS ***
Dealt to Lorpugo [4c 8s]
CMPN_mast3r: raises $0.02 to $0.04
Connor414: folds 
Skljar: folds 
Lorpugo: folds 
StacyRae888: folds 
GoldTayger: folds 
Uncalled bet ($0.02) returned to CMPN_mast3r
CMPN_mast3r collected $0.05 from pot
*** SUMMARY ***
Total pot $0.05 | Rake $0 
Seat 1: CMPN_mast3r collected ($0.05)
Seat 2: Connor414 folded before Flop (didn't bet)
Seat 3: Skljar folded before Flop (didn't bet)
Seat 4: Lorpugo (button) folded before Flop (didn't bet)
Seat 5: StacyRae888 (small blind) folded before Flop
Seat 6: GoldTayger (big blind) folded before Flop



PokerStars Hand #239650098228:  Hold'em No Limit ($0.01/$0.02 USD) - 2022/11/04 15:59:01 ET
Table 'Nyanza III' 6-max Seat #5 is the button
Seat 1: CMPN_mast3r ($0.31 in chips) 
Seat 2: Connor414 ($2.10 in chips) 
Seat 3: Skljar ($2.06 in chips) 
Seat 4: Lorpugo ($2.11 in chips) 
Seat 5: StacyRae888 ($1.84 in chips) 
Seat 6: GoldTayger ($2.83 in chips) 
GoldTayger: posts small blind $0.01
CMPN_mast3r: posts big blind $0.02
*** HOLE CARDS ***
Dealt to Lorpugo [8c 5h]
Connor414: folds 
Skljar: folds 
Lorpugo: folds 
StacyRae888: calls $0.02
GoldTayger: folds 
CMPN_mast3r: raises $0.29 to $0.31 and is all-in
StacyRae888: folds 
Uncalled bet ($0.29) returned to CMPN_mast3r
CMPN_mast3r collected $0.05 from pot
*** SUMMARY ***
Total pot $0.05 | Rake $0 
Seat 1: CMPN_mast3r (big blind) collected ($0.05)
Seat 2: Connor414 folded before Flop (didn't bet)
Seat 3: Skljar folded before Flop (didn't bet)
Seat 4: Lorpugo folded before Flop (didn't bet)
Seat 5: StacyRae888 (button) folded before Flop
Seat 6: GoldTayger (small blind) folded before Flop



PokerStars Hand #239650107421:  Hold'em No Limit ($0.01/$0.02 USD) - 2022/11/04 15:59:34 ET
Table 'Nyanza III' 6-max Seat #6 is the button
Seat 1: CMPN_mast3r ($0.34 in chips) 
Seat 2: Connor414 ($2.10 in chips) 
Seat 3: Skljar ($2.06 in chips) 
Seat 4: Lorpugo ($2.11 in chips) 
Seat 5: StacyRae888 ($1.82 in chips) 
Seat 6: GoldTayger ($2.82 in chips) 
CMPN_mast3r: posts small blind $0.01
Connor414: posts big blind $0.02
*** HOLE CARDS ***
Dealt to Lorpugo [Kd 5c]
Skljar: calls $0.02
Lorpugo: folds 
StacyRae888: calls $0.02
GoldTayger: folds 
CMPN_mast3r: calls $0.01
Connor414: checks 
*** FLOP *** [7s 6d 4s]
CMPN_mast3r: checks 
Connor414: checks 
Skljar: checks 
StacyRae888: checks 
*** TURN *** [7s 6d 4s] [8s]
CMPN_mast3r: checks 
Connor414: checks 
Skljar: bets $0.08
StacyRae888: calls $0.08
CMPN_mast3r: calls $0.08
Connor414: folds 
*** RIVER *** [7s 6d 4s 8s] [3d]
CMPN_mast3r: checks 
Skljar: checks 
StacyRae888: checks 
*** SHOW DOWN ***
CMPN_mast3r: shows [Ks 8c] (a pair of Eights)
Skljar: mucks hand 
StacyRae888: mucks hand 
CMPN_mast3r collected $0.31 from pot
*** SUMMARY ***
Total pot $0.32 | Rake $0.01 
Board [7s 6d 4s 8s 3d]
Seat 1: CMPN_mast3r (small blind) showed [Ks 8c] and won ($0.31) with a pair of Eights
Seat 2: Connor414 (big blind) folded on the Turn
Seat 3: Skljar mucked [Jh 6h]
Seat 4: Lorpugo folded before Flop (didn't bet)
Seat 5: StacyRae888 mucked [Th Qc]
Seat 6: GoldTayger (button) folded before Flop (didn't bet)



PokerStars Hand #239650137009:  Hold'em No Limit ($0.01/$0.02 USD) - 2022/11/04 16:01:12 ET
Table 'Nyanza III' 6-max Seat #1 is the button
Seat 1: CMPN_mast3r ($0.55 in chips) 
Seat 2: Connor414 ($2.08 in chips) 
Seat 3: Skljar ($2 in chips) 
Seat 4: Lorpugo ($2.11 in chips) 
Seat 5: StacyRae888 ($1.72 in chips) 
Seat 6: GoldTayger ($2.82 in chips) 
Connor414: posts small blind $0.01
Skljar: posts big blind $0.02
*** HOLE CARDS ***
Dealt to Lorpugo [4s 9c]
Lorpugo: folds 
StacyRae888: folds 
GoldTayger: raises $0.03 to $0.05
CMPN_mast3r: folds 
Connor414: calls $0.04
Skljar: folds 
*** FLOP *** [Kh Kc 8c]
Connor414: checks 
GoldTayger: checks 
*** TURN *** [Kh Kc 8c] [4d]
Connor414: bets $0.04
GoldTayger: folds 
Uncalled bet ($0.04) returned to Connor414
Connor414 collected $0.12 from pot
Connor414: doesn't show hand 
*** SUMMARY ***
Total pot $0.12 | Rake $0 
Board [Kh Kc 8c 4d]
Seat 1: CMPN_mast3r (button) folded before Flop (didn't bet)
Seat 2: Connor414 (small blind) collected ($0.12)
Seat 3: Skljar (big blind) folded before Flop
Seat 4: Lorpugo folded before Flop (didn't bet)
Seat 5: StacyRae888 folded before Flop (didn't bet)
Seat 6: GoldTayger folded on the Turn



PokerStars Hand #239650149696:  Hold'em No Limit ($0.01/$0.02 USD) - 2022/11/04 16:01:48 ET
Table 'Nyanza III' 6-max Seat #2 is the button
Seat 1: CMPN_mast3r ($0.55 in chips) 
Seat 2: Connor414 ($2.15 in chips) 
Seat 3: Skljar ($2 in chips) 
Seat 4: Lorpugo ($2.11 in chips) 
Seat 5: StacyRae888 ($1.72 in chips) 
Seat 6: GoldTayger ($2.77 in chips) 
Skljar: posts small blind $0.01
Lorpugo: posts big blind $0.02
*** HOLE CARDS ***
Dealt to Lorpugo [7s Jd]
StacyRae888 has timed out
StacyRae888: folds 
GoldTayger: folds 
CMPN_mast3r: raises $0.02 to $0.04
Connor414: folds 
Skljar: folds 
Lorpugo: calls $0.02
*** FLOP *** [3s Qc Qh]
Lorpugo: checks 
CMPN_mast3r: bets $0.04
Lorpugo: folds 
Uncalled bet ($0.04) returned to CMPN_mast3r
CMPN_mast3r collected $0.09 from pot
*** SUMMARY ***
Total pot $0.09 | Rake $0 
Board [3s Qc Qh]
Seat 1: CMPN_mast3r collected ($0.09)
Seat 2: Connor414 (button) folded before Flop (didn't bet)
Seat 3: Skljar (small blind) folded before Flop
Seat 4: Lorpugo (big blind) folded on the Flop
Seat 5: StacyRae888 folded before Flop (didn't bet)
Seat 6: GoldTayger folded before Flop (didn't bet)



PokerStars Hand #239650163462:  Hold'em No Limit ($0.01/$0.02 USD) - 2022/11/04 16:02:25 ET
Table 'Nyanza III' 6-max Seat #3 is the button
Seat 1: CMPN_mast3r ($0.60 in chips) 
Seat 2: Connor414 ($2.15 in chips) 
Seat 3: Skljar ($2 in chips) 
Seat 4: Lorpugo ($2.07 in chips) 
Seat 5: StacyRae888 ($1.72 in chips) 
Seat 6: GoldTayger ($2.77 in chips) 
Lorpugo: posts small blind $0.01
StacyRae888: posts big blind $0.02
*** HOLE CARDS ***
Dealt to Lorpugo [Kc 6c]
GoldTayger: raises $0.04 to $0.06
CMPN_mast3r: folds 
Connor414: folds 
Skljar: folds 
Lorpugo: folds 
StacyRae888: calls $0.04
*** FLOP *** [9d 8d Ah]
StacyRae888: checks 
GoldTayger: checks 
*** TURN *** [9d 8d Ah] [Ad]
StacyRae888: checks 
GoldTayger: checks 
*** RIVER *** [9d 8d Ah Ad] [Qh]
StacyRae888: checks 
GoldTayger: checks 
*** SHOW DOWN ***
StacyRae888: shows [4c Jc] (a pair of Aces)
GoldTayger: shows [3s 3d] (two pair, Aces and Threes)
GoldTayger collected $0.13 from pot
*** SUMMARY ***
Total pot $0.13 | Rake $0 
Board [9d 8d Ah Ad Qh]
Seat 1: CMPN_mast3r folded before Flop (didn't bet)
Seat 2: Connor414 folded before Flop (didn't bet)
Seat 3: Skljar (button) folded before Flop (didn't bet)
Seat 4: Lorpugo (small blind) folded before Flop
Seat 5: StacyRae888 (big blind) showed [4c Jc] and lost with a pair of Aces
Seat 6: GoldTayger showed [3s 3d] and won ($0.13) with two pair, Aces and Threes



PokerStars Hand #239650180189:  Hold'em No Limit ($0.01/$0.02 USD) - 2022/11/04 16:03:09 ET
Table 'Nyanza III' 6-max Seat #4 is the button
Seat 1: CMPN_mast3r ($0.60 in chips) 
Seat 2: Connor414 ($2.15 in chips) 
Seat 3: Skljar ($2 in chips) 
Seat 4: Lorpugo ($2.06 in chips) 
Seat 5: StacyRae888 ($1.66 in chips) 
Seat 6: GoldTayger ($2.84 in chips) 
StacyRae888: posts small blind $0.01
GoldTayger: posts big blind $0.02
*** HOLE CARDS ***
Dealt to Lorpugo [3h 8d]
CMPN_mast3r: calls $0.02
Connor414: folds 
Skljar: folds 
Lorpugo: folds 
StacyRae888: folds 
GoldTayger: checks 
*** FLOP *** [Qc 6h Qs]
GoldTayger: checks 
CMPN_mast3r: checks 
*** TURN *** [Qc 6h Qs] [8h]
GoldTayger: checks 
CMPN_mast3r: checks 
*** RIVER *** [Qc 6h Qs 8h] [8c]
GoldTayger: checks 
CMPN_mast3r: checks 
*** SHOW DOWN ***
GoldTayger: shows [7h 2c] (two pair, Queens and Eights)
CMPN_mast3r: shows [9s Jd] (two pair, Queens and Eights - Jack kicker)
CMPN_mast3r collected $0.05 from pot
*** SUMMARY ***
Total pot $0.05 | Rake $0 
Board [Qc 6h Qs 8h 8c]
Seat 1: CMPN_mast3r showed [9s Jd] and won ($0.05) with two pair, Queens and Eights
Seat 2: Connor414 folded before Flop (didn't bet)
Seat 3: Skljar folded before Flop (didn't bet)
Seat 4: Lorpugo (button) folded before Flop (didn't bet)
Seat 5: StacyRae888 (small blind) folded before Flop
Seat 6: GoldTayger (big blind) showed [7h 2c] and lost with two pair, Queens and Eights



PokerStars Hand #239650197272:  Hold'em No Limit ($0.01/$0.02 USD) - 2022/11/04 16:03:54 ET
Table 'Nyanza III' 6-max Seat #5 is the button
Seat 1: CMPN_mast3r ($0.63 in chips) 
Seat 2: Connor414 ($2.15 in chips) 
Seat 3: Skljar ($2 in chips) 
Seat 4: Lorpugo ($2.06 in chips) 
Seat 5: StacyRae888 ($1.65 in chips) 
Seat 6: GoldTayger ($2.82 in chips) 
GoldTayger: posts small blind $0.01
CMPN_mast3r: posts big blind $0.02
*** HOLE CARDS ***
Dealt to Lorpugo [8s 9c]
Connor414: folds 
Skljar: folds 
Lorpugo: raises $0.04 to $0.06
StacyRae888: raises $0.04 to $0.10
GoldTayger: folds 
CMPN_mast3r: folds 
Lorpugo: calls $0.04
*** FLOP *** [6d 6c 4c]
Lorpugo: checks 
StacyRae888: checks 
*** TURN *** [6d 6c 4c] [Td]
Lorpugo: bets $0.11
StacyRae888: calls $0.11
*** RIVER *** [6d 6c 4c Td] [5h]
Lorpugo: checks 
StacyRae888: checks 
*** SHOW DOWN ***
Lorpugo: shows [8s 9c] (a pair of Sixes)
StacyRae888: shows [Jh As] (a pair of Sixes - Ace kicker)
StacyRae888 collected $0.43 from pot
*** SUMMARY ***
Total pot $0.45 | Rake $0.02 
Board [6d 6c 4c Td 5h]
Seat 1: CMPN_mast3r (big blind) folded before Flop
Seat 2: Connor414 folded before Flop (didn't bet)
Seat 3: Skljar folded before Flop (didn't bet)
Seat 4: Lorpugo showed [8s 9c] and lost with a pair of Sixes
Seat 5: StacyRae888 (button) showed [Jh As] and won ($0.43) with a pair of Sixes
Seat 6: GoldTayger (small blind) folded before Flop



PokerStars Hand #239650216709:  Hold'em No Limit ($0.01/$0.02 USD) - 2022/11/04 16:04:44 ET
Table 'Nyanza III' 6-max Seat #6 is the button
Seat 1: CMPN_mast3r ($0.61 in chips) 
Seat 2: Connor414 ($2.15 in chips) 
Seat 3: Skljar ($2 in chips) 
Seat 4: Lorpugo ($1.85 in chips) 
Seat 5: StacyRae888 ($1.87 in chips) 
Seat 6: GoldTayger ($2.81 in chips) 
CMPN_mast3r: posts small blind $0.01
Connor414: posts big blind $0.02
*** HOLE CARDS ***
Dealt to Lorpugo [Jd 9s]
Skljar: calls $0.02
Lorpugo: folds 
StacyRae888: calls $0.02
GoldTayger: folds 
CMPN_mast3r: calls $0.01
Connor414: checks 
*** FLOP *** [5c 5h Ac]
CMPN_mast3r: checks 
Connor414: checks 
Skljar: checks 
StacyRae888: checks 
*** TURN *** [5c 5h Ac] [7c]
CMPN_mast3r: checks 
Connor414: checks 
Skljar: checks 
StacyRae888: checks 
*** RIVER *** [5c 5h Ac 7c] [Kc]
CMPN_mast3r: checks 
Connor414: checks 
Skljar: checks 
StacyRae888: checks 
*** SHOW DOWN ***
CMPN_mast3r: shows [Jc 7d] (a flush, Ace high)
Connor414: mucks hand 
Skljar: mucks hand 
StacyRae888: mucks hand 
CMPN_mast3r collected $0.08 from pot
*** SUMMARY ***
Total pot $0.08 | Rake $0 
Board [5c 5h Ac 7c Kc]
Seat 1: CMPN_mast3r (small blind) showed [Jc 7d] and won ($0.08) with a flush, Ace high
Seat 2: Connor414 (big blind) mucked [4d 8d]
Seat 3: Skljar mucked [2d 2s]
Seat 4: Lorpugo folded before Flop (didn't bet)
Seat 5: StacyRae888 mucked [Kh 3d]
Seat 6: GoldTayger (button) folded before Flop (didn't bet)



PokerStars Hand #239650238837:  Hold'em No Limit ($0.01/$0.02 USD) - 2022/11/04 16:05:41 ET
Table 'Nyanza III' 6-max Seat #1 is the button
Seat 1: CMPN_mast3r ($0.67 in chips) 
Seat 2: Connor414 ($2.13 in chips) 
Seat 3: Skljar ($2 in chips) 
Seat 4: Lorpugo ($1.85 in chips) 
Seat 5: StacyRae888 ($1.85 in chips) 
Seat 6: GoldTayger ($2.81 in chips) 
Connor414: posts small blind $0.01
Skljar: posts big blind $0.02
*** HOLE CARDS ***
Dealt to Lorpugo [9h Ad]
Lorpugo: raises $0.04 to $0.06
StacyRae888: calls $0.06
GoldTayger: folds 
CMPN_mast3r: folds 
Connor414: folds 
Skljar: folds 
*** FLOP *** [3s 2h 7h]
Lorpugo: bets $0.07
StacyRae888: calls $0.07
*** TURN *** [3s 2h 7h] [6c]
Lorpugo: checks 
StacyRae888: checks 
*** RIVER *** [3s 2h 7h 6c] [6d]
Lorpugo: bets $0.09
StacyRae888: folds 
Uncalled bet ($0.09) returned to Lorpugo
Lorpugo collected $0.28 from pot
Lorpugo: doesn't show hand 
*** SUMMARY ***
Total pot $0.29 | Rake $0.01 
Board [3s 2h 7h 6c 6d]
Seat 1: CMPN_mast3r (button) folded before Flop (didn't bet)
Seat 2: Connor414 (small blind) folded before Flop
Seat 3: Skljar (big blind) folded before Flop
Seat 4: Lorpugo collected ($0.28)
Seat 5: StacyRae888 folded on the River
Seat 6: GoldTayger folded before Flop (didn't bet)



PokerStars Hand #239650254580:  Hold'em No Limit ($0.01/$0.02 USD) - 2022/11/04 16:06:22 ET
Table 'Nyanza III' 6-max Seat #2 is the button
Seat 1: CMPN_mast3r ($0.67 in chips) 
Seat 2: Connor414 ($2.12 in chips) 
Seat 3: Skljar ($2 in chips) 
Seat 4: Lorpugo ($2 in chips) 
Seat 5: StacyRae888 ($1.72 in chips) 
Seat 6: GoldTayger ($2.81 in chips) 
Skljar: posts small blind $0.01
Lorpugo: posts big blind $0.02
*** HOLE CARDS ***
Dealt to Lorpugo [Ah Js]
StacyRae888: calls $0.02
GoldTayger: folds 
CMPN_mast3r: folds 
Connor414: folds 
Skljar: raises $0.14 to $0.16
Lorpugo: calls $0.14
StacyRae888: calls $0.14
*** FLOP *** [8c 4c Qd]
Skljar: bets $0.46
Lorpugo: folds 
StacyRae888: calls $0.46
*** TURN *** [8c 4c Qd] [6d]
Skljar: bets $1.38 and is all-in
StacyRae888: calls $1.10 and is all-in
Uncalled bet ($0.28) returned to Skljar
*** RIVER *** [8c 4c Qd 6d] [8d]
*** SHOW DOWN ***
Skljar: shows [Ks Kd] (two pair, Kings and Eights)
StacyRae888: shows [8s Th] (three of a kind, Eights)
StacyRae888 cashed out the hand for $0.39
*** SUMMARY ***
Total pot $3.60 | Rake $0.13 
Board [8c 4c Qd 6d 8d]
Seat 1: CMPN_mast3r folded before Flop (didn't bet)
Seat 2: Connor414 (button) folded before Flop (didn't bet)
Seat 3: Skljar (small blind) showed [Ks Kd] and lost with two pair, Kings and Eights
Seat 4: Lorpugo (big blind) folded on the Flop
Seat 5: StacyRae888 showed [8s Th] and won ($3.47) with three of a kind, Eights (pot not awarded as player cashed out)
Seat 6: GoldTayger folded before Flop (didn't bet)



PokerStars Hand #239650275087:  Hold'em No Limit ($0.01/$0.02 USD) - 2022/11/04 16:07:15 ET
Table 'Nyanza III' 6-max Seat #3 is the button
Seat 1: CMPN_mast3r ($0.67 in chips) 
Seat 2: Connor414 ($2.12 in chips) 
Seat 3: Skljar ($2 in chips) 
Seat 4: Lorpugo ($1.84 in chips) 
Seat 5: StacyRae888 ($0.39 in chips) 
Seat 6: GoldTayger ($2.81 in chips) 
Lorpugo: posts small blind $0.01
StacyRae888: posts big blind $0.02
*** HOLE CARDS ***
Dealt to Lorpugo [Qs Ts]
GoldTayger: folds 
CMPN_mast3r: calls $0.02
Connor414: raises $0.03 to $0.05
Skljar: folds 
Lorpugo: calls $0.04
StacyRae888: raises $0.34 to $0.39 and is all-in
CMPN_mast3r: folds 
Connor414: folds 
Lorpugo: calls $0.34
*** FLOP *** [7c 3h Td]
*** TURN *** [7c 3h Td] [Qh]
*** RIVER *** [7c 3h Td Qh] [9h]
*** SHOW DOWN ***
Lorpugo: shows [Qs Ts] (two pair, Queens and Tens)
StacyRae888: shows [5c 6h] (high card Queen)
Lorpugo collected $0.82 from pot
*** SUMMARY ***
Total pot $0.85 | Rake $0.03 
Board [7c 3h Td Qh 9h]
Seat 1: CMPN_mast3r folded before Flop
Seat 2: Connor414 folded before Flop
Seat 3: Skljar (button) folded before Flop (didn't bet)
Seat 4: Lorpugo (small blind) showed [Qs Ts] and won ($0.82) with two pair, Queens and Tens
Seat 5: StacyRae888 (big blind) showed [5c 6h] and lost with high card Queen
Seat 6: GoldTayger folded before Flop (didn't bet)



PokerStars Hand #239650292448:  Hold'em No Limit ($0.01/$0.02 USD) - 2022/11/04 16:08:01 ET
Table 'Nyanza III' 6-max Seat #4 is the button
Seat 1: CMPN_mast3r ($0.65 in chips) 
Seat 2: Connor414 ($2.07 in chips) 
Seat 3: Skljar ($2 in chips) 
Seat 4: Lorpugo ($2.27 in chips) 
Seat 6: GoldTayger ($2.81 in chips) 
GoldTayger: posts small blind $0.01
CMPN_mast3r: posts big blind $0.02
*** HOLE CARDS ***
Dealt to Lorpugo [Qd Ts]
Connor414: folds 
Skljar: raises $0.03 to $0.05
Lorpugo: calls $0.05
GoldTayger: folds 
CMPN_mast3r: calls $0.03
*** FLOP *** [Ah Th 3s]
CMPN_mast3r: checks 
Skljar: checks 
Lorpugo: bets $0.05
CMPN_mast3r: folds 
Skljar: folds 
Uncalled bet ($0.05) returned to Lorpugo
Lorpugo collected $0.15 from pot
Lorpugo: doesn't show hand 
*** SUMMARY ***
Total pot $0.16 | Rake $0.01 
Board [Ah Th 3s]
Seat 1: CMPN_mast3r (big blind) folded on the Flop
Seat 2: Connor414 folded before Flop (didn't bet)
Seat 3: Skljar folded on the Flop
Seat 4: Lorpugo (button) collected ($0.15)
Seat 6: GoldTayger (small blind) folded before Flop



PokerStars Hand #239650308219:  Hold'em No Limit ($0.01/$0.02 USD) - 2022/11/04 16:08:41 ET
Table 'Nyanza III' 6-max Seat #6 is the button
Seat 1: CMPN_mast3r ($0.60 in chips) 
Seat 2: Connor414 ($2.07 in chips) 
Seat 3: Skljar ($2 in chips) 
Seat 4: Lorpugo ($2.37 in chips) 
Seat 6: GoldTayger ($2.80 in chips) 
CMPN_mast3r: posts small blind $0.01
Connor414: posts big blind $0.02
*** HOLE CARDS ***
Dealt to Lorpugo [Kh 9h]
Skljar: folds 
Lorpugo: raises $0.04 to $0.06
GoldTayger: folds 
CMPN_mast3r: folds 
Connor414: folds 
Uncalled bet ($0.04) returned to Lorpugo
Lorpugo collected $0.05 from pot
Lorpugo: doesn't show hand 
StacyRae888 is disconnected 
*** SUMMARY ***
Total pot $0.05 | Rake $0 
Seat 1: CMPN_mast3r (small blind) folded before Flop
Seat 2: Connor414 (big blind) folded before Flop
Seat 3: Skljar folded before Flop (didn't bet)
Seat 4: Lorpugo collected ($0.05)
Seat 6: GoldTayger (button) folded before Flop (didn't bet)



PokerStars Hand #239650314192:  Hold'em No Limit ($0.01/$0.02 USD) - 2022/11/04 16:08:56 ET
Table 'Nyanza III' 6-max Seat #1 is the button
Seat 1: CMPN_mast3r ($0.59 in chips) 
Seat 2: Connor414 ($2.05 in chips) 
Seat 3: Skljar ($2 in chips) 
Seat 4: Lorpugo ($2.40 in chips) 
Seat 6: GoldTayger ($2.80 in chips) 
Connor414: posts small blind $0.01
Skljar: posts big blind $0.02
*** HOLE CARDS ***
Dealt to Lorpugo [Tc Kh]
Lorpugo: folds 
GoldTayger: raises $0.04 to $0.06
CMPN_mast3r: folds 
Connor414: calls $0.05
Skljar: folds 
*** FLOP *** [9s 4h Kd]
Connor414: checks 
GoldTayger: checks 
*** TURN *** [9s 4h Kd] [Ks]
Connor414: bets $0.05
GoldTayger: folds 
Uncalled bet ($0.05) returned to Connor414
Connor414 collected $0.14 from pot
Connor414: doesn't show hand 
*** SUMMARY ***
Total pot $0.14 | Rake $0 
Board [9s 4h Kd Ks]
Seat 1: CMPN_mast3r (button) folded before Flop (didn't bet)
Seat 2: Connor414 (small blind) collected ($0.14)
Seat 3: Skljar (big blind) folded before Flop
Seat 4: Lorpugo folded before Flop (didn't bet)
Seat 6: GoldTayger folded on the Turn



PokerStars Hand #239650326435:  Hold'em No Limit ($0.01/$0.02 USD) - 2022/11/04 16:09:28 ET
Table 'Nyanza III' 6-max Seat #2 is the button
Seat 1: CMPN_mast3r ($0.59 in chips) 
Seat 2: Connor414 ($2.13 in chips) 
Seat 3: Skljar ($2 in chips) 
Seat 4: Lorpugo ($2.40 in chips) 
Seat 6: GoldTayger ($2.74 in chips) 
Skljar: posts small blind $0.01
Lorpugo: posts big blind $0.02
*** HOLE CARDS ***
Dealt to Lorpugo [4s 9h]
GoldTayger: folds 
CMPN_mast3r: folds 
Connor414: folds 
Skljar: folds 
Uncalled bet ($0.01) returned to Lorpugo
Lorpugo collected $0.02 from pot
Lorpugo: doesn't show hand 
*** SUMMARY ***
Total pot $0.02 | Rake $0 
Seat 1: CMPN_mast3r folded before Flop (didn't bet)
Seat 2: Connor414 (button) folded before Flop (didn't bet)
Seat 3: Skljar (small blind) folded before Flop
Seat 4: Lorpugo (big blind) collected ($0.02)
Seat 6: GoldTayger folded before Flop (didn't bet)



PokerStars Hand #239650329989:  Hold'em No Limit ($0.01/$0.02 USD) - 2022/11/04 16:09:37 ET
Table 'Nyanza III' 6-max Seat #3 is the button
Seat 1: CMPN_mast3r ($0.59 in chips) 
Seat 2: Connor414 ($2.13 in chips) 
Seat 3: Skljar ($2 in chips) 
Seat 4: Lorpugo ($2.41 in chips) 
Lorpugo: posts small blind $0.01
CMPN_mast3r: posts big blind $0.02
*** HOLE CARDS ***
Dealt to Lorpugo [3h 4h]
Connor414: raises $0.03 to $0.05
GoldTayger leaves the table
Skljar: folds 
Lorpugo: folds 
CMPN_mast3r: calls $0.03
*** FLOP *** [9s 3s 9c]
CMPN_mast3r: bets $0.04
Connor414: calls $0.04
*** TURN *** [9s 3s 9c] [2d]
Lalofranjeado joins the table at seat #6 
CMPN_mast3r: bets $0.10
Connor414: folds 
Uncalled bet ($0.10) returned to CMPN_mast3r
CMPN_mast3r collected $0.18 from pot
*** SUMMARY ***
Total pot $0.19 | Rake $0.01 
Board [9s 3s 9c 2d]
Seat 1: CMPN_mast3r (big blind) collected ($0.18)
Seat 2: Connor414 folded on the Turn
Seat 3: Skljar (button) folded before Flop (didn't bet)
Seat 4: Lorpugo (small blind) folded before Flop



PokerStars Hand #239650340110:  Hold'em No Limit ($0.01/$0.02 USD) - 2022/11/04 16:10:03 ET
Table 'Nyanza III' 6-max Seat #4 is the button
Seat 1: CMPN_mast3r ($0.68 in chips) 
Seat 2: Connor414 ($2.04 in chips) 
Seat 3: Skljar ($2 in chips) 
Seat 4: Lorpugo ($2.40 in chips) 
CMPN_mast3r: posts small blind $0.01
Connor414: posts big blind $0.02
*** HOLE CARDS ***
Dealt to Lorpugo [5s Js]
Skljar: raises $0.06 to $0.08
Lorpugo: folds 
CMPN_mast3r: folds 
Connor414: folds 
Uncalled bet ($0.06) returned to Skljar
Skljar collected $0.05 from pot
Skljar: doesn't show hand 
*** SUMMARY ***
Total pot $0.05 | Rake $0 
Seat 1: CMPN_mast3r (small blind) folded before Flop
Seat 2: Connor414 (big blind) folded before Flop
Seat 3: Skljar collected ($0.05)
Seat 4: Lorpugo (button) folded before Flop (didn't bet)



PokerStars Hand #239650344085:  Hold'em No Limit ($0.01/$0.02 USD) - 2022/11/04 16:10:14 ET
Table 'Nyanza III' 6-max Seat #1 is the button
Seat 1: CMPN_mast3r ($0.67 in chips) 
Seat 2: Connor414 ($2.02 in chips) 
Seat 3: Skljar ($2.03 in chips) 
Seat 4: Lorpugo ($2.40 in chips) 
Connor414: posts small blind $0.01
Skljar: posts big blind $0.02
Lalofranjeado: sits out 
*** HOLE CARDS ***
Dealt to Lorpugo [As Qd]
Lorpugo: raises $0.04 to $0.06
CMPN_mast3r: calls $0.06
Connor414: folds 
Skljar: folds 
*** FLOP *** [Th 6c 4h]
Lorpugo: bets $0.05
CMPN_mast3r: raises $0.19 to $0.24
Lorpugo: folds 
Uncalled bet ($0.19) returned to CMPN_mast3r
CMPN_mast3r collected $0.24 from pot
*** SUMMARY ***
Total pot $0.25 | Rake $0.01 
Board [Th 6c 4h]
Seat 1: CMPN_mast3r (button) collected ($0.24)
Seat 2: Connor414 (small blind) folded before Flop
Seat 3: Skljar (big blind) folded before Flop
Seat 4: Lorpugo folded on the Flop



PokerStars Hand #239650357804:  Hold'em No Limit ($0.01/$0.02 USD) - 2022/11/04 16:10:49 ET
Table 'Nyanza III' 6-max Seat #2 is the button
Seat 1: CMPN_mast3r ($0.80 in chips) 
Seat 2: Connor414 ($2.01 in chips) 
Seat 3: Skljar ($2.01 in chips) 
Seat 4: Lorpugo ($2.29 in chips) 
Skljar: posts small blind $0.01
Lorpugo: posts big blind $0.02
Lalofranjeado: sits out 
*** HOLE CARDS ***
Dealt to Lorpugo [Jh 9h]
CMPN_mast3r: folds 
Connor414: folds 
Skljar: calls $0.01
Lorpugo: raises $0.08 to $0.10
Skljar: folds 
Uncalled bet ($0.08) returned to Lorpugo
Lorpugo collected $0.04 from pot
Lorpugo: doesn't show hand 
*** SUMMARY ***
Total pot $0.04 | Rake $0 
Seat 1: CMPN_mast3r folded before Flop (didn't bet)
Seat 2: Connor414 (button) folded before Flop (didn't bet)
Seat 3: Skljar (small blind) folded before Flop
Seat 4: Lorpugo (big blind) collected ($0.04)



PokerStars Hand #239650368984:  Hold'em No Limit ($0.01/$0.02 USD) - 2022/11/04 16:11:18 ET
Table 'Nyanza III' 6-max Seat #3 is the button
Seat 1: CMPN_mast3r ($0.80 in chips) 
Seat 2: Connor414 ($2.01 in chips) 
Seat 3: Skljar ($2 in chips) 
Seat 4: Lorpugo ($2.31 in chips) 
Seat 6: Lalofranjeado ($1.60 in chips) 
Lorpugo: posts small blind $0.01
Lalofranjeado: posts big blind $0.02
*** HOLE CARDS ***
Dealt to Lorpugo [4h 6s]
CMPN_mast3r has timed out
CMPN_mast3r: folds 
Connor414: folds 
Skljar: folds 
Lorpugo: raises $0.04 to $0.06
Lalofranjeado: folds 
Uncalled bet ($0.04) returned to Lorpugo
Lorpugo collected $0.04 from pot
Lorpugo: doesn't show hand 
*** SUMMARY ***
Total pot $0.04 | Rake $0 
Seat 1: CMPN_mast3r folded before Flop (didn't bet)
Seat 2: Connor414 folded before Flop (didn't bet)
Seat 3: Skljar (button) folded before Flop (didn't bet)
Seat 4: Lorpugo (small blind) collected ($0.04)
Seat 6: Lalofranjeado (big blind) folded before Flop



PokerStars Hand #239650376996:  Hold'em No Limit ($0.01/$0.02 USD) - 2022/11/04 16:11:39 ET
Table 'Nyanza III' 6-max Seat #4 is the button
Seat 1: CMPN_mast3r ($0.80 in chips) 
Seat 2: Connor414 ($2.01 in chips) 
Seat 3: Skljar ($2 in chips) 
Seat 4: Lorpugo ($2.33 in chips) 
Seat 6: Lalofranjeado ($1.58 in chips) 
Lalofranjeado: posts small blind $0.01
CMPN_mast3r: posts big blind $0.02
*** HOLE CARDS ***
Dealt to Lorpugo [Kh Qc]
Connor414: folds 
Skljar: folds 
Lorpugo: raises $0.04 to $0.06
Lalofranjeado: folds 
CMPN_mast3r: folds 
Uncalled bet ($0.04) returned to Lorpugo
Lorpugo collected $0.05 from pot
Lorpugo: doesn't show hand 
*** SUMMARY ***
Total pot $0.05 | Rake $0 
Seat 1: CMPN_mast3r (big blind) folded before Flop
Seat 2: Connor414 folded before Flop (didn't bet)
Seat 3: Skljar folded before Flop (didn't bet)
Seat 4: Lorpugo (button) collected ($0.05)
Seat 6: Lalofranjeado (small blind) folded before Flop



PokerStars Hand #239650385583:  Hold'em No Limit ($0.01/$0.02 USD) - 2022/11/04 16:12:02 ET
Table 'Nyanza III' 6-max Seat #6 is the button
Seat 1: CMPN_mast3r ($0.78 in chips) 
Seat 2: Connor414 ($2.01 in chips) 
Seat 3: Skljar ($2 in chips) 
Seat 4: Lorpugo ($2.36 in chips) 
Seat 6: Lalofranjeado ($1.57 in chips) 
CMPN_mast3r: posts small blind $0.01
Connor414: posts big blind $0.02
*** HOLE CARDS ***
Dealt to Lorpugo [4c 8h]
Skljar: raises $0.08 to $0.10
Lorpugo: folds 
Lalofranjeado: folds 
CMPN_mast3r: folds 
Connor414: folds 
Uncalled bet ($0.08) returned to Skljar
Skljar collected $0.05 from pot
Skljar: doesn't show hand 
*** SUMMARY ***
Total pot $0.05 | Rake $0 
Seat 1: CMPN_mast3r (small blind) folded before Flop
Seat 2: Connor414 (big blind) folded before Flop
Seat 3: Skljar collected ($0.05)
Seat 4: Lorpugo folded before Flop (didn't bet)
Seat 6: Lalofranjeado (button) folded before Flop (didn't bet)



PokerStars Hand #239650390597:  Hold'em No Limit ($0.01/$0.02 USD) - 2022/11/04 16:12:15 ET
Table 'Nyanza III' 6-max Seat #1 is the button
Seat 1: CMPN_mast3r ($0.77 in chips) 
Seat 2: Connor414 ($2 in chips) 
Seat 3: Skljar ($2.03 in chips) 
Seat 4: Lorpugo ($2.36 in chips) 
Seat 6: Lalofranjeado ($1.57 in chips) 
Connor414: posts small blind $0.01
Skljar: posts big blind $0.02
*** HOLE CARDS ***
Dealt to Lorpugo [Tc 4h]
Lorpugo: folds 
Lalofranjeado: folds 
CMPN_mast3r: folds 
Connor414: raises $0.04 to $0.06
Skljar: folds 
Uncalled bet ($0.04) returned to Connor414
Connor414 collected $0.04 from pot
Connor414: doesn't show hand 
*** SUMMARY ***
Total pot $0.04 | Rake $0 
Seat 1: CMPN_mast3r (button) folded before Flop (didn't bet)
Seat 2: Connor414 (small blind) collected ($0.04)
Seat 3: Skljar (big blind) folded before Flop
Seat 4: Lorpugo folded before Flop (didn't bet)
Seat 6: Lalofranjeado folded before Flop (didn't bet)



PokerStars Hand #239650394536:  Hold'em No Limit ($0.01/$0.02 USD) - 2022/11/04 16:12:25 ET
Table 'Nyanza III' 6-max Seat #2 is the button
Seat 1: CMPN_mast3r ($0.77 in chips) 
Seat 2: Connor414 ($2.02 in chips) 
Seat 3: Skljar ($2.01 in chips) 
Seat 4: Lorpugo ($2.36 in chips) 
Seat 6: Lalofranjeado ($1.57 in chips) 
Skljar: posts small blind $0.01
Lorpugo: posts big blind $0.02
*** HOLE CARDS ***
Dealt to Lorpugo [8s 3d]
Lalofranjeado: folds 
CMPN_mast3r: folds 
Connor414: raises $0.03 to $0.05
Skljar: folds 
Lorpugo: folds 
Uncalled bet ($0.03) returned to Connor414
Connor414 collected $0.05 from pot
Connor414: doesn't show hand 
*** SUMMARY ***
Total pot $0.05 | Rake $0 
Seat 1: CMPN_mast3r folded before Flop (didn't bet)
Seat 2: Connor414 (button) collected ($0.05)
Seat 3: Skljar (small blind) folded before Flop
Seat 4: Lorpugo (big blind) folded before Flop
Seat 6: Lalofranjeado folded before Flop (didn't bet)



PokerStars Hand #239650404523:  Hold'em No Limit ($0.01/$0.02 USD) - 2022/11/04 16:12:51 ET
Table 'Nyanza III' 6-max Seat #3 is the button
Seat 1: CMPN_mast3r ($0.77 in chips) 
Seat 2: Connor414 ($2.05 in chips) 
Seat 3: Skljar ($2 in chips) 
Seat 4: Lorpugo ($2.34 in chips) 
Seat 6: Lalofranjeado ($1.57 in chips) 
Lorpugo: posts small blind $0.01
Lalofranjeado: posts big blind $0.02
*** HOLE CARDS ***
Dealt to Lorpugo [8d 9s]
CMPN_mast3r: raises $0.02 to $0.04
Connor414: folds 
Skljar: folds 
Lorpugo: calls $0.03
Lalofranjeado: folds 
*** FLOP *** [7s Ac 4d]
Lorpugo: checks 
CMPN_mast3r: bets $0.06
Lorpugo: folds 
Uncalled bet ($0.06) returned to CMPN_mast3r
CMPN_mast3r collected $0.10 from pot
StacyRae888 leaves the table
*** SUMMARY ***
Total pot $0.10 | Rake $0 
Board [7s Ac 4d]
Seat 1: CMPN_mast3r collected ($0.10)
Seat 2: Connor414 folded before Flop (didn't bet)
Seat 3: Skljar (button) folded before Flop (didn't bet)
Seat 4: Lorpugo (small blind) folded on the Flop
Seat 6: Lalofranjeado (big blind) folded before Flop



PokerStars Hand #239650414391:  Hold'em No Limit ($0.01/$0.02 USD) - 2022/11/04 16:13:16 ET
Table 'Nyanza III' 6-max Seat #4 is the button
Seat 1: CMPN_mast3r ($0.83 in chips) 
Seat 2: Connor414 ($2.05 in chips) 
Seat 3: Skljar ($2 in chips) 
Seat 4: Lorpugo ($2.30 in chips) 
Seat 6: Lalofranjeado ($1.55 in chips) 
Lalofranjeado: posts small blind $0.01
CMPN_mast3r: posts big blind $0.02
*** HOLE CARDS ***
Dealt to Lorpugo [7d 3c]
Connor414: folds 
Skljar: raises $0.10 to $0.12
Lorpugo: folds 
Lalofranjeado: folds 
CMPN_mast3r: folds 
Uncalled bet ($0.10) returned to Skljar
Skljar collected $0.05 from pot
Skljar: doesn't show hand 
*** SUMMARY ***
Total pot $0.05 | Rake $0 
Seat 1: CMPN_mast3r (big blind) folded before Flop
Seat 2: Connor414 folded before Flop (didn't bet)
Seat 3: Skljar collected ($0.05)
Seat 4: Lorpugo (button) folded before Flop (didn't bet)
Seat 6: Lalofranjeado (small blind) folded before Flop



PokerStars Hand #239650418195:  Hold'em No Limit ($0.01/$0.02 USD) - 2022/11/04 16:13:26 ET
Table 'Nyanza III' 6-max Seat #6 is the button
Seat 1: CMPN_mast3r ($0.81 in chips) 
Seat 2: Connor414 ($2.05 in chips) 
Seat 3: Skljar ($2.03 in chips) 
Seat 4: Lorpugo ($2.30 in chips) 
Seat 6: Lalofranjeado ($1.54 in chips) 
CMPN_mast3r: posts small blind $0.01
Connor414: posts big blind $0.02
*** HOLE CARDS ***
Dealt to Lorpugo [7c Kd]
Skljar: calls $0.02
Lorpugo: folds 
Lalofranjeado: folds 
CMPN_mast3r: folds 
Connor414: checks 
*** FLOP *** [5s 4h Ks]
Connor414: checks 
Skljar: bets $0.06
Connor414: folds 
Uncalled bet ($0.06) returned to Skljar
Skljar collected $0.05 from pot
Skljar: doesn't show hand 
*** SUMMARY ***
Total pot $0.05 | Rake $0 
Board [5s 4h Ks]
Seat 1: CMPN_mast3r (small blind) folded before Flop
Seat 2: Connor414 (big blind) folded on the Flop
Seat 3: Skljar collected ($0.05)
Seat 4: Lorpugo folded before Flop (didn't bet)
Seat 6: Lalofranjeado (button) folded before Flop (didn't bet)



PokerStars Hand #239650428518:  Hold'em No Limit ($0.01/$0.02 USD) - 2022/11/04 16:13:53 ET
Table 'Nyanza III' 6-max Seat #1 is the button
Seat 1: CMPN_mast3r ($0.80 in chips) 
Seat 2: Connor414 ($2.03 in chips) 
Seat 3: Skljar ($2.06 in chips) 
Seat 4: Lorpugo ($2.30 in chips) 
Seat 6: Lalofranjeado ($1.54 in chips) 
Connor414: posts small blind $0.01
Skljar: posts big blind $0.02
*** HOLE CARDS ***
Dealt to Lorpugo [8c Qc]
Lorpugo: raises $0.04 to $0.06
lucky4luca joins the table at seat #5 
Lalofranjeado: folds 
CMPN_mast3r: calls $0.06
Connor414: folds 
Skljar: calls $0.04
*** FLOP *** [Ad 5s Jh]
Skljar: bets $0.20
Lorpugo: folds 
CMPN_mast3r: folds 
Uncalled bet ($0.20) returned to Skljar
Skljar collected $0.18 from pot
Skljar: doesn't show hand 
*** SUMMARY ***
Total pot $0.19 | Rake $0.01 
Board [Ad 5s Jh]
Seat 1: CMPN_mast3r (button) folded on the Flop
Seat 2: Connor414 (small blind) folded before Flop
Seat 3: Skljar (big blind) collected ($0.18)
Seat 4: Lorpugo folded on the Flop
Seat 6: Lalofranjeado folded before Flop (didn't bet)



PokerStars Hand #239650440855:  Hold'em No Limit ($0.01/$0.02 USD) - 2022/11/04 16:14:24 ET
Table 'Nyanza III' 6-max Seat #2 is the button
Seat 1: CMPN_mast3r ($0.74 in chips) 
Seat 2: Connor414 ($2.02 in chips) 
Seat 3: Skljar ($2.18 in chips) 
Seat 4: Lorpugo ($2.24 in chips) 
Seat 6: Lalofranjeado ($1.54 in chips) 
Skljar: posts small blind $0.01
Lorpugo: posts big blind $0.02
lucky4luca: sits out 
*** HOLE CARDS ***
Dealt to Lorpugo [9d 6s]
Lalofranjeado: folds 
CMPN_mast3r: calls $0.02
Connor414: folds 
Skljar: calls $0.01
Lorpugo: checks 
*** FLOP *** [4h Kh Qd]
Skljar: bets $0.08
Lorpugo: folds 
CMPN_mast3r: calls $0.08
*** TURN *** [4h Kh Qd] [2d]
Skljar: checks 
CMPN_mast3r: checks 
*** RIVER *** [4h Kh Qd 2d] [4s]
Skljar: checks 
CMPN_mast3r: bets $0.22
Skljar: folds 
Uncalled bet ($0.22) returned to CMPN_mast3r
CMPN_mast3r collected $0.21 from pot
*** SUMMARY ***
Total pot $0.22 | Rake $0.01 
Board [4h Kh Qd 2d 4s]
Seat 1: CMPN_mast3r collected ($0.21)
Seat 2: Connor414 (button) folded before Flop (didn't bet)
Seat 3: Skljar (small blind) folded on the River
Seat 4: Lorpugo (big blind) folded on the Flop
Seat 6: Lalofranjeado folded before Flop (didn't bet)



PokerStars Hand #239650467007:  Hold'em No Limit ($0.01/$0.02 USD) - 2022/11/04 16:15:30 ET
Table 'Nyanza III' 6-max Seat #3 is the button
Seat 1: CMPN_mast3r ($0.85 in chips) 
Seat 2: Connor414 ($2.02 in chips) 
Seat 3: Skljar ($2.08 in chips) 
Seat 4: Lorpugo ($2.22 in chips) 
Seat 5: lucky4luca ($1.60 in chips) 
Seat 6: Lalofranjeado ($1.54 in chips) 
Lorpugo: posts small blind $0.01
lucky4luca: posts big blind $0.02
*** HOLE CARDS ***
Dealt to Lorpugo [6d 3s]
Lalofranjeado: folds 
CMPN_mast3r: folds 
Connor414: folds 
Skljar: folds 
Lorpugo: raises $0.04 to $0.06
lucky4luca: calls $0.04
*** FLOP *** [3d Qs 4c]
Lorpugo: bets $0.06
lucky4luca: calls $0.06
*** TURN *** [3d Qs 4c] [9h]
Lorpugo: bets $0.12
lucky4luca: calls $0.12
*** RIVER *** [3d Qs 4c 9h] [7c]
Lorpugo: checks 
lucky4luca: checks 
*** SHOW DOWN ***
Lorpugo: shows [6d 3s] (a pair of Threes)
lucky4luca: mucks hand 
Lorpugo collected $0.46 from pot
*** SUMMARY ***
Total pot $0.48 | Rake $0.02 
Board [3d Qs 4c 9h 7c]
Seat 1: CMPN_mast3r folded before Flop (didn't bet)
Seat 2: Connor414 folded before Flop (didn't bet)
Seat 3: Skljar (button) folded before Flop (didn't bet)
Seat 4: Lorpugo (small blind) showed [6d 3s] and won ($0.46) with a pair of Threes
Seat 5: lucky4luca (big blind) mucked [Jd As]
Seat 6: Lalofranjeado folded before Flop (didn't bet)



PokerStars Hand #239650486255:  Hold'em No Limit ($0.01/$0.02 USD) - 2022/11/04 16:16:18 ET
Table 'Nyanza III' 6-max Seat #4 is the button
Seat 1: CMPN_mast3r ($0.85 in chips) 
Seat 2: Connor414 ($2.02 in chips) 
Seat 3: Skljar ($2.08 in chips) 
Seat 4: Lorpugo ($2.44 in chips) 
Seat 5: lucky4luca ($1.36 in chips) 
Seat 6: Lalofranjeado ($1.54 in chips) 
lucky4luca: posts small blind $0.01
Lalofranjeado: posts big blind $0.02
*** HOLE CARDS ***
Dealt to Lorpugo [8s Jd]
CMPN_mast3r: raises $0.02 to $0.04
Connor414: folds 
Skljar: calls $0.04
Lorpugo: folds 
lucky4luca: folds 
Lalofranjeado: folds 
*** FLOP *** [5c 2s 2d]
CMPN_mast3r: checks 
Skljar: checks 
*** TURN *** [5c 2s 2d] [Qh]
CMPN_mast3r: checks 
Skljar: checks 
*** RIVER *** [5c 2s 2d Qh] [5s]
CMPN_mast3r: checks 
Skljar: checks 
*** SHOW DOWN ***
CMPN_mast3r: shows [Ac 9d] (two pair, Fives and Deuces)
Skljar: mucks hand 
CMPN_mast3r collected $0.11 from pot
*** SUMMARY ***
Total pot $0.11 | Rake $0 
Board [5c 2s 2d Qh 5s]
Seat 1: CMPN_mast3r showed [Ac 9d] and won ($0.11) with two pair, Fives and Deuces
Seat 2: Connor414 folded before Flop (didn't bet)
Seat 3: Skljar mucked [Jc 8c]
Seat 4: Lorpugo (button) folded before Flop (didn't bet)
Seat 5: lucky4luca (small blind) folded before Flop
Seat 6: Lalofranjeado (big blind) folded before Flop



PokerStars Hand #239650500863:  Hold'em No Limit ($0.01/$0.02 USD) - 2022/11/04 16:16:55 ET
Table 'Nyanza III' 6-max Seat #5 is the button
Seat 1: CMPN_mast3r ($0.92 in chips) 
Seat 2: Connor414 ($2.02 in chips) 
Seat 3: Skljar ($2.04 in chips) 
Seat 4: Lorpugo ($2.44 in chips) 
Seat 5: lucky4luca ($1.99 in chips) 
Seat 6: Lalofranjeado ($1.52 in chips) 
Lalofranjeado: posts small blind $0.01
CMPN_mast3r: posts big blind $0.02
*** HOLE CARDS ***
Dealt to Lorpugo [9h 3c]
Connor414: folds 
Skljar: calls $0.02
Lorpugo: folds 
lucky4luca: folds 
Lalofranjeado: folds 
CMPN_mast3r: checks 
*** FLOP *** [4c 3s Qh]
CMPN_mast3r: checks 
Skljar: bets $0.06
CMPN_mast3r: calls $0.06
*** TURN *** [4c 3s Qh] [2c]
CMPN_mast3r: checks 
Skljar: bets $0.20
CMPN_mast3r: folds 
Uncalled bet ($0.20) returned to Skljar
Skljar collected $0.16 from pot
Skljar: doesn't show hand 
*** SUMMARY ***
Total pot $0.17 | Rake $0.01 
Board [4c 3s Qh 2c]
Seat 1: CMPN_mast3r (big blind) folded on the Turn
Seat 2: Connor414 folded before Flop (didn't bet)
Seat 3: Skljar collected ($0.16)
Seat 4: Lorpugo folded before Flop (didn't bet)
Seat 5: lucky4luca (button) folded before Flop (didn't bet)
Seat 6: Lalofranjeado (small blind) folded before Flop



PokerStars Hand #239650518465:  Hold'em No Limit ($0.01/$0.02 USD) - 2022/11/04 16:17:39 ET
Table 'Nyanza III' 6-max Seat #6 is the button
Seat 1: CMPN_mast3r ($0.84 in chips) 
Seat 2: Connor414 ($2.02 in chips) 
Seat 3: Skljar ($2.12 in chips) 
Seat 4: Lorpugo ($2.44 in chips) 
Seat 5: lucky4luca ($1.99 in chips) 
Seat 6: Lalofranjeado ($1.51 in chips) 
CMPN_mast3r: posts small blind $0.01
Connor414: posts big blind $0.02
*** HOLE CARDS ***
Dealt to Lorpugo [Ah Jh]
Skljar: raises $0.12 to $0.14
Lorpugo: calls $0.14
lucky4luca: folds 
Lalofranjeado: folds 
CMPN_mast3r: folds 
Connor414: folds 
*** FLOP *** [9d 5d 7d]
Skljar: bets $0.20
Lorpugo: folds 
Uncalled bet ($0.20) returned to Skljar
Skljar collected $0.30 from pot
Skljar: doesn't show hand 
*** SUMMARY ***
Total pot $0.31 | Rake $0.01 
Board [9d 5d 7d]
Seat 1: CMPN_mast3r (small blind) folded before Flop
Seat 2: Connor414 (big blind) folded before Flop
Seat 3: Skljar collected ($0.30)
Seat 4: Lorpugo folded on the Flop
Seat 5: lucky4luca folded before Flop (didn't bet)
Seat 6: Lalofranjeado (button) folded before Flop (didn't bet)



PokerStars Hand #239650526079:  Hold'em No Limit ($0.01/$0.02 USD) - 2022/11/04 16:17:57 ET
Table 'Nyanza III' 6-max Seat #1 is the button
Seat 1: CMPN_mast3r ($0.83 in chips) 
Seat 2: Connor414 ($2 in chips) 
Seat 3: Skljar ($2.28 in chips) 
Seat 4: Lorpugo ($2.30 in chips) 
Seat 5: lucky4luca ($1.99 in chips) 
Seat 6: Lalofranjeado ($1.51 in chips) 
Connor414: posts small blind $0.01
Skljar: posts big blind $0.02
*** HOLE CARDS ***
Dealt to Lorpugo [Jh 4s]
Lorpugo: folds 
lucky4luca: raises $0.02 to $0.04
Lalofranjeado: folds 
CMPN_mast3r: folds 
Connor414: folds 
Skljar: folds 
Uncalled bet ($0.02) returned to lucky4luca
lucky4luca collected $0.05 from pot
*** SUMMARY ***
Total pot $0.05 | Rake $0 
Seat 1: CMPN_mast3r (button) folded before Flop (didn't bet)
Seat 2: Connor414 (small blind) folded before Flop
Seat 3: Skljar (big blind) folded before Flop
Seat 4: Lorpugo folded before Flop (didn't bet)
Seat 5: lucky4luca collected ($0.05)
Seat 6: Lalofranjeado folded before Flop (didn't bet)



PokerStars Hand #239650532084:  Hold'em No Limit ($0.01/$0.02 USD) - 2022/11/04 16:18:12 ET
Table 'Nyanza III' 6-max Seat #2 is the button
Seat 1: CMPN_mast3r ($0.83 in chips) 
Seat 2: Connor414 ($2 in chips) 
Seat 3: Skljar ($2.26 in chips) 
Seat 4: Lorpugo ($2.30 in chips) 
Seat 5: lucky4luca ($2.02 in chips) 
Seat 6: Lalofranjeado ($1.51 in chips) 
Skljar: posts small blind $0.01
Lorpugo: posts big blind $0.02
*** HOLE CARDS ***
Dealt to Lorpugo [8s Ac]
lucky4luca: folds 
Lalofranjeado: raises $0.04 to $0.06
CMPN_mast3r: folds 
Connor414: folds 
Skljar: folds 
Lorpugo: calls $0.04
*** FLOP *** [Th Ad 3d]
Lorpugo: checks 
Lalofranjeado: bets $0.09
Lorpugo: calls $0.09
*** TURN *** [Th Ad 3d] [2h]
Lorpugo: checks 
Lalofranjeado: bets $0.45
Lorpugo: folds 
Uncalled bet ($0.45) returned to Lalofranjeado
Lalofranjeado collected $0.30 from pot
Lalofranjeado: doesn't show hand 
*** SUMMARY ***
Total pot $0.31 | Rake $0.01 
Board [Th Ad 3d 2h]
Seat 1: CMPN_mast3r folded before Flop (didn't bet)
Seat 2: Connor414 (button) folded before Flop (didn't bet)
Seat 3: Skljar (small blind) folded before Flop
Seat 4: Lorpugo (big blind) folded on the Turn
Seat 5: lucky4luca folded before Flop (didn't bet)
Seat 6: Lalofranjeado collected ($0.30)



PokerStars Hand #239650558555:  Hold'em No Limit ($0.01/$0.02 USD) - 2022/11/04 16:19:17 ET
Table 'Nyanza III' 6-max Seat #3 is the button
Seat 1: CMPN_mast3r ($0.83 in chips) 
Seat 2: Connor414 ($2 in chips) 
Seat 3: Skljar ($2.25 in chips) 
Seat 4: Lorpugo ($2.15 in chips) 
Seat 5: lucky4luca ($2.02 in chips) 
Seat 6: Lalofranjeado ($1.66 in chips) 
Lorpugo: posts small blind $0.01
lucky4luca: posts big blind $0.02
*** HOLE CARDS ***
Dealt to Lorpugo [9d Tc]
Lalofranjeado: folds 
CMPN_mast3r: raises $0.02 to $0.04
Connor414: folds 
Skljar: raises $0.12 to $0.16
Lorpugo: folds 
lucky4luca: folds 
CMPN_mast3r: folds 
Uncalled bet ($0.12) returned to Skljar
Skljar collected $0.11 from pot
Skljar: doesn't show hand 
*** SUMMARY ***
Total pot $0.11 | Rake $0 
Seat 1: CMPN_mast3r folded before Flop
Seat 2: Connor414 folded before Flop (didn't bet)
Seat 3: Skljar (button) collected ($0.11)
Seat 4: Lorpugo (small blind) folded before Flop
Seat 5: lucky4luca (big blind) folded before Flop
Seat 6: Lalofranjeado folded before Flop (didn't bet)



PokerStars Hand #239650568570:  Hold'em No Limit ($0.01/$0.02 USD) - 2022/11/04 16:19:41 ET
Table 'Nyanza III' 6-max Seat #4 is the button
Seat 1: CMPN_mast3r ($0.79 in chips) 
Seat 2: Connor414 ($2 in chips) 
Seat 3: Skljar ($2.32 in chips) 
Seat 4: Lorpugo ($2.14 in chips) 
Seat 5: lucky4luca ($2 in chips) 
Seat 6: Lalofranjeado ($1.66 in chips) 
lucky4luca: posts small blind $0.01
Lalofranjeado: posts big blind $0.02
*** HOLE CARDS ***
Dealt to Lorpugo [Qs 7c]
CMPN_mast3r: folds 
Connor414: folds 
Skljar: calls $0.02
Lorpugo: folds 
lucky4luca: folds 
Lalofranjeado: raises $0.08 to $0.10
Skljar: folds 
Uncalled bet ($0.08) returned to Lalofranjeado
Lalofranjeado collected $0.05 from pot
Lalofranjeado: doesn't show hand 
*** SUMMARY ***
Total pot $0.05 | Rake $0 
Seat 1: CMPN_mast3r folded before Flop (didn't bet)
Seat 2: Connor414 folded before Flop (didn't bet)
Seat 3: Skljar folded before Flop
Seat 4: Lorpugo (button) folded before Flop (didn't bet)
Seat 5: lucky4luca (small blind) folded before Flop
Seat 6: Lalofranjeado (big blind) collected ($0.05)



PokerStars Hand #239650581735:  Hold'em No Limit ($0.01/$0.02 USD) - 2022/11/04 16:20:14 ET
Table 'Nyanza III' 6-max Seat #5 is the button
Seat 1: CMPN_mast3r ($0.79 in chips) 
Seat 2: Connor414 ($2 in chips) 
Seat 3: Skljar ($2.30 in chips) 
Seat 4: Lorpugo ($2.14 in chips) 
Seat 5: lucky4luca ($1.99 in chips) 
Seat 6: Lalofranjeado ($1.69 in chips) 
Lalofranjeado: posts small blind $0.01
CMPN_mast3r: posts big blind $0.02
*** HOLE CARDS ***
Dealt to Lorpugo [Tc Ks]
Connor414: folds 
Skljar: folds 
Lorpugo: raises $0.04 to $0.06
lucky4luca: raises $0.04 to $0.10
Lalofranjeado: folds 
CMPN_mast3r: folds 
Lorpugo: calls $0.04
*** FLOP *** [8h Kh Ts]
Lorpugo: checks 
lucky4luca: checks 
*** TURN *** [8h Kh Ts] [Kc]
Lorpugo: bets $0.07
lucky4luca: calls $0.07
*** RIVER *** [8h Kh Ts Kc] [2d]
Lorpugo: checks 
lucky4luca: checks 
*** SHOW DOWN ***
Lorpugo: shows [Tc Ks] (a full house, Kings full of Tens)
lucky4luca: mucks hand 
Lorpugo collected $0.36 from pot
*** SUMMARY ***
Total pot $0.37 | Rake $0.01 
Board [8h Kh Ts Kc 2d]
Seat 1: CMPN_mast3r (big blind) folded before Flop
Seat 2: Connor414 folded before Flop (didn't bet)
Seat 3: Skljar folded before Flop (didn't bet)
Seat 4: Lorpugo showed [Tc Ks] and won ($0.36) with a full house, Kings full of Tens
Seat 5: lucky4luca (button) mucked [7h 7s]
Seat 6: Lalofranjeado (small blind) folded before Flop



PokerStars Hand #239650602450:  Hold'em No Limit ($0.01/$0.02 USD) - 2022/11/04 16:21:04 ET
Table 'Nyanza III' 6-max Seat #6 is the button
Seat 1: CMPN_mast3r ($0.77 in chips) 
Seat 2: Connor414 ($2 in chips) 
Seat 3: Skljar ($2.30 in chips) 
Seat 4: Lorpugo ($2.33 in chips) 
Seat 5: lucky4luca ($1.82 in chips) 
Seat 6: Lalofranjeado ($1.68 in chips) 
CMPN_mast3r: posts small blind $0.01
Connor414: posts big blind $0.02
*** HOLE CARDS ***
Dealt to Lorpugo [Td Tc]
Skljar: calls $0.02
Lorpugo: raises $0.07 to $0.09
lucky4luca: folds 
Lalofranjeado: folds 
CMPN_mast3r: folds 
Connor414: folds 
Skljar: folds 
Uncalled bet ($0.07) returned to Lorpugo
Lorpugo collected $0.07 from pot
Lorpugo: doesn't show hand 
*** SUMMARY ***
Total pot $0.07 | Rake $0 
Seat 1: CMPN_mast3r (small blind) folded before Flop
Seat 2: Connor414 (big blind) folded before Flop
Seat 3: Skljar folded before Flop
Seat 4: Lorpugo collected ($0.07)
Seat 5: lucky4luca folded before Flop (didn't bet)
Seat 6: Lalofranjeado (button) folded before Flop (didn't bet)



PokerStars Hand #239650612717:  Hold'em No Limit ($0.01/$0.02 USD) - 2022/11/04 16:21:29 ET
Table 'Nyanza III' 6-max Seat #1 is the button
Seat 1: CMPN_mast3r ($0.76 in chips) 
Seat 2: Connor414 ($2 in chips) 
Seat 3: Skljar ($2.28 in chips) 
Seat 4: Lorpugo ($2.38 in chips) 
Seat 5: lucky4luca ($2 in chips) 
Seat 6: Lalofranjeado ($1.68 in chips) 
Connor414: posts small blind $0.01
Skljar: posts big blind $0.02
*** HOLE CARDS ***
Dealt to Lorpugo [Ac 8s]
Lorpugo: raises $0.04 to $0.06
lucky4luca: folds 
Lalofranjeado: folds 
CMPN_mast3r: folds 
Connor414: folds 
Skljar: folds 
Uncalled bet ($0.04) returned to Lorpugo
Lorpugo collected $0.05 from pot
Lorpugo: doesn't show hand 
*** SUMMARY ***
Total pot $0.05 | Rake $0 
Seat 1: CMPN_mast3r (button) folded before Flop (didn't bet)
Seat 2: Connor414 (small blind) folded before Flop
Seat 3: Skljar (big blind) folded before Flop
Seat 4: Lorpugo collected ($0.05)
Seat 5: lucky4luca folded before Flop (didn't bet)
Seat 6: Lalofranjeado folded before Flop (didn't bet)



PokerStars Hand #239650619909:  Hold'em No Limit ($0.01/$0.02 USD) - 2022/11/04 16:21:47 ET
Table 'Nyanza III' 6-max Seat #2 is the button
Seat 1: CMPN_mast3r ($0.76 in chips) 
Seat 2: Connor414 ($2 in chips) 
Seat 3: Skljar ($2.26 in chips) 
Seat 4: Lorpugo ($2.41 in chips) 
Seat 5: lucky4luca ($2 in chips) 
Seat 6: Lalofranjeado ($1.68 in chips) 
Skljar: posts small blind $0.01
Lorpugo: posts big blind $0.02
*** HOLE CARDS ***
Dealt to Lorpugo [Tc 2d]
lucky4luca: raises $0.02 to $0.04
Lalofranjeado: calls $0.04
CMPN_mast3r: calls $0.04
Connor414: folds 
Skljar: folds 
Lorpugo: folds 
*** FLOP *** [9c 2s Ah]
lucky4luca: checks 
Lalofranjeado: bets $0.07
CMPN_mast3r: folds 
lucky4luca: calls $0.07
*** TURN *** [9c 2s Ah] [4c]
lucky4luca: checks 
Lalofranjeado: bets $0.09
lucky4luca: calls $0.09
*** RIVER *** [9c 2s Ah 4c] [3d]
lucky4luca: checks 
Lalofranjeado: checks 
*** SHOW DOWN ***
lucky4luca: shows [Kh Td] (high card Ace)
Lalofranjeado: shows [As Qh] (a pair of Aces)
Lalofranjeado collected $0.45 from pot
*** SUMMARY ***
Total pot $0.47 | Rake $0.02 
Board [9c 2s Ah 4c 3d]
Seat 1: CMPN_mast3r folded on the Flop
Seat 2: Connor414 (button) folded before Flop (didn't bet)
Seat 3: Skljar (small blind) folded before Flop
Seat 4: Lorpugo (big blind) folded before Flop
Seat 5: lucky4luca showed [Kh Td] and lost with high card Ace
Seat 6: Lalofranjeado showed [As Qh] and won ($0.45) with a pair of Aces



PokerStars Hand #239650636043:  Hold'em No Limit ($0.01/$0.02 USD) - 2022/11/04 16:22:26 ET
Table 'Nyanza III' 6-max Seat #3 is the button
Seat 1: CMPN_mast3r ($0.72 in chips) 
Seat 2: Connor414 ($2 in chips) 
Seat 3: Skljar ($2.25 in chips) 
Seat 4: Lorpugo ($2.39 in chips) 
Seat 5: lucky4luca ($1.80 in chips) 
Seat 6: Lalofranjeado ($1.93 in chips) 
Lorpugo: posts small blind $0.01
lucky4luca: posts big blind $0.02
*** HOLE CARDS ***
Dealt to Lorpugo [Qh 3d]
Lalofranjeado: folds 
CMPN_mast3r: calls $0.02
Connor414: raises $0.06 to $0.08
Skljar: folds 
Lorpugo: folds 
lucky4luca: folds 
CMPN_mast3r: folds 
Uncalled bet ($0.06) returned to Connor414
Connor414 collected $0.07 from pot
Connor414: doesn't show hand 
*** SUMMARY ***
Total pot $0.07 | Rake $0 
Seat 1: CMPN_mast3r folded before Flop
Seat 2: Connor414 collected ($0.07)
Seat 3: Skljar (button) folded before Flop (didn't bet)
Seat 4: Lorpugo (small blind) folded before Flop
Seat 5: lucky4luca (big blind) folded before Flop
Seat 6: Lalofranjeado folded before Flop (didn't bet)



PokerStars Hand #239650648344:  Hold'em No Limit ($0.01/$0.02 USD) - 2022/11/04 16:22:56 ET
Table 'Nyanza III' 6-max Seat #4 is the button
Seat 1: CMPN_mast3r ($0.70 in chips) 
Seat 2: Connor414 ($2.05 in chips) 
Seat 3: Skljar ($2.25 in chips) 
Seat 4: Lorpugo ($2.38 in chips) 
Seat 5: lucky4luca ($1.78 in chips) 
Seat 6: Lalofranjeado ($1.93 in chips) 
lucky4luca: posts small blind $0.01
Lalofranjeado: posts big blind $0.02
*** HOLE CARDS ***
Dealt to Lorpugo [4d 2h]
CMPN_mast3r: folds 
Connor414: folds 
Skljar: folds 
Lorpugo: folds 
lucky4luca: raises $0.06 to $0.08
Lalofranjeado: folds 
Uncalled bet ($0.06) returned to lucky4luca
lucky4luca collected $0.04 from pot
*** SUMMARY ***
Total pot $0.04 | Rake $0 
Seat 1: CMPN_mast3r folded before Flop (didn't bet)
Seat 2: Connor414 folded before Flop (didn't bet)
Seat 3: Skljar folded before Flop (didn't bet)
Seat 4: Lorpugo (button) folded before Flop (didn't bet)
Seat 5: lucky4luca (small blind) collected ($0.04)
Seat 6: Lalofranjeado (big blind) folded before Flop



PokerStars Hand #239650658033:  Hold'em No Limit ($0.01/$0.02 USD) - 2022/11/04 16:23:20 ET
Table 'Nyanza III' 6-max Seat #5 is the button
Seat 1: CMPN_mast3r ($0.70 in chips) 
Seat 2: Connor414 ($2.05 in chips) 
Seat 3: Skljar ($2.25 in chips) 
Seat 4: Lorpugo ($2.38 in chips) 
Seat 5: lucky4luca ($1.80 in chips) 
Seat 6: Lalofranjeado ($1.91 in chips) 
Lalofranjeado: posts small blind $0.01
CMPN_mast3r: posts big blind $0.02
*** HOLE CARDS ***
Dealt to Lorpugo [Ks Ac]
Connor414: folds 
Skljar: raises $0.04 to $0.06
Lorpugo: raises $0.15 to $0.21
lucky4luca: folds 
Lalofranjeado: folds 
CMPN_mast3r: folds 
Skljar: folds 
Uncalled bet ($0.15) returned to Lorpugo
Lorpugo collected $0.15 from pot
Lorpugo: doesn't show hand 
*** SUMMARY ***
Total pot $0.15 | Rake $0 
Seat 1: CMPN_mast3r (big blind) folded before Flop
Seat 2: Connor414 folded before Flop (didn't bet)
Seat 3: Skljar folded before Flop
Seat 4: Lorpugo collected ($0.15)
Seat 5: lucky4luca (button) folded before Flop (didn't bet)
Seat 6: Lalofranjeado (small blind) folded before Flop



PokerStars Hand #239650674507:  Hold'em No Limit ($0.01/$0.02 USD) - 2022/11/04 16:24:00 ET
Table 'Nyanza III' 6-max Seat #6 is the button
Seat 1: CMPN_mast3r ($0.68 in chips) 
Seat 2: Connor414 ($2.05 in chips) 
Seat 3: Skljar ($2.19 in chips) 
Seat 4: Lorpugo ($2.47 in chips) 
Seat 5: lucky4luca ($1.80 in chips) 
Seat 6: Lalofranjeado ($1.90 in chips) 
CMPN_mast3r: posts small blind $0.01
Connor414: posts big blind $0.02
*** HOLE CARDS ***
Dealt to Lorpugo [9c Kd]
Skljar: folds 
Lorpugo: raises $0.04 to $0.06
lucky4luca: calls $0.06
Lalofranjeado: folds 
CMPN_mast3r: folds 
Connor414: calls $0.04
*** FLOP *** [Ah 3d As]
Connor414: checks 
Lorpugo: bets $0.06
lucky4luca: folds 
Connor414: folds 
Uncalled bet ($0.06) returned to Lorpugo
Lorpugo collected $0.18 from pot
Lorpugo: doesn't show hand 
*** SUMMARY ***
Total pot $0.19 | Rake $0.01 
Board [Ah 3d As]
Seat 1: CMPN_mast3r (small blind) folded before Flop
Seat 2: Connor414 (big blind) folded on the Flop
Seat 3: Skljar folded before Flop (didn't bet)
Seat 4: Lorpugo collected ($0.18)
Seat 5: lucky4luca folded on the Flop
Seat 6: Lalofranjeado (button) folded before Flop (didn't bet)



PokerStars Hand #239650685611:  Hold'em No Limit ($0.01/$0.02 USD) - 2022/11/04 16:24:27 ET
Table 'Nyanza III' 6-max Seat #1 is the button
Seat 1: CMPN_mast3r ($0.67 in chips) 
Seat 2: Connor414 ($2 in chips) 
Seat 3: Skljar ($2.19 in chips) 
Seat 4: Lorpugo ($2.59 in chips) 
Seat 5: lucky4luca ($1.74 in chips) 
Seat 6: Lalofranjeado ($1.90 in chips) 
Connor414: posts small blind $0.01
Skljar: posts big blind $0.02
*** HOLE CARDS ***
Dealt to Lorpugo [5d Ks]
Lorpugo: folds 
lucky4luca: raises $0.02 to $0.04
Lalofranjeado: folds 
CMPN_mast3r: calls $0.04
Connor414: folds 
Skljar: folds 
*** FLOP *** [Qd 9c 6s]
lucky4luca: checks 
CMPN_mast3r: checks 
*** TURN *** [Qd 9c 6s] [2s]
lucky4luca: checks 
CMPN_mast3r: checks 
*** RIVER *** [Qd 9c 6s 2s] [3h]
lucky4luca: checks 
CMPN_mast3r: checks 
*** SHOW DOWN ***
lucky4luca: shows [4s Ac] (high card Ace)
CMPN_mast3r: shows [4c As] (high card Ace)
lucky4luca collected $0.06 from pot
CMPN_mast3r collected $0.05 from pot
*** SUMMARY ***
Total pot $0.11 | Rake $0 
Board [Qd 9c 6s 2s 3h]
Seat 1: CMPN_mast3r (button) showed [4c As] and won ($0.05) with high card Ace
Seat 2: Connor414 (small blind) folded before Flop
Seat 3: Skljar (big blind) folded before Flop
Seat 4: Lorpugo folded before Flop (didn't bet)
Seat 5: lucky4luca showed [4s Ac] and won ($0.06) with high card Ace
Seat 6: Lalofranjeado folded before Flop (didn't bet)



PokerStars Hand #239650697784:  Hold'em No Limit ($0.01/$0.02 USD) - 2022/11/04 16:24:57 ET
Table 'Nyanza III' 6-max Seat #2 is the button
Seat 1: CMPN_mast3r ($0.68 in chips) 
Seat 2: Connor414 ($2 in chips) 
Seat 3: Skljar ($2.17 in chips) 
Seat 4: Lorpugo ($2.59 in chips) 
Seat 5: lucky4luca ($1.76 in chips) 
Seat 6: Lalofranjeado ($1.90 in chips) 
Skljar: posts small blind $0.01
Lorpugo: posts big blind $0.02
*** HOLE CARDS ***
Dealt to Lorpugo [As Qd]
lucky4luca: folds 
Lalofranjeado: folds 
CMPN_mast3r: raises $0.06 to $0.08
Connor414: folds 
Skljar: folds 
Lorpugo: calls $0.06
*** FLOP *** [Th 7s 9d]
Lorpugo: checks 
CMPN_mast3r: bets $0.06
Lorpugo: folds 
Uncalled bet ($0.06) returned to CMPN_mast3r
CMPN_mast3r collected $0.16 from pot
*** SUMMARY ***
Total pot $0.17 | Rake $0.01 
Board [Th 7s 9d]
Seat 1: CMPN_mast3r collected ($0.16)
Seat 2: Connor414 (button) folded before Flop (didn't bet)
Seat 3: Skljar (small blind) folded before Flop
Seat 4: Lorpugo (big blind) folded on the Flop
Seat 5: lucky4luca folded before Flop (didn't bet)
Seat 6: Lalofranjeado folded before Flop (didn't bet)



PokerStars Hand #239650711761:  Hold'em No Limit ($0.01/$0.02 USD) - 2022/11/04 16:25:30 ET
Table 'Nyanza III' 6-max Seat #3 is the button
Seat 1: CMPN_mast3r ($0.76 in chips) 
Seat 2: Connor414 ($2 in chips) 
Seat 3: Skljar ($2.16 in chips) 
Seat 4: Lorpugo ($2.51 in chips) 
Seat 5: lucky4luca ($1.76 in chips) 
Seat 6: Lalofranjeado ($1.90 in chips) 
Lorpugo: posts small blind $0.01
lucky4luca: posts big blind $0.02
*** HOLE CARDS ***
Dealt to Lorpugo [Jh 5h]
Lalofranjeado: folds 
CMPN_mast3r: calls $0.02
Connor414: folds 
Skljar: calls $0.02
Lorpugo: calls $0.01
lucky4luca: checks 
*** FLOP *** [4h 9s 5s]
Lorpugo: checks 
lucky4luca: bets $0.14
CMPN_mast3r: folds 
Skljar: folds 
Lorpugo: folds 
Uncalled bet ($0.14) returned to lucky4luca
lucky4luca collected $0.08 from pot
*** SUMMARY ***
Total pot $0.08 | Rake $0 
Board [4h 9s 5s]
Seat 1: CMPN_mast3r folded on the Flop
Seat 2: Connor414 folded before Flop (didn't bet)
Seat 3: Skljar (button) folded on the Flop
Seat 4: Lorpugo (small blind) folded on the Flop
Seat 5: lucky4luca (big blind) collected ($0.08)
Seat 6: Lalofranjeado folded before Flop (didn't bet)



PokerStars Hand #239650729096:  Hold'em No Limit ($0.01/$0.02 USD) - 2022/11/04 16:26:13 ET
Table 'Nyanza III' 6-max Seat #4 is the button
Seat 1: CMPN_mast3r ($0.74 in chips) 
Seat 2: Connor414 ($2 in chips) 
Seat 3: Skljar ($2.14 in chips) 
Seat 4: Lorpugo ($2.49 in chips) 
Seat 5: lucky4luca ($1.82 in chips) 
Seat 6: Lalofranjeado ($1.90 in chips) 
lucky4luca: posts small blind $0.01
Lalofranjeado: posts big blind $0.02
*** HOLE CARDS ***
Dealt to Lorpugo [3c Qh]
CMPN_mast3r: folds 
Connor414: raises $0.03 to $0.05
Skljar: folds 
Lorpugo: folds 
lucky4luca: folds 
Lalofranjeado: folds 
Uncalled bet ($0.03) returned to Connor414
Connor414 collected $0.05 from pot
Connor414: doesn't show hand 
*** SUMMARY ***
Total pot $0.05 | Rake $0 
Seat 1: CMPN_mast3r folded before Flop (didn't bet)
Seat 2: Connor414 collected ($0.05)
Seat 3: Skljar folded before Flop (didn't bet)
Seat 4: Lorpugo (button) folded before Flop (didn't bet)
Seat 5: lucky4luca (small blind) folded before Flop
Seat 6: Lalofranjeado (big blind) folded before Flop



PokerStars Hand #239650737352:  Hold'em No Limit ($0.01/$0.02 USD) - 2022/11/04 16:26:33 ET
Table 'Nyanza III' 6-max Seat #5 is the button
Seat 1: CMPN_mast3r ($0.74 in chips) 
Seat 2: Connor414 ($2.03 in chips) 
Seat 3: Skljar ($2.14 in chips) 
Seat 4: Lorpugo ($2.49 in chips) 
Seat 5: lucky4luca ($1.81 in chips) 
Seat 6: Lalofranjeado ($1.88 in chips) 
Lalofranjeado: posts small blind $0.01
CMPN_mast3r: posts big blind $0.02
*** HOLE CARDS ***
Dealt to Lorpugo [Kh Th]
Connor414: raises $0.03 to $0.05
Skljar: folds 
Lorpugo: folds 
lucky4luca: folds 
Lalofranjeado: folds 
CMPN_mast3r: folds 
Uncalled bet ($0.03) returned to Connor414
Connor414 collected $0.05 from pot
Connor414: doesn't show hand 
*** SUMMARY ***
Total pot $0.05 | Rake $0 
Seat 1: CMPN_mast3r (big blind) folded before Flop
Seat 2: Connor414 collected ($0.05)
Seat 3: Skljar folded before Flop (didn't bet)
Seat 4: Lorpugo folded before Flop (didn't bet)
Seat 5: lucky4luca (button) folded before Flop (didn't bet)
Seat 6: Lalofranjeado (small blind) folded before Flop



PokerStars Hand #239650745762:  Hold'em No Limit ($0.01/$0.02 USD) - 2022/11/04 16:26:54 ET
Table 'Nyanza III' 6-max Seat #6 is the button
Seat 1: CMPN_mast3r ($0.72 in chips) 
Seat 2: Connor414 ($2.06 in chips) 
Seat 3: Skljar ($2.14 in chips) 
Seat 4: Lorpugo ($2.49 in chips) 
Seat 5: lucky4luca ($1.81 in chips) 
Seat 6: Lalofranjeado ($1.87 in chips) 
CMPN_mast3r: posts small blind $0.01
Connor414: posts big blind $0.02
*** HOLE CARDS ***
Dealt to Lorpugo [7h Jh]
Skljar: folds 
Lorpugo: folds 
lucky4luca: folds 
Lalofranjeado: folds 
CMPN_mast3r: calls $0.01
Connor414: raises $0.04 to $0.06
CMPN_mast3r: calls $0.04
*** FLOP *** [Ah Kd 2s]
CMPN_mast3r: checks 
Connor414: bets $0.04
CMPN_mast3r: folds 
Uncalled bet ($0.04) returned to Connor414
Connor414 collected $0.12 from pot
Connor414: doesn't show hand 
*** SUMMARY ***
Total pot $0.12 | Rake $0 
Board [Ah Kd 2s]
Seat 1: CMPN_mast3r (small blind) folded on the Flop
Seat 2: Connor414 (big blind) collected ($0.12)
Seat 3: Skljar folded before Flop (didn't bet)
Seat 4: Lorpugo folded before Flop (didn't bet)
Seat 5: lucky4luca folded before Flop (didn't bet)
Seat 6: Lalofranjeado (button) folded before Flop (didn't bet)



PokerStars Hand #239650756063:  Hold'em No Limit ($0.01/$0.02 USD) - 2022/11/04 16:27:19 ET
Table 'Nyanza III' 6-max Seat #1 is the button
Seat 1: CMPN_mast3r ($0.66 in chips) 
Seat 2: Connor414 ($2.12 in chips) 
Seat 3: Skljar ($2.14 in chips) 
Seat 4: Lorpugo ($2.49 in chips) 
Seat 5: lucky4luca ($1.81 in chips) 
Seat 6: Lalofranjeado ($1.87 in chips) 
Connor414: posts small blind $0.01
Skljar: posts big blind $0.02
*** HOLE CARDS ***
Dealt to Lorpugo [Ad 3c]
Lorpugo: folds 
lucky4luca: folds 
Lalofranjeado: raises $0.04 to $0.06
CMPN_mast3r: calls $0.06
Connor414: folds 
Skljar: folds 
*** FLOP *** [6c Th 8h]
Lalofranjeado: bets $0.04
CMPN_mast3r: raises $0.12 to $0.16
Lalofranjeado: calls $0.12
*** TURN *** [6c Th 8h] [Qc]
Lalofranjeado: checks 
CMPN_mast3r: checks 
*** RIVER *** [6c Th 8h Qc] [Jd]
Lalofranjeado: checks 
CMPN_mast3r: checks 
*** SHOW DOWN ***
Lalofranjeado: shows [9s 9h] (a straight, Eight to Queen)
CMPN_mast3r: mucks hand 
Lalofranjeado collected $0.45 from pot
*** SUMMARY ***
Total pot $0.47 | Rake $0.02 
Board [6c Th 8h Qc Jd]
Seat 1: CMPN_mast3r (button) mucked [Tc Kd]
Seat 2: Connor414 (small blind) folded before Flop
Seat 3: Skljar (big blind) folded before Flop
Seat 4: Lorpugo folded before Flop (didn't bet)
Seat 5: lucky4luca folded before Flop (didn't bet)
Seat 6: Lalofranjeado showed [9s 9h] and won ($0.45) with a straight, Eight to Queen



PokerStars Hand #239650776225:  Hold'em No Limit ($0.01/$0.02 USD) - 2022/11/04 16:28:09 ET
Table 'Nyanza III' 6-max Seat #2 is the button
Seat 1: CMPN_mast3r ($0.44 in chips) 
Seat 2: Connor414 ($2.11 in chips) 
Seat 3: Skljar ($2.12 in chips) 
Seat 4: Lorpugo ($2.49 in chips) 
Seat 5: lucky4luca ($1.81 in chips) 
Seat 6: Lalofranjeado ($2.10 in chips) 
Skljar: posts small blind $0.01
Lorpugo: posts big blind $0.02
*** HOLE CARDS ***
Dealt to Lorpugo [2d 9h]
lucky4luca: raises $0.02 to $0.04
Lalofranjeado: folds 
CMPN_mast3r: folds 
Connor414: folds 
Skljar: folds 
Lorpugo: folds 
Uncalled bet ($0.02) returned to lucky4luca
lucky4luca collected $0.05 from pot
*** SUMMARY ***
Total pot $0.05 | Rake $0 
Seat 1: CMPN_mast3r folded before Flop (didn't bet)
Seat 2: Connor414 (button) folded before Flop (didn't bet)
Seat 3: Skljar (small blind) folded before Flop
Seat 4: Lorpugo (big blind) folded before Flop
Seat 5: lucky4luca collected ($0.05)
Seat 6: Lalofranjeado folded before Flop (didn't bet)



PokerStars Hand #239650783107:  Hold'em No Limit ($0.01/$0.02 USD) - 2022/11/04 16:28:26 ET
Table 'Nyanza III' 6-max Seat #3 is the button
Seat 1: CMPN_mast3r ($0.44 in chips) 
Seat 2: Connor414 ($2.11 in chips) 
Seat 3: Skljar ($2.11 in chips) 
Seat 4: Lorpugo ($2.47 in chips) 
Seat 5: lucky4luca ($1.84 in chips) 
Seat 6: Lalofranjeado ($2.10 in chips) 
Lorpugo: posts small blind $0.01
lucky4luca: posts big blind $0.02
*** HOLE CARDS ***
Dealt to Lorpugo [3d 9d]
Lalofranjeado: folds 
CMPN_mast3r: folds 
Connor414: folds 
Skljar: raises $0.06 to $0.08
Lorpugo: folds 
lucky4luca: folds 
Uncalled bet ($0.06) returned to Skljar
Skljar collected $0.05 from pot
Skljar: doesn't show hand 
*** SUMMARY ***
Total pot $0.05 | Rake $0 
Seat 1: CMPN_mast3r folded before Flop (didn't bet)
Seat 2: Connor414 folded before Flop (didn't bet)
Seat 3: Skljar (button) collected ($0.05)
Seat 4: Lorpugo (small blind) folded before Flop
Seat 5: lucky4luca (big blind) folded before Flop
Seat 6: Lalofranjeado folded before Flop (didn't bet)



PokerStars Hand #239650791157:  Hold'em No Limit ($0.01/$0.02 USD) - 2022/11/04 16:28:45 ET
Table 'Nyanza III' 6-max Seat #4 is the button
Seat 1: CMPN_mast3r ($0.44 in chips) 
Seat 2: Connor414 ($2.11 in chips) 
Seat 3: Skljar ($2.14 in chips) 
Seat 4: Lorpugo ($2.46 in chips) 
Seat 5: lucky4luca ($1.82 in chips) 
Seat 6: Lalofranjeado ($2.10 in chips) 
lucky4luca: posts small blind $0.01
Lalofranjeado: posts big blind $0.02
*** HOLE CARDS ***
Dealt to Lorpugo [8c 8h]
CMPN_mast3r: folds 
Connor414: raises $0.03 to $0.05
Skljar: folds 
Lorpugo: calls $0.05
lucky4luca: folds 
Lalofranjeado: folds 
*** FLOP *** [9c 7h 3c]
Connor414: checks 
Lorpugo: bets $0.09
Connor414: calls $0.09
*** TURN *** [9c 7h 3c] [Ah]
Connor414: checks 
Lorpugo: checks 
*** RIVER *** [9c 7h 3c Ah] [Ks]
Connor414: checks 
Lorpugo: checks 
*** SHOW DOWN ***
Connor414: shows [Jc Kc] (a pair of Kings)
Lorpugo: mucks hand 
Connor414 collected $0.30 from pot
*** SUMMARY ***
Total pot $0.31 | Rake $0.01 
Board [9c 7h 3c Ah Ks]
Seat 1: CMPN_mast3r folded before Flop (didn't bet)
Seat 2: Connor414 showed [Jc Kc] and won ($0.30) with a pair of Kings
Seat 3: Skljar folded before Flop (didn't bet)
Seat 4: Lorpugo (button) mucked [8c 8h]
Seat 5: lucky4luca (small blind) folded before Flop
Seat 6: Lalofranjeado (big blind) folded before Flop



PokerStars Hand #239650804454:  Hold'em No Limit ($0.01/$0.02 USD) - 2022/11/04 16:29:18 ET
Table 'Nyanza III' 6-max Seat #5 is the button
Seat 1: CMPN_mast3r ($0.44 in chips) 
Seat 2: Connor414 ($2.27 in chips) 
Seat 3: Skljar ($2.14 in chips) 
Seat 4: Lorpugo ($2.32 in chips) 
Seat 5: lucky4luca ($1.81 in chips) 
Seat 6: Lalofranjeado ($2.08 in chips) 
Lalofranjeado: posts small blind $0.01
CMPN_mast3r: posts big blind $0.02
*** HOLE CARDS ***
Dealt to Lorpugo [Jd 5c]
Connor414: folds 
Skljar: folds 
Lorpugo: folds 
lucky4luca: raises $0.02 to $0.04
Lalofranjeado: folds 
CMPN_mast3r: folds 
Uncalled bet ($0.02) returned to lucky4luca
lucky4luca collected $0.05 from pot
*** SUMMARY ***
Total pot $0.05 | Rake $0 
Seat 1: CMPN_mast3r (big blind) folded before Flop
Seat 2: Connor414 folded before Flop (didn't bet)
Seat 3: Skljar folded before Flop (didn't bet)
Seat 4: Lorpugo folded before Flop (didn't bet)
Seat 5: lucky4luca (button) collected ($0.05)
Seat 6: Lalofranjeado (small blind) folded before Flop



PokerStars Hand #239650810878:  Hold'em No Limit ($0.01/$0.02 USD) - 2022/11/04 16:29:34 ET
Table 'Nyanza III' 6-max Seat #6 is the button
Seat 1: CMPN_mast3r ($0.42 in chips) 
Seat 2: Connor414 ($2.27 in chips) 
Seat 3: Skljar ($2.14 in chips) 
Seat 4: Lorpugo ($2.32 in chips) 
Seat 5: lucky4luca ($1.84 in chips) 
Seat 6: Lalofranjeado ($2.07 in chips) 
CMPN_mast3r: posts small blind $0.01
Connor414: posts big blind $0.02
*** HOLE CARDS ***
Dealt to Lorpugo [7d 7s]
Skljar: folds 
Lorpugo: raises $0.04 to $0.06
lucky4luca: folds 
Lalofranjeado: folds 
CMPN_mast3r: calls $0.05
Connor414: folds 
*** FLOP *** [Qs As Ac]
CMPN_mast3r: checks 
Lorpugo: bets $0.05
CMPN_mast3r: folds 
Uncalled bet ($0.05) returned to Lorpugo
Lorpugo collected $0.14 from pot
Lorpugo: doesn't show hand 
*** SUMMARY ***
Total pot $0.14 | Rake $0 
Board [Qs As Ac]
Seat 1: CMPN_mast3r (small blind) folded on the Flop
Seat 2: Connor414 (big blind) folded before Flop
Seat 3: Skljar folded before Flop (didn't bet)
Seat 4: Lorpugo collected ($0.14)
Seat 5: lucky4luca folded before Flop (didn't bet)
Seat 6: Lalofranjeado (button) folded before Flop (didn't bet)



PokerStars Hand #239650821972:  Hold'em No Limit ($0.01/$0.02 USD) - 2022/11/04 16:30:01 ET
Table 'Nyanza III' 6-max Seat #1 is the button
Seat 1: CMPN_mast3r ($0.36 in chips) 
Seat 2: Connor414 ($2.25 in chips) 
Seat 3: Skljar ($2.14 in chips) 
Seat 4: Lorpugo ($2.40 in chips) 
Seat 5: lucky4luca ($1.84 in chips) 
Seat 6: Lalofranjeado ($2.07 in chips) 
Connor414: posts small blind $0.01
Skljar: posts big blind $0.02
*** HOLE CARDS ***
Dealt to Lorpugo [5s 4c]
Lorpugo has timed out
Lorpugo: folds 
lucky4luca: folds 
Lalofranjeado: folds 
CMPN_mast3r: calls $0.02
Connor414: folds 
Skljar: checks 
*** FLOP *** [Ah 3h 9h]
Skljar: checks 
CMPN_mast3r: checks 
*** TURN *** [Ah 3h 9h] [As]
Skljar: checks 
CMPN_mast3r: checks 
*** RIVER *** [Ah 3h 9h As] [3s]
Skljar: checks 
CMPN_mast3r: checks 
*** SHOW DOWN ***
Skljar: shows [5h 8d] (two pair, Aces and Threes)
CMPN_mast3r: shows [8h Ts] (two pair, Aces and Threes - Ten kicker)
CMPN_mast3r collected $0.05 from pot
*** SUMMARY ***
Total pot $0.05 | Rake $0 
Board [Ah 3h 9h As 3s]
Seat 1: CMPN_mast3r (button) showed [8h Ts] and won ($0.05) with two pair, Aces and Threes
Seat 2: Connor414 (small blind) folded before Flop
Seat 3: Skljar (big blind) showed [5h 8d] and lost with two pair, Aces and Threes
Seat 4: Lorpugo folded before Flop (didn't bet)
Seat 5: lucky4luca folded before Flop (didn't bet)
Seat 6: Lalofranjeado folded before Flop (didn't bet)



