PokerStars Hand #239564618890:  Hold'em No Limit ($0.01/$0.02 USD) - 2022/10/31 11:49:13 ET
Table 'Osita III' 6-max Seat #4 is the button
Seat 1: Lorpugo ($1.60 in chips) 
Seat 2: Delbroek ($1.16 in chips) 
Seat 4: ollithetitan ($2 in chips) 
Seat 5: SantiKB47 ($1.75 in chips) 
SantiKB47: posts small blind $0.01
Lorpugo: posts big blind $0.02
*** HOLE CARDS ***
Dealt to Lorpugo [Ac 5c]
Delbroek: folds 
ollithetitan: raises $0.04 to $0.06
SantiKB47: folds 
Lorpugo: calls $0.04
*** FLOP *** [Td 4s 2d]
Lorpugo: checks 
ollithetitan: bets $0.09
Lorpugo: calls $0.09
*** TURN *** [Td 4s 2d] [9h]
Lorpugo: checks 
ollithetitan: bets $0.20
Lorpugo: folds 
Uncalled bet ($0.20) returned to ollithetitan
ollithetitan collected $0.30 from pot
ollithetitan: doesn't show hand 
*** SUMMARY ***
Total pot $0.31 | Rake $0.01 
Board [Td 4s 2d 9h]
Seat 1: Lorpugo (big blind) folded on the Turn
Seat 2: Delbroek folded before Flop (didn't bet)
Seat 4: ollithetitan (button) collected ($0.30)
Seat 5: SantiKB47 (small blind) folded before Flop



PokerStars Hand #239564629564:  Hold'em No Limit ($0.01/$0.02 USD) - 2022/10/31 11:49:52 ET
Table 'Osita III' 6-max Seat #5 is the button
Seat 1: Lorpugo ($1.45 in chips) 
Seat 2: Delbroek ($1.16 in chips) 
Seat 4: ollithetitan ($2.15 in chips) 
Seat 5: SantiKB47 ($1.74 in chips) 
Lorpugo: posts small blind $0.01
Delbroek: posts big blind $0.02
*** HOLE CARDS ***
Dealt to Lorpugo [9c Js]
ollithetitan: raises $0.04 to $0.06
SantiKB47: folds 
Lorpugo: folds 
Delbroek: calls $0.04
*** FLOP *** [Kc 6h As]
Delbroek: bets $0.07
ollithetitan: folds 
Uncalled bet ($0.07) returned to Delbroek
Delbroek collected $0.13 from pot
*** SUMMARY ***
Total pot $0.13 | Rake $0 
Board [Kc 6h As]
Seat 1: Lorpugo (small blind) folded before Flop
Seat 2: Delbroek (big blind) collected ($0.13)
Seat 4: ollithetitan folded on the Flop
Seat 5: SantiKB47 (button) folded before Flop (didn't bet)



PokerStars Hand #239564636456:  Hold'em No Limit ($0.01/$0.02 USD) - 2022/10/31 11:50:17 ET
Table 'Osita III' 6-max Seat #1 is the button
Seat 1: Lorpugo ($1.44 in chips) 
Seat 2: Delbroek ($1.23 in chips) 
Seat 4: ollithetitan ($2.09 in chips) 
Seat 5: SantiKB47 ($1.74 in chips) 
Delbroek: posts small blind $0.01
ollithetitan: posts big blind $0.02
*** HOLE CARDS ***
Dealt to Lorpugo [As Tc]
SantiKB47: folds 
Lorpugo: raises $0.04 to $0.06
Delbroek: folds 
ollithetitan: folds 
Uncalled bet ($0.04) returned to Lorpugo
Lorpugo collected $0.05 from pot
Lorpugo: doesn't show hand 
*** SUMMARY ***
Total pot $0.05 | Rake $0 
Seat 1: Lorpugo (button) collected ($0.05)
Seat 2: Delbroek (small blind) folded before Flop
Seat 4: ollithetitan (big blind) folded before Flop
Seat 5: SantiKB47 folded before Flop (didn't bet)



PokerStars Hand #239564640058:  Hold'em No Limit ($0.01/$0.02 USD) - 2022/10/31 11:50:31 ET
Table 'Osita III' 6-max Seat #2 is the button
Seat 1: Lorpugo ($1.47 in chips) 
Seat 2: Delbroek ($1.22 in chips) 
Seat 4: ollithetitan ($2.07 in chips) 
Seat 5: SantiKB47 ($1.74 in chips) 
ollithetitan: posts small blind $0.01
SantiKB47: posts big blind $0.02
*** HOLE CARDS ***
Dealt to Lorpugo [Qd 5c]
Lorpugo: folds 
Delbroek: folds 
ollithetitan: folds 
Uncalled bet ($0.01) returned to SantiKB47
SantiKB47 collected $0.02 from pot
SantiKB47: doesn't show hand 
*** SUMMARY ***
Total pot $0.02 | Rake $0 
Seat 1: Lorpugo folded before Flop (didn't bet)
Seat 2: Delbroek (button) folded before Flop (didn't bet)
Seat 4: ollithetitan (small blind) folded before Flop
Seat 5: SantiKB47 (big blind) collected ($0.02)



PokerStars Hand #239564642863:  Hold'em No Limit ($0.01/$0.02 USD) - 2022/10/31 11:50:41 ET
Table 'Osita III' 6-max Seat #4 is the button
Seat 1: Lorpugo ($1.47 in chips) 
Seat 2: Delbroek ($1.22 in chips) 
Seat 4: ollithetitan ($2.06 in chips) 
Seat 5: SantiKB47 ($1.75 in chips) 
SantiKB47: posts small blind $0.01
Lorpugo: posts big blind $0.02
*** HOLE CARDS ***
Dealt to Lorpugo [2c Ts]
Delbroek: calls $0.02
ollithetitan: folds 
SantiKB47: folds 
Lorpugo: checks 
*** FLOP *** [6s 2d Jc]
Lorpugo: checks 
Delbroek: checks 
*** TURN *** [6s 2d Jc] [Jd]
Lorpugo: bets $0.03
Delbroek: folds 
Uncalled bet ($0.03) returned to Lorpugo
Lorpugo collected $0.05 from pot
Lorpugo: doesn't show hand 
*** SUMMARY ***
Total pot $0.05 | Rake $0 
Board [6s 2d Jc Jd]
Seat 1: Lorpugo (big blind) collected ($0.05)
Seat 2: Delbroek folded on the Turn
Seat 4: ollithetitan (button) folded before Flop (didn't bet)
Seat 5: SantiKB47 (small blind) folded before Flop



PokerStars Hand #239564648598:  Hold'em No Limit ($0.01/$0.02 USD) - 2022/10/31 11:51:02 ET
Table 'Osita III' 6-max Seat #5 is the button
Seat 1: Lorpugo ($1.50 in chips) 
Seat 2: Delbroek ($1.20 in chips) 
Seat 4: ollithetitan ($2.06 in chips) 
Seat 5: SantiKB47 ($1.74 in chips) 
Lorpugo: posts small blind $0.01
Delbroek: posts big blind $0.02
*** HOLE CARDS ***
Dealt to Lorpugo [5d Ac]
ollithetitan: folds 
SantiKB47: folds 
Lorpugo: raises $0.04 to $0.06
Delbroek: folds 
Uncalled bet ($0.04) returned to Lorpugo
Lorpugo collected $0.04 from pot
Lorpugo: doesn't show hand 
*** SUMMARY ***
Total pot $0.04 | Rake $0 
Seat 1: Lorpugo (small blind) collected ($0.04)
Seat 2: Delbroek (big blind) folded before Flop
Seat 4: ollithetitan folded before Flop (didn't bet)
Seat 5: SantiKB47 (button) folded before Flop (didn't bet)



PokerStars Hand #239564651543:  Hold'em No Limit ($0.01/$0.02 USD) - 2022/10/31 11:51:13 ET
Table 'Osita III' 6-max Seat #1 is the button
Seat 1: Lorpugo ($1.52 in chips) 
Seat 2: Delbroek ($1.18 in chips) 
Seat 4: ollithetitan ($2.06 in chips) 
Seat 5: SantiKB47 ($1.74 in chips) 
Delbroek: posts small blind $0.01
ollithetitan: posts big blind $0.02
*** HOLE CARDS ***
Dealt to Lorpugo [2d Jh]
SantiKB47: folds 
Lorpugo: folds 
Delbroek: calls $0.01
ollithetitan: raises $0.04 to $0.06
Delbroek: folds 
Uncalled bet ($0.04) returned to ollithetitan
ollithetitan collected $0.04 from pot
JoanyLiza leaves the table
ollithetitan: doesn't show hand 
*** SUMMARY ***
Total pot $0.04 | Rake $0 
Seat 1: Lorpugo (button) folded before Flop (didn't bet)
Seat 2: Delbroek (small blind) folded before Flop
Seat 4: ollithetitan (big blind) collected ($0.04)
Seat 5: SantiKB47 folded before Flop (didn't bet)



PokerStars Hand #239564655225:  Hold'em No Limit ($0.01/$0.02 USD) - 2022/10/31 11:51:26 ET
Table 'Osita III' 6-max Seat #2 is the button
Seat 1: Lorpugo ($1.52 in chips) 
Seat 2: Delbroek ($1.16 in chips) 
Seat 4: ollithetitan ($2.08 in chips) 
Seat 5: SantiKB47 ($1.74 in chips) 
ollithetitan: posts small blind $0.01
SantiKB47: posts big blind $0.02
*** HOLE CARDS ***
Dealt to Lorpugo [4d 4c]
Lorpugo: raises $0.04 to $0.06
Delbroek: calls $0.06
ollithetitan: folds 
SantiKB47: folds 
*** FLOP *** [9d 9c Jh]
Lorpugo: checks 
Delbroek: bets $0.06
Lorpugo: calls $0.06
*** TURN *** [9d 9c Jh] [5d]
Lorpugo: checks 
Delbroek: bets $0.08
Lorpugo: folds 
Uncalled bet ($0.08) returned to Delbroek
Delbroek collected $0.26 from pot
*** SUMMARY ***
Total pot $0.27 | Rake $0.01 
Board [9d 9c Jh 5d]
Seat 1: Lorpugo folded on the Turn
Seat 2: Delbroek (button) collected ($0.26)
Seat 4: ollithetitan (small blind) folded before Flop
Seat 5: SantiKB47 (big blind) folded before Flop



PokerStars Hand #239564664427:  Hold'em No Limit ($0.01/$0.02 USD) - 2022/10/31 11:52:00 ET
Table 'Osita III' 6-max Seat #4 is the button
Seat 1: Lorpugo ($1.40 in chips) 
Seat 2: Delbroek ($1.30 in chips) 
Seat 4: ollithetitan ($2.07 in chips) 
Seat 5: SantiKB47 ($1.72 in chips) 
SantiKB47: posts small blind $0.01
Lorpugo: posts big blind $0.02
*** HOLE CARDS ***
Dealt to Lorpugo [7s 7c]
Delbroek: folds 
bueninnN joins the table at seat #3 
ollithetitan: raises $0.04 to $0.06
SantiKB47: folds 
Lorpugo: calls $0.04
*** FLOP *** [3s 6c 5d]
Lorpugo: bets $0.09
ollithetitan: calls $0.09
*** TURN *** [3s 6c 5d] [2c]
Lorpugo: bets $0.20
ollithetitan: folds 
Uncalled bet ($0.20) returned to Lorpugo
Lorpugo collected $0.30 from pot
Lorpugo: doesn't show hand 
*** SUMMARY ***
Total pot $0.31 | Rake $0.01 
Board [3s 6c 5d 2c]
Seat 1: Lorpugo (big blind) collected ($0.30)
Seat 2: Delbroek folded before Flop (didn't bet)
Seat 4: ollithetitan (button) folded on the Turn
Seat 5: SantiKB47 (small blind) folded before Flop



PokerStars Hand #239564674392:  Hold'em No Limit ($0.01/$0.02 USD) - 2022/10/31 11:52:37 ET
Table 'Osita III' 6-max Seat #5 is the button
Seat 1: Lorpugo ($1.55 in chips) 
Seat 2: Delbroek ($1.30 in chips) 
Seat 4: ollithetitan ($2 in chips) 
Seat 5: SantiKB47 ($1.71 in chips) 
Lorpugo: posts small blind $0.01
Delbroek: posts big blind $0.02
bueninnN: sits out 
*** HOLE CARDS ***
Dealt to Lorpugo [2d Jd]
ollithetitan: folds 
SantiKB47: raises $0.03 to $0.05
Lorpugo: folds 
Delbroek: folds 
Uncalled bet ($0.03) returned to SantiKB47
SantiKB47 collected $0.05 from pot
SantiKB47: doesn't show hand 
*** SUMMARY ***
Total pot $0.05 | Rake $0 
Seat 1: Lorpugo (small blind) folded before Flop
Seat 2: Delbroek (big blind) folded before Flop
Seat 4: ollithetitan folded before Flop (didn't bet)
Seat 5: SantiKB47 (button) collected ($0.05)



PokerStars Hand #239564677486:  Hold'em No Limit ($0.01/$0.02 USD) - 2022/10/31 11:52:48 ET
Table 'Osita III' 6-max Seat #1 is the button
Seat 1: Lorpugo ($1.54 in chips) 
Seat 2: Delbroek ($1.28 in chips) 
Seat 3: bueninnN ($2 in chips) 
Seat 4: ollithetitan ($2 in chips) 
Seat 5: SantiKB47 ($1.74 in chips) 
Delbroek: posts small blind $0.01
bueninnN: posts big blind $0.02
*** HOLE CARDS ***
Dealt to Lorpugo [5c 8d]
ollithetitan: folds 
SantiKB47: raises $0.03 to $0.05
Lorpugo: folds 
Delbroek: folds 
bueninnN: calls $0.03
*** FLOP *** [Ah 5s 9c]
bueninnN: checks 
SantiKB47: bets $0.08
bueninnN: folds 
Uncalled bet ($0.08) returned to SantiKB47
SantiKB47 collected $0.11 from pot
SantiKB47: doesn't show hand 
*** SUMMARY ***
Total pot $0.11 | Rake $0 
Board [Ah 5s 9c]
Seat 1: Lorpugo (button) folded before Flop (didn't bet)
Seat 2: Delbroek (small blind) folded before Flop
Seat 3: bueninnN (big blind) folded on the Flop
Seat 4: ollithetitan folded before Flop (didn't bet)
Seat 5: SantiKB47 collected ($0.11)



PokerStars Hand #239564683382:  Hold'em No Limit ($0.01/$0.02 USD) - 2022/10/31 11:53:10 ET
Table 'Osita III' 6-max Seat #2 is the button
Seat 1: Lorpugo ($1.54 in chips) 
Seat 2: Delbroek ($1.27 in chips) 
Seat 3: bueninnN ($2 in chips) 
Seat 4: ollithetitan ($2 in chips) 
Seat 5: SantiKB47 ($1.80 in chips) 
bueninnN: posts small blind $0.01
ollithetitan: posts big blind $0.02
*** HOLE CARDS ***
Dealt to Lorpugo [3d 2h]
SantiKB47: folds 
Lorpugo: folds 
Delbroek: folds 
bueninnN: raises $0.05 to $0.07
ollithetitan: folds 
Uncalled bet ($0.05) returned to bueninnN
bueninnN collected $0.04 from pot
bueninnN: doesn't show hand 
*** SUMMARY ***
Total pot $0.04 | Rake $0 
Seat 1: Lorpugo folded before Flop (didn't bet)
Seat 2: Delbroek (button) folded before Flop (didn't bet)
Seat 3: bueninnN (small blind) collected ($0.04)
Seat 4: ollithetitan (big blind) folded before Flop
Seat 5: SantiKB47 folded before Flop (didn't bet)



PokerStars Hand #239564692682:  Hold'em No Limit ($0.01/$0.02 USD) - 2022/10/31 11:53:44 ET
Table 'Osita III' 6-max Seat #3 is the button
Seat 1: Lorpugo ($1.54 in chips) 
Seat 3: bueninnN ($2.02 in chips) 
Seat 4: ollithetitan ($2 in chips) 
Seat 5: SantiKB47 ($1.80 in chips) 
ollithetitan: posts small blind $0.01
SantiKB47: posts big blind $0.02
*** HOLE CARDS ***
Dealt to Lorpugo [Jc 6h]
Lorpugo: folds 
Delbroek leaves the table
bueninnN: raises $0.03 to $0.05
ollithetitan: folds 
SantiKB47: calls $0.03
*** FLOP *** [5c 4c 9s]
SantiKB47: checks 
bueninnN: bets $0.08
SantiKB47: calls $0.08
*** TURN *** [5c 4c 9s] [2c]
SantiKB47: checks 
bueninnN: bets $0.20
SantiKB47: folds 
Uncalled bet ($0.20) returned to bueninnN
bueninnN collected $0.26 from pot
bueninnN: doesn't show hand 
*** SUMMARY ***
Total pot $0.27 | Rake $0.01 
Board [5c 4c 9s 2c]
Seat 1: Lorpugo folded before Flop (didn't bet)
Seat 3: bueninnN (button) collected ($0.26)
Seat 4: ollithetitan (small blind) folded before Flop
Seat 5: SantiKB47 (big blind) folded on the Turn



PokerStars Hand #239564703590:  Hold'em No Limit ($0.01/$0.02 USD) - 2022/10/31 11:54:24 ET
Table 'Osita III' 6-max Seat #4 is the button
Seat 1: Lorpugo ($1.54 in chips) 
Seat 3: bueninnN ($2.15 in chips) 
Seat 4: ollithetitan ($2 in chips) 
Seat 5: SantiKB47 ($1.67 in chips) 
Seat 6: Skljar ($2.25 in chips) 
SantiKB47: posts small blind $0.01
Skljar: posts big blind $0.02
*** HOLE CARDS ***
Dealt to Lorpugo [Js 8s]
Lorpugo: raises $0.02 to $0.04
bueninnN: folds 
ollithetitan has timed out
ollithetitan: folds 
SantiKB47: folds 
Skljar: calls $0.02
*** FLOP *** [Td 7h 9h]
Skljar: checks 
Lorpugo: bets $0.05
Skljar: calls $0.05
*** TURN *** [Td 7h 9h] [Kc]
Skljar: bets $0.18
Lorpugo: raises $0.36 to $0.54
Skljar: calls $0.36
*** RIVER *** [Td 7h 9h Kc] [6d]
Skljar: checks 
Lorpugo: bets $0.91 and is all-in
Skljar: calls $0.91
*** SHOW DOWN ***
Lorpugo: shows [Js 8s] (a straight, Seven to Jack)
Skljar: shows [Ah Kd] (a pair of Kings)
Lorpugo collected $2.98 from pot
*** SUMMARY ***
Total pot $3.09 | Rake $0.11 
Board [Td 7h 9h Kc 6d]
Seat 1: Lorpugo showed [Js 8s] and won ($2.98) with a straight, Seven to Jack
Seat 3: bueninnN folded before Flop (didn't bet)
Seat 4: ollithetitan (button) folded before Flop (didn't bet)
Seat 5: SantiKB47 (small blind) folded before Flop
Seat 6: Skljar (big blind) showed [Ah Kd] and lost with a pair of Kings



PokerStars Hand #239564721278:  Hold'em No Limit ($0.01/$0.02 USD) - 2022/10/31 11:55:35 ET
Table 'Osita III' 6-max Seat #5 is the button
Seat 1: Lorpugo ($2.98 in chips) 
Seat 3: bueninnN ($2.15 in chips) 
Seat 4: ollithetitan ($2 in chips) 
Seat 5: SantiKB47 ($1.66 in chips) 
Seat 6: Skljar ($2 in chips) 
Skljar: posts small blind $0.01
Lorpugo: posts big blind $0.02
*** HOLE CARDS ***
Dealt to Lorpugo [Th 8c]
bueninnN: raises $0.04 to $0.06
ollithetitan: folds 
SantiKB47: folds 
Skljar: folds 
Lorpugo: calls $0.04
*** FLOP *** [Td Jc 2c]
Lorpugo: checks 
bueninnN: bets $0.06
Lorpugo: calls $0.06
*** TURN *** [Td Jc 2c] [Js]
Lorpugo: bets $0.08
bueninnN: calls $0.08
*** RIVER *** [Td Jc 2c Js] [2d]
Lorpugo: bets $0.13
bueninnN: folds 
Uncalled bet ($0.13) returned to Lorpugo
Lorpugo collected $0.40 from pot
Lorpugo: doesn't show hand 
*** SUMMARY ***
Total pot $0.41 | Rake $0.01 
Board [Td Jc 2c Js 2d]
Seat 1: Lorpugo (big blind) collected ($0.40)
Seat 3: bueninnN folded on the River
Seat 4: ollithetitan folded before Flop (didn't bet)
Seat 5: SantiKB47 (button) folded before Flop (didn't bet)
Seat 6: Skljar (small blind) folded before Flop



PokerStars Hand #239564734589:  Hold'em No Limit ($0.01/$0.02 USD) - 2022/10/31 11:56:36 ET
Table 'Osita III' 6-max Seat #6 is the button
Seat 1: Lorpugo ($3.18 in chips) 
Seat 3: bueninnN ($2 in chips) 
Seat 4: ollithetitan ($2 in chips) 
Seat 5: SantiKB47 ($1.66 in chips) 
Seat 6: Skljar ($2 in chips) 
Lorpugo: posts small blind $0.01
bueninnN: posts big blind $0.02
*** HOLE CARDS ***
Dealt to Lorpugo [5d 4c]
ollithetitan has timed out
ollithetitan: folds 
SantiKB47: folds 
NeutrinoAl joins the table at seat #2 
Skljar: folds 
Lorpugo: folds 
Uncalled bet ($0.01) returned to bueninnN
bueninnN collected $0.02 from pot
bueninnN: doesn't show hand 
*** SUMMARY ***
Total pot $0.02 | Rake $0 
Seat 1: Lorpugo (small blind) folded before Flop
Seat 3: bueninnN (big blind) collected ($0.02)
Seat 4: ollithetitan folded before Flop (didn't bet)
Seat 5: SantiKB47 folded before Flop (didn't bet)
Seat 6: Skljar (button) folded before Flop (didn't bet)



PokerStars Hand #239564741883:  Hold'em No Limit ($0.01/$0.02 USD) - 2022/10/31 11:57:10 ET
Table 'Osita III' 6-max Seat #1 is the button
Seat 1: Lorpugo ($3.17 in chips) 
Seat 3: bueninnN ($2.01 in chips) 
Seat 4: ollithetitan ($2 in chips) 
Seat 5: SantiKB47 ($1.66 in chips) 
Seat 6: Skljar ($2 in chips) 
bueninnN: posts small blind $0.01
ollithetitan: posts big blind $0.02
*** HOLE CARDS ***
Dealt to Lorpugo [8s 6h]
SantiKB47: folds 
Skljar: folds 
Lorpugo: folds 
bueninnN: raises $0.05 to $0.07
ollithetitan: calls $0.05
*** FLOP *** [3d Qs 2s]
bueninnN: bets $0.06
ollithetitan: raises $0.08 to $0.14
bueninnN: calls $0.08
*** TURN *** [3d Qs 2s] [7h]
bueninnN: checks 
ollithetitan: checks 
*** RIVER *** [3d Qs 2s 7h] [3h]
bueninnN: checks 
ollithetitan: bets $0.30
bueninnN: calls $0.30
*** SHOW DOWN ***
ollithetitan: shows [Qh 9h] (two pair, Queens and Threes)
bueninnN: shows [Qd Jc] (two pair, Queens and Threes - Jack kicker)
bueninnN collected $0.98 from pot
*** SUMMARY ***
Total pot $1.02 | Rake $0.04 
Board [3d Qs 2s 7h 3h]
Seat 1: Lorpugo (button) folded before Flop (didn't bet)
Seat 3: bueninnN (small blind) showed [Qd Jc] and won ($0.98) with two pair, Queens and Threes
Seat 4: ollithetitan (big blind) showed [Qh 9h] and lost with two pair, Queens and Threes
Seat 5: SantiKB47 folded before Flop (didn't bet)
Seat 6: Skljar folded before Flop (didn't bet)



PokerStars Hand #239564751186:  Hold'em No Limit ($0.01/$0.02 USD) - 2022/10/31 11:57:52 ET
Table 'Osita III' 6-max Seat #3 is the button
Seat 1: Lorpugo ($3.17 in chips) 
Seat 3: bueninnN ($2.48 in chips) 
Seat 4: ollithetitan ($2 in chips) 
Seat 5: SantiKB47 ($1.66 in chips) 
Seat 6: Skljar ($2 in chips) 
ollithetitan: posts small blind $0.01
SantiKB47: posts big blind $0.02
NeutrinoAl: sits out 
*** HOLE CARDS ***
Dealt to Lorpugo [Ah Qh]
Skljar: folds 
Lorpugo: raises $0.04 to $0.06
bueninnN: calls $0.06
ollithetitan: folds 
SantiKB47: folds 
*** FLOP *** [5c As Qd]
Lorpugo: bets $0.05
bueninnN: calls $0.05
*** TURN *** [5c As Qd] [Td]
Lorpugo: bets $0.18
bueninnN: folds 
Uncalled bet ($0.18) returned to Lorpugo
Lorpugo collected $0.24 from pot
Lorpugo: doesn't show hand 
*** SUMMARY ***
Total pot $0.25 | Rake $0.01 
Board [5c As Qd Td]
Seat 1: Lorpugo collected ($0.24)
Seat 3: bueninnN (button) folded on the Turn
Seat 4: ollithetitan (small blind) folded before Flop
Seat 5: SantiKB47 (big blind) folded before Flop
Seat 6: Skljar folded before Flop (didn't bet)



PokerStars Hand #239564758636:  Hold'em No Limit ($0.01/$0.02 USD) - 2022/10/31 11:58:26 ET
Table 'Osita III' 6-max Seat #4 is the button
Seat 1: Lorpugo ($3.30 in chips) 
Seat 3: bueninnN ($2.37 in chips) 
Seat 4: ollithetitan ($2 in chips) 
Seat 6: Skljar ($2 in chips) 
Skljar: posts small blind $0.01
Lorpugo: posts big blind $0.02
NeutrinoAl: sits out 
*** HOLE CARDS ***
Dealt to Lorpugo [5h 5s]
bueninnN: folds 
ollithetitan: raises $0.04 to $0.06
Skljar: raises $0.17 to $0.23
Lorpugo: folds 
ollithetitan: calls $0.17
*** FLOP *** [Js 2s 7c]
Skljar: bets $0.46
ollithetitan: folds 
Uncalled bet ($0.46) returned to Skljar
Skljar collected $0.46 from pot
Skljar: doesn't show hand 
*** SUMMARY ***
Total pot $0.48 | Rake $0.02 
Board [Js 2s 7c]
Seat 1: Lorpugo (big blind) folded before Flop
Seat 3: bueninnN folded before Flop (didn't bet)
Seat 4: ollithetitan (button) folded on the Flop
Seat 6: Skljar (small blind) collected ($0.46)



PokerStars Hand #239564763930:  Hold'em No Limit ($0.01/$0.02 USD) - 2022/10/31 11:58:50 ET
Table 'Osita III' 6-max Seat #6 is the button
Seat 1: Lorpugo ($3.28 in chips) 
Seat 2: NeutrinoAl ($2 in chips) 
Seat 3: bueninnN ($2.37 in chips) 
Seat 4: ollithetitan ($2 in chips) 
Seat 6: Skljar ($2.23 in chips) 
Lorpugo: posts small blind $0.01
NeutrinoAl: posts big blind $0.02
*** HOLE CARDS ***
Dealt to Lorpugo [5c 6c]
bueninnN: folds 
ollithetitan: folds 
Skljar: raises $0.03 to $0.05
Lorpugo: calls $0.04
NeutrinoAl: folds 
*** FLOP *** [9s Kc Qh]
Lorpugo: checks 
Skljar: checks 
*** TURN *** [9s Kc Qh] [2c]
Lorpugo: bets $0.08
Skljar: folds 
Uncalled bet ($0.08) returned to Lorpugo
Lorpugo collected $0.12 from pot
Lorpugo: doesn't show hand 
*** SUMMARY ***
Total pot $0.12 | Rake $0 
Board [9s Kc Qh 2c]
Seat 1: Lorpugo (small blind) collected ($0.12)
Seat 2: NeutrinoAl (big blind) folded before Flop
Seat 3: bueninnN folded before Flop (didn't bet)
Seat 4: ollithetitan folded before Flop (didn't bet)
Seat 6: Skljar (button) folded on the Turn



PokerStars Hand #239564771617:  Hold'em No Limit ($0.01/$0.02 USD) - 2022/10/31 11:59:26 ET
Table 'Osita III' 6-max Seat #1 is the button
Seat 1: Lorpugo ($3.35 in chips) 
Seat 2: NeutrinoAl ($1.98 in chips) 
Seat 3: bueninnN ($2.37 in chips) 
Seat 4: ollithetitan ($2 in chips) 
Seat 6: Skljar ($2.18 in chips) 
NeutrinoAl: posts small blind $0.01
bueninnN: posts big blind $0.02
*** HOLE CARDS ***
Dealt to Lorpugo [Td 6d]
ollithetitan: folds 
Skljar: folds 
Lorpugo: folds 
NeutrinoAl: calls $0.01
bueninnN: checks 
*** FLOP *** [5d Ks 2c]
NeutrinoAl: checks 
bueninnN: checks 
*** TURN *** [5d Ks 2c] [Jh]
NeutrinoAl: bets $0.04
bueninnN: folds 
Uncalled bet ($0.04) returned to NeutrinoAl
NeutrinoAl collected $0.04 from pot
NeutrinoAl: doesn't show hand 
*** SUMMARY ***
Total pot $0.04 | Rake $0 
Board [5d Ks 2c Jh]
Seat 1: Lorpugo (button) folded before Flop (didn't bet)
Seat 2: NeutrinoAl (small blind) collected ($0.04)
Seat 3: bueninnN (big blind) folded on the Turn
Seat 4: ollithetitan folded before Flop (didn't bet)
Seat 6: Skljar folded before Flop (didn't bet)



PokerStars Hand #239564776949:  Hold'em No Limit ($0.01/$0.02 USD) - 2022/10/31 11:59:50 ET
Table 'Osita III' 6-max Seat #2 is the button
Seat 1: Lorpugo ($3.35 in chips) 
Seat 2: NeutrinoAl ($2 in chips) 
Seat 3: bueninnN ($2.35 in chips) 
Seat 4: ollithetitan ($2 in chips) 
Seat 6: Skljar ($2.18 in chips) 
bueninnN: posts small blind $0.01
ollithetitan: posts big blind $0.02
*** HOLE CARDS ***
Dealt to Lorpugo [Th Jd]
Skljar: folds 
Lorpugo: raises $0.04 to $0.06
NeutrinoAl: folds 
bueninnN: folds 
ollithetitan: folds 
Uncalled bet ($0.04) returned to Lorpugo
Lorpugo collected $0.05 from pot
Lorpugo: doesn't show hand 
*** SUMMARY ***
Total pot $0.05 | Rake $0 
Seat 1: Lorpugo collected ($0.05)
Seat 2: NeutrinoAl (button) folded before Flop (didn't bet)
Seat 3: bueninnN (small blind) folded before Flop
Seat 4: ollithetitan (big blind) folded before Flop
Seat 6: Skljar folded before Flop (didn't bet)



PokerStars Hand #239564780163:  Hold'em No Limit ($0.01/$0.02 USD) - 2022/10/31 12:00:04 ET
Table 'Osita III' 6-max Seat #3 is the button
Seat 1: Lorpugo ($3.38 in chips) 
Seat 2: NeutrinoAl ($2 in chips) 
Seat 3: bueninnN ($2.34 in chips) 
Seat 4: ollithetitan ($2 in chips) 
Seat 6: Skljar ($2.18 in chips) 
ollithetitan: posts small blind $0.01
Skljar: posts big blind $0.02
*** HOLE CARDS ***
Dealt to Lorpugo [3s 4d]
Lorpugo: folds 
NeutrinoAl: folds 
bueninnN: folds 
ollithetitan: raises $0.04 to $0.06
Skljar: calls $0.04
*** FLOP *** [7h Ac 3d]
ollithetitan: bets $0.08
Skljar: raises $0.16 to $0.24
ollithetitan: folds 
Uncalled bet ($0.16) returned to Skljar
Skljar collected $0.27 from pot
Skljar: doesn't show hand 
*** SUMMARY ***
Total pot $0.28 | Rake $0.01 
Board [7h Ac 3d]
Seat 1: Lorpugo folded before Flop (didn't bet)
Seat 2: NeutrinoAl folded before Flop (didn't bet)
Seat 3: bueninnN (button) folded before Flop (didn't bet)
Seat 4: ollithetitan (small blind) folded on the Flop
Seat 6: Skljar (big blind) collected ($0.27)



PokerStars Hand #239564788724:  Hold'em No Limit ($0.01/$0.02 USD) - 2022/10/31 12:00:42 ET
Table 'Osita III' 6-max Seat #4 is the button
Seat 1: Lorpugo ($3.38 in chips) 
Seat 2: NeutrinoAl ($2 in chips) 
Seat 3: bueninnN ($2.34 in chips) 
Seat 4: ollithetitan ($2 in chips) 
Seat 6: Skljar ($2.31 in chips) 
Skljar: posts small blind $0.01
Lorpugo: posts big blind $0.02
*** HOLE CARDS ***
Dealt to Lorpugo [9d 2c]
NeutrinoAl: folds 
bueninnN: folds 
ollithetitan: folds 
Skljar: raises $0.03 to $0.05
Lorpugo: folds 
Uncalled bet ($0.03) returned to Skljar
Skljar collected $0.04 from pot
Skljar: doesn't show hand 
*** SUMMARY ***
Total pot $0.04 | Rake $0 
Seat 1: Lorpugo (big blind) folded before Flop
Seat 2: NeutrinoAl folded before Flop (didn't bet)
Seat 3: bueninnN folded before Flop (didn't bet)
Seat 4: ollithetitan (button) folded before Flop (didn't bet)
Seat 6: Skljar (small blind) collected ($0.04)



PokerStars Hand #239564793175:  Hold'em No Limit ($0.01/$0.02 USD) - 2022/10/31 12:01:00 ET
Table 'Osita III' 6-max Seat #6 is the button
Seat 1: Lorpugo ($3.36 in chips) 
Seat 2: NeutrinoAl ($2 in chips) 
Seat 3: bueninnN ($2.34 in chips) 
Seat 4: ollithetitan ($2 in chips) 
Seat 6: Skljar ($2.33 in chips) 
Lorpugo: posts small blind $0.01
NeutrinoAl: posts big blind $0.02
*** HOLE CARDS ***
Dealt to Lorpugo [5c 3d]
bueninnN: folds 
ollithetitan: raises $0.04 to $0.06
Skljar: folds 
Lorpugo: folds 
NeutrinoAl: calls $0.04
*** FLOP *** [7s 9s 5h]
NeutrinoAl: checks 
ollithetitan: bets $0.09
NeutrinoAl: calls $0.09
*** TURN *** [7s 9s 5h] [8d]
NeutrinoAl: checks 
ollithetitan: bets $0.20
NeutrinoAl: folds 
Uncalled bet ($0.20) returned to ollithetitan
ollithetitan collected $0.30 from pot
ollithetitan: doesn't show hand 
*** SUMMARY ***
Total pot $0.31 | Rake $0.01 
Board [7s 9s 5h 8d]
Seat 1: Lorpugo (small blind) folded before Flop
Seat 2: NeutrinoAl (big blind) folded on the Turn
Seat 3: bueninnN folded before Flop (didn't bet)
Seat 4: ollithetitan collected ($0.30)
Seat 6: Skljar (button) folded before Flop (didn't bet)



PokerStars Hand #239564808618:  Hold'em No Limit ($0.01/$0.02 USD) - 2022/10/31 12:02:00 ET
Table 'Osita III' 6-max Seat #1 is the button
Seat 1: Lorpugo ($3.35 in chips) 
Seat 2: NeutrinoAl ($1.85 in chips) 
Seat 3: bueninnN ($2.34 in chips) 
Seat 4: ollithetitan ($2.15 in chips) 
Seat 6: Skljar ($2.33 in chips) 
NeutrinoAl: posts small blind $0.01
bueninnN: posts big blind $0.02
SantiKB47: sits out 
*** HOLE CARDS ***
Dealt to Lorpugo [9c Ks]
ollithetitan: folds 
Skljar: raises $0.03 to $0.05
Lorpugo: folds 
NeutrinoAl: folds 
bueninnN: folds 
Uncalled bet ($0.03) returned to Skljar
Skljar collected $0.05 from pot
Skljar: doesn't show hand 
*** SUMMARY ***
Total pot $0.05 | Rake $0 
Seat 1: Lorpugo (button) folded before Flop (didn't bet)
Seat 2: NeutrinoAl (small blind) folded before Flop
Seat 3: bueninnN (big blind) folded before Flop
Seat 4: ollithetitan folded before Flop (didn't bet)
Seat 6: Skljar collected ($0.05)



PokerStars Hand #239564813866:  Hold'em No Limit ($0.01/$0.02 USD) - 2022/10/31 12:02:19 ET
Table 'Osita III' 6-max Seat #2 is the button
Seat 1: Lorpugo ($3.35 in chips) 
Seat 2: NeutrinoAl ($1.84 in chips) 
Seat 3: bueninnN ($2.32 in chips) 
Seat 4: ollithetitan ($2.15 in chips) 
Seat 6: Skljar ($2.36 in chips) 
bueninnN: posts small blind $0.01
ollithetitan: posts big blind $0.02
SantiKB47: sits out 
*** HOLE CARDS ***
Dealt to Lorpugo [Kc 8c]
Skljar: folds 
Lorpugo: raises $0.04 to $0.06
NeutrinoAl: calls $0.06
bueninnN: folds 
ollithetitan: calls $0.04
*** FLOP *** [8h Kd 7c]
ollithetitan: checks 
Lorpugo: bets $0.06
NeutrinoAl: folds 
ollithetitan: calls $0.06
*** TURN *** [8h Kd 7c] [3s]
ollithetitan: checks 
Lorpugo: bets $0.20
ollithetitan: folds 
Uncalled bet ($0.20) returned to Lorpugo
Lorpugo collected $0.30 from pot
Lorpugo: doesn't show hand 
*** SUMMARY ***
Total pot $0.31 | Rake $0.01 
Board [8h Kd 7c 3s]
Seat 1: Lorpugo collected ($0.30)
Seat 2: NeutrinoAl (button) folded on the Flop
Seat 3: bueninnN (small blind) folded before Flop
Seat 4: ollithetitan (big blind) folded on the Turn
Seat 6: Skljar folded before Flop (didn't bet)



PokerStars Hand #239564827730:  Hold'em No Limit ($0.01/$0.02 USD) - 2022/10/31 12:03:10 ET
Table 'Osita III' 6-max Seat #3 is the button
Seat 1: Lorpugo ($3.53 in chips) 
Seat 2: NeutrinoAl ($1.78 in chips) 
Seat 3: bueninnN ($2.31 in chips) 
Seat 4: ollithetitan ($2.03 in chips) 
Seat 5: SantiKB47 ($1.64 in chips) 
Seat 6: Skljar ($2.36 in chips) 
ollithetitan: posts small blind $0.01
SantiKB47: posts big blind $0.02
*** HOLE CARDS ***
Dealt to Lorpugo [Td 8h]
Skljar: calls $0.02
Lorpugo: folds 
NeutrinoAl: calls $0.02
bueninnN: folds 
ollithetitan: raises $0.10 to $0.12
SantiKB47: folds 
Skljar: folds 
NeutrinoAl: folds 
Uncalled bet ($0.10) returned to ollithetitan
ollithetitan collected $0.08 from pot
ollithetitan: doesn't show hand 
*** SUMMARY ***
Total pot $0.08 | Rake $0 
Seat 1: Lorpugo folded before Flop (didn't bet)
Seat 2: NeutrinoAl folded before Flop
Seat 3: bueninnN (button) folded before Flop (didn't bet)
Seat 4: ollithetitan (small blind) collected ($0.08)
Seat 5: SantiKB47 (big blind) folded before Flop
Seat 6: Skljar folded before Flop



PokerStars Hand #239564834869:  Hold'em No Limit ($0.01/$0.02 USD) - 2022/10/31 12:03:36 ET
Table 'Osita III' 6-max Seat #4 is the button
Seat 1: Lorpugo ($3.53 in chips) 
Seat 2: NeutrinoAl ($1.76 in chips) 
Seat 3: bueninnN ($2.31 in chips) 
Seat 4: ollithetitan ($2.09 in chips) 
Seat 5: SantiKB47 ($1.62 in chips) 
Seat 6: Skljar ($2.34 in chips) 
SantiKB47: posts small blind $0.01
Skljar: posts big blind $0.02
*** HOLE CARDS ***
Dealt to Lorpugo [8d Jd]
Lorpugo: folds 
NeutrinoAl: raises $0.02 to $0.04
bueninnN: raises $0.08 to $0.12
ollithetitan: folds 
SantiKB47: folds 
Skljar: folds 
NeutrinoAl: calls $0.08
*** FLOP *** [Kh 2s Kd]
NeutrinoAl: checks 
bueninnN: bets $0.12
NeutrinoAl: folds 
Uncalled bet ($0.12) returned to bueninnN
bueninnN collected $0.26 from pot
bueninnN: doesn't show hand 
*** SUMMARY ***
Total pot $0.27 | Rake $0.01 
Board [Kh 2s Kd]
Seat 1: Lorpugo folded before Flop (didn't bet)
Seat 2: NeutrinoAl folded on the Flop
Seat 3: bueninnN collected ($0.26)
Seat 4: ollithetitan (button) folded before Flop (didn't bet)
Seat 5: SantiKB47 (small blind) folded before Flop
Seat 6: Skljar (big blind) folded before Flop



PokerStars Hand #239564846118:  Hold'em No Limit ($0.01/$0.02 USD) - 2022/10/31 12:04:17 ET
Table 'Osita III' 6-max Seat #5 is the button
Seat 1: Lorpugo ($3.53 in chips) 
Seat 2: NeutrinoAl ($1.64 in chips) 
Seat 3: bueninnN ($2.45 in chips) 
Seat 4: ollithetitan ($2.09 in chips) 
Seat 5: SantiKB47 ($1.61 in chips) 
Seat 6: Skljar ($2.32 in chips) 
Skljar: posts small blind $0.01
Lorpugo: posts big blind $0.02
*** HOLE CARDS ***
Dealt to Lorpugo [7d Jc]
NeutrinoAl: calls $0.02
bueninnN: folds 
ollithetitan: folds 
SantiKB47: folds 
Skljar: folds 
Lorpugo: checks 
*** FLOP *** [Kc Tc 2c]
Lorpugo: checks 
NeutrinoAl: bets $0.05
Lorpugo: calls $0.05
*** TURN *** [Kc Tc 2c] [7h]
Lorpugo: checks 
NeutrinoAl: checks 
*** RIVER *** [Kc Tc 2c 7h] [6s]
Lorpugo: checks 
NeutrinoAl: checks 
*** SHOW DOWN ***
Lorpugo: shows [7d Jc] (a pair of Sevens)
NeutrinoAl: mucks hand 
Lorpugo collected $0.14 from pot
*** SUMMARY ***
Total pot $0.15 | Rake $0.01 
Board [Kc Tc 2c 7h 6s]
Seat 1: Lorpugo (big blind) showed [7d Jc] and won ($0.14) with a pair of Sevens
Seat 2: NeutrinoAl mucked [Ac Jd]
Seat 3: bueninnN folded before Flop (didn't bet)
Seat 4: ollithetitan folded before Flop (didn't bet)
Seat 5: SantiKB47 (button) folded before Flop (didn't bet)
Seat 6: Skljar (small blind) folded before Flop



PokerStars Hand #239564862635:  Hold'em No Limit ($0.01/$0.02 USD) - 2022/10/31 12:05:17 ET
Table 'Osita III' 6-max Seat #6 is the button
Seat 1: Lorpugo ($3.60 in chips) 
Seat 2: NeutrinoAl ($1.57 in chips) 
Seat 3: bueninnN ($2.45 in chips) 
Seat 4: ollithetitan ($2.09 in chips) 
Seat 5: SantiKB47 ($1.61 in chips) 
Seat 6: Skljar ($2.31 in chips) 
Lorpugo: posts small blind $0.01
NeutrinoAl: posts big blind $0.02
*** HOLE CARDS ***
Dealt to Lorpugo [Ah Js]
bueninnN: folds 
ollithetitan: folds 
SantiKB47: folds 
Skljar: folds 
Lorpugo: raises $0.04 to $0.06
NeutrinoAl: calls $0.04
*** FLOP *** [5c Th Ks]
Lorpugo: checks 
NeutrinoAl: checks 
*** TURN *** [5c Th Ks] [2s]
Lorpugo: checks 
NeutrinoAl: bets $0.12
Lorpugo: folds 
Uncalled bet ($0.12) returned to NeutrinoAl
NeutrinoAl collected $0.12 from pot
NeutrinoAl: doesn't show hand 
*** SUMMARY ***
Total pot $0.12 | Rake $0 
Board [5c Th Ks 2s]
Seat 1: Lorpugo (small blind) folded on the Turn
Seat 2: NeutrinoAl (big blind) collected ($0.12)
Seat 3: bueninnN folded before Flop (didn't bet)
Seat 4: ollithetitan folded before Flop (didn't bet)
Seat 5: SantiKB47 folded before Flop (didn't bet)
Seat 6: Skljar (button) folded before Flop (didn't bet)



PokerStars Hand #239564872170:  Hold'em No Limit ($0.01/$0.02 USD) - 2022/10/31 12:05:53 ET
Table 'Osita III' 6-max Seat #1 is the button
Seat 1: Lorpugo ($3.54 in chips) 
Seat 2: NeutrinoAl ($1.63 in chips) 
Seat 3: bueninnN ($2.45 in chips) 
Seat 4: ollithetitan ($2.09 in chips) 
Seat 5: SantiKB47 ($1.61 in chips) 
Seat 6: Skljar ($2.31 in chips) 
NeutrinoAl: posts small blind $0.01
bueninnN: posts big blind $0.02
*** HOLE CARDS ***
Dealt to Lorpugo [8d Ah]
ollithetitan: folds 
SantiKB47: folds 
Skljar: calls $0.02
Lorpugo: calls $0.02
NeutrinoAl: calls $0.01
bueninnN: checks 
*** FLOP *** [8s 7s 3d]
NeutrinoAl: checks 
bueninnN: checks 
Skljar: checks 
Lorpugo: bets $0.05
NeutrinoAl: calls $0.05
bueninnN: calls $0.05
Skljar: folds 
*** TURN *** [8s 7s 3d] [8c]
NeutrinoAl: checks 
bueninnN: checks 
Lorpugo: bets $0.28
NeutrinoAl: folds 
bueninnN: folds 
Uncalled bet ($0.28) returned to Lorpugo
Lorpugo collected $0.22 from pot
Lorpugo: doesn't show hand 
*** SUMMARY ***
Total pot $0.23 | Rake $0.01 
Board [8s 7s 3d 8c]
Seat 1: Lorpugo (button) collected ($0.22)
Seat 2: NeutrinoAl (small blind) folded on the Turn
Seat 3: bueninnN (big blind) folded on the Turn
Seat 4: ollithetitan folded before Flop (didn't bet)
Seat 5: SantiKB47 folded before Flop (didn't bet)
Seat 6: Skljar folded on the Flop



PokerStars Hand #239564886875:  Hold'em No Limit ($0.01/$0.02 USD) - 2022/10/31 12:06:47 ET
Table 'Osita III' 6-max Seat #2 is the button
Seat 1: Lorpugo ($3.69 in chips) 
Seat 2: NeutrinoAl ($1.56 in chips) 
Seat 3: bueninnN ($2.38 in chips) 
Seat 4: ollithetitan ($2.09 in chips) 
Seat 5: SantiKB47 ($1.61 in chips) 
Seat 6: Skljar ($2.29 in chips) 
bueninnN: posts small blind $0.01
ollithetitan: posts big blind $0.02
*** HOLE CARDS ***
Dealt to Lorpugo [9d Ac]
SantiKB47: folds 
Skljar: raises $0.04 to $0.06
Lorpugo: folds 
NeutrinoAl: folds 
bueninnN: folds 
ollithetitan: folds 
Uncalled bet ($0.04) returned to Skljar
Skljar collected $0.05 from pot
Skljar: doesn't show hand 
*** SUMMARY ***
Total pot $0.05 | Rake $0 
Seat 1: Lorpugo folded before Flop (didn't bet)
Seat 2: NeutrinoAl (button) folded before Flop (didn't bet)
Seat 3: bueninnN (small blind) folded before Flop
Seat 4: ollithetitan (big blind) folded before Flop
Seat 5: SantiKB47 folded before Flop (didn't bet)
Seat 6: Skljar collected ($0.05)



PokerStars Hand #239564892135:  Hold'em No Limit ($0.01/$0.02 USD) - 2022/10/31 12:07:06 ET
Table 'Osita III' 6-max Seat #3 is the button
Seat 1: Lorpugo ($3.69 in chips) 
Seat 2: NeutrinoAl ($1.56 in chips) 
Seat 3: bueninnN ($2.37 in chips) 
Seat 4: ollithetitan ($2.07 in chips) 
Seat 5: SantiKB47 ($1.61 in chips) 
Seat 6: Skljar ($2.32 in chips) 
ollithetitan: posts small blind $0.01
SantiKB47: posts big blind $0.02
*** HOLE CARDS ***
Dealt to Lorpugo [8s 2s]
Skljar: folds 
Lorpugo: folds 
NeutrinoAl: calls $0.02
bueninnN: folds 
ollithetitan: calls $0.01
SantiKB47: checks 
*** FLOP *** [7h 7s Th]
ollithetitan: checks 
SantiKB47: checks 
NeutrinoAl: checks 
*** TURN *** [7h 7s Th] [3s]
ollithetitan: bets $0.04
SantiKB47: folds 
NeutrinoAl: calls $0.04
*** RIVER *** [7h 7s Th 3s] [Tc]
ollithetitan: checks 
NeutrinoAl: bets $0.14
ollithetitan: folds 
Uncalled bet ($0.14) returned to NeutrinoAl
NeutrinoAl collected $0.14 from pot
NeutrinoAl: doesn't show hand 
*** SUMMARY ***
Total pot $0.14 | Rake $0 
Board [7h 7s Th 3s Tc]
Seat 1: Lorpugo folded before Flop (didn't bet)
Seat 2: NeutrinoAl collected ($0.14)
Seat 3: bueninnN (button) folded before Flop (didn't bet)
Seat 4: ollithetitan (small blind) folded on the River
Seat 5: SantiKB47 (big blind) folded on the Turn
Seat 6: Skljar folded before Flop (didn't bet)



PokerStars Hand #239564903262:  Hold'em No Limit ($0.01/$0.02 USD) - 2022/10/31 12:07:46 ET
Table 'Osita III' 6-max Seat #4 is the button
Seat 1: Lorpugo ($3.69 in chips) 
Seat 2: NeutrinoAl ($1.64 in chips) 
Seat 3: bueninnN ($2.37 in chips) 
Seat 4: ollithetitan ($2.01 in chips) 
Seat 5: SantiKB47 ($1.59 in chips) 
Seat 6: Skljar ($2.32 in chips) 
SantiKB47: posts small blind $0.01
Skljar: posts big blind $0.02
*** HOLE CARDS ***
Dealt to Lorpugo [Js Jd]
Lorpugo: raises $0.04 to $0.06
NeutrinoAl: folds 
bueninnN: calls $0.06
ollithetitan: folds 
SantiKB47: folds 
Skljar: folds 
*** FLOP *** [Th 3s Ts]
Lorpugo: checks 
bueninnN: checks 
*** TURN *** [Th 3s Ts] [Kc]
Lorpugo: checks 
bueninnN: checks 
*** RIVER *** [Th 3s Ts Kc] [Qc]
Lorpugo: checks 
bueninnN: checks 
*** SHOW DOWN ***
Lorpugo: shows [Js Jd] (two pair, Jacks and Tens)
bueninnN: mucks hand 
Lorpugo collected $0.14 from pot
*** SUMMARY ***
Total pot $0.15 | Rake $0.01 
Board [Th 3s Ts Kc Qc]
Seat 1: Lorpugo showed [Js Jd] and won ($0.14) with two pair, Jacks and Tens
Seat 2: NeutrinoAl folded before Flop (didn't bet)
Seat 3: bueninnN mucked [Jc 4s]
Seat 4: ollithetitan (button) folded before Flop (didn't bet)
Seat 5: SantiKB47 (small blind) folded before Flop
Seat 6: Skljar (big blind) folded before Flop



PokerStars Hand #239564912853:  Hold'em No Limit ($0.01/$0.02 USD) - 2022/10/31 12:08:22 ET
Table 'Osita III' 6-max Seat #5 is the button
Seat 1: Lorpugo ($3.77 in chips) 
Seat 2: NeutrinoAl ($1.64 in chips) 
Seat 3: bueninnN ($2.31 in chips) 
Seat 4: ollithetitan ($2.01 in chips) 
Seat 5: SantiKB47 ($1.58 in chips) 
Seat 6: Skljar ($2.30 in chips) 
Skljar: posts small blind $0.01
Lorpugo: posts big blind $0.02
*** HOLE CARDS ***
Dealt to Lorpugo [7s 2s]
NeutrinoAl: folds 
bueninnN: calls $0.02
ollithetitan: folds 
ollithetitan leaves the table
SantiKB47: folds 
Skljar: folds 
Lorpugo: checks 
*** FLOP *** [4c Ah 9h]
Lorpugo: checks 
FabiMark joins the table at seat #4 
bueninnN: bets $0.04
Lorpugo: folds 
Uncalled bet ($0.04) returned to bueninnN
bueninnN collected $0.05 from pot
bueninnN: doesn't show hand 
*** SUMMARY ***
Total pot $0.05 | Rake $0 
Board [4c Ah 9h]
Seat 1: Lorpugo (big blind) folded on the Flop
Seat 2: NeutrinoAl folded before Flop (didn't bet)
Seat 3: bueninnN collected ($0.05)
Seat 4: ollithetitan folded before Flop (didn't bet)
Seat 5: SantiKB47 (button) folded before Flop (didn't bet)
Seat 6: Skljar (small blind) folded before Flop



PokerStars Hand #239564919014:  Hold'em No Limit ($0.01/$0.02 USD) - 2022/10/31 12:08:44 ET
Table 'Osita III' 6-max Seat #6 is the button
Seat 1: Lorpugo ($3.75 in chips) 
Seat 2: NeutrinoAl ($1.64 in chips) 
Seat 3: bueninnN ($2.34 in chips) 
Seat 5: SantiKB47 ($1.58 in chips) 
Seat 6: Skljar ($2.29 in chips) 
Lorpugo: posts small blind $0.01
NeutrinoAl: posts big blind $0.02
FabiMark: sits out 
*** HOLE CARDS ***
Dealt to Lorpugo [3s 4h]
bueninnN: calls $0.02
SantiKB47: folds 
Skljar: raises $0.06 to $0.08
Lorpugo: folds 
NeutrinoAl: calls $0.06
bueninnN: folds 
*** FLOP *** [Qs Jh 5d]
NeutrinoAl: checks 
Skljar: bets $0.18
NeutrinoAl: folds 
Uncalled bet ($0.18) returned to Skljar
Skljar collected $0.18 from pot
Skljar: doesn't show hand 
*** SUMMARY ***
Total pot $0.19 | Rake $0.01 
Board [Qs Jh 5d]
Seat 1: Lorpugo (small blind) folded before Flop
Seat 2: NeutrinoAl (big blind) folded on the Flop
Seat 3: bueninnN folded before Flop
Seat 5: SantiKB47 folded before Flop (didn't bet)
Seat 6: Skljar (button) collected ($0.18)



PokerStars Hand #239564927562:  Hold'em No Limit ($0.01/$0.02 USD) - 2022/10/31 12:09:16 ET
Table 'Osita III' 6-max Seat #1 is the button
Seat 1: Lorpugo ($3.74 in chips) 
Seat 2: NeutrinoAl ($1.56 in chips) 
Seat 3: bueninnN ($2.32 in chips) 
Seat 5: SantiKB47 ($1.58 in chips) 
Seat 6: Skljar ($2.39 in chips) 
NeutrinoAl: posts small blind $0.01
bueninnN: posts big blind $0.02
FabiMark: sits out 
*** HOLE CARDS ***
Dealt to Lorpugo [Qh 6h]
SantiKB47: folds 
Skljar: folds 
Lorpugo: raises $0.04 to $0.06
NeutrinoAl: folds 
bueninnN: raises $0.18 to $0.24
Lorpugo: folds 
Uncalled bet ($0.18) returned to bueninnN
bueninnN collected $0.13 from pot
bueninnN: doesn't show hand 
*** SUMMARY ***
Total pot $0.13 | Rake $0 
Seat 1: Lorpugo (button) folded before Flop
Seat 2: NeutrinoAl (small blind) folded before Flop
Seat 3: bueninnN (big blind) collected ($0.13)
Seat 5: SantiKB47 folded before Flop (didn't bet)
Seat 6: Skljar folded before Flop (didn't bet)



PokerStars Hand #239564932488:  Hold'em No Limit ($0.01/$0.02 USD) - 2022/10/31 12:09:34 ET
Table 'Osita III' 6-max Seat #2 is the button
Seat 1: Lorpugo ($3.68 in chips) 
Seat 2: NeutrinoAl ($1.55 in chips) 
Seat 3: bueninnN ($2.39 in chips) 
Seat 4: FabiMark ($2 in chips) 
Seat 5: SantiKB47 ($1.58 in chips) 
Seat 6: Skljar ($2.39 in chips) 
bueninnN: posts small blind $0.01
FabiMark: posts big blind $0.02
*** HOLE CARDS ***
Dealt to Lorpugo [2d Jc]
SantiKB47: folds 
Skljar: folds 
Lorpugo: folds 
NeutrinoAl: calls $0.02
bueninnN: raises $0.08 to $0.10
FabiMark: folds 
NeutrinoAl: folds 
Uncalled bet ($0.08) returned to bueninnN
bueninnN collected $0.06 from pot
bueninnN: doesn't show hand 
*** SUMMARY ***
Total pot $0.06 | Rake $0 
Seat 1: Lorpugo folded before Flop (didn't bet)
Seat 2: NeutrinoAl (button) folded before Flop
Seat 3: bueninnN (small blind) collected ($0.06)
Seat 4: FabiMark (big blind) folded before Flop
Seat 5: SantiKB47 folded before Flop (didn't bet)
Seat 6: Skljar folded before Flop (didn't bet)



PokerStars Hand #239564938153:  Hold'em No Limit ($0.01/$0.02 USD) - 2022/10/31 12:09:54 ET
Table 'Osita III' 6-max Seat #3 is the button
Seat 1: Lorpugo ($3.68 in chips) 
Seat 2: NeutrinoAl ($1.53 in chips) 
Seat 3: bueninnN ($2.43 in chips) 
Seat 4: FabiMark ($1.98 in chips) 
Seat 5: SantiKB47 ($1.58 in chips) 
Seat 6: Skljar ($2.39 in chips) 
FabiMark: posts small blind $0.01
SantiKB47: posts big blind $0.02
*** HOLE CARDS ***
Dealt to Lorpugo [Qs 7d]
Skljar: raises $0.04 to $0.06
Lorpugo: folds 
NeutrinoAl: calls $0.06
bueninnN: calls $0.06
FabiMark: folds 
SantiKB47: calls $0.04
*** FLOP *** [Ts 6d 5h]
SantiKB47: checks 
Skljar: checks 
NeutrinoAl: checks 
bueninnN: bets $0.18
SantiKB47: folds 
Skljar: folds 
NeutrinoAl: folds 
Uncalled bet ($0.18) returned to bueninnN
bueninnN collected $0.24 from pot
bueninnN: doesn't show hand 
*** SUMMARY ***
Total pot $0.25 | Rake $0.01 
Board [Ts 6d 5h]
Seat 1: Lorpugo folded before Flop (didn't bet)
Seat 2: NeutrinoAl folded on the Flop
Seat 3: bueninnN (button) collected ($0.24)
Seat 4: FabiMark (small blind) folded before Flop
Seat 5: SantiKB47 (big blind) folded on the Flop
Seat 6: Skljar folded on the Flop



