PokerStars Hand #239470956983:  Hold'em No Limit ($0.01/$0.02 USD) - 2022/10/26 16:41:29 ET
Table 'Mensa III' 6-max Seat #3 is the button
Seat 1: Delewar ($0.95 in chips) 
Seat 2: bmg19 ($1.78 in chips) 
Seat 3: vladvvld ($2.96 in chips) 
Seat 4: handsRsweaty ($2.02 in chips) 
Seat 5: Lorpugo ($1.60 in chips) 
handsRsweaty: posts small blind $0.01
Lorpugo: posts big blind $0.02
peska100: sits out 
*** HOLE CARDS ***
Dealt to Lorpugo [9d 4h]
Delewar: folds 
bmg19: folds 
vladvvld: folds 
handsRsweaty: folds 
Uncalled bet ($0.01) returned to Lorpugo
Lorpugo collected $0.02 from pot
Lorpugo: doesn't show hand 
*** SUMMARY ***
Total pot $0.02 | Rake $0 
Seat 1: Delewar folded before Flop (didn't bet)
Seat 2: bmg19 folded before Flop (didn't bet)
Seat 3: vladvvld (button) folded before Flop (didn't bet)
Seat 4: handsRsweaty (small blind) folded before Flop
Seat 5: Lorpugo (big blind) collected ($0.02)



PokerStars Hand #239470964053:  Hold'em No Limit ($0.01/$0.02 USD) - 2022/10/26 16:41:48 ET
Table 'Mensa III' 6-max Seat #4 is the button
Seat 1: Delewar ($0.95 in chips) 
Seat 2: bmg19 ($1.78 in chips) 
Seat 3: vladvvld ($2.96 in chips) 
Seat 4: handsRsweaty ($2.01 in chips) 
Seat 5: Lorpugo ($1.61 in chips) 
Seat 6: peska100 ($2 in chips) 
Lorpugo: posts small blind $0.01
peska100: posts big blind $0.02
*** HOLE CARDS ***
Dealt to Lorpugo [7d 7c]
Delewar: folds 
bmg19: folds 
vladvvld: raises $0.02 to $0.04
handsRsweaty: folds 
Lorpugo: calls $0.03
peska100: calls $0.02
*** FLOP *** [Kc 4d 8d]
Lorpugo: checks 
peska100: checks 
vladvvld: checks 
*** TURN *** [Kc 4d 8d] [Ts]
Lorpugo: checks 
peska100: checks 
vladvvld: bets $0.12
Lorpugo: folds 
peska100: folds 
Uncalled bet ($0.12) returned to vladvvld
vladvvld collected $0.12 from pot
*** SUMMARY ***
Total pot $0.12 | Rake $0 
Board [Kc 4d 8d Ts]
Seat 1: Delewar folded before Flop (didn't bet)
Seat 2: bmg19 folded before Flop (didn't bet)
Seat 3: vladvvld collected ($0.12)
Seat 4: handsRsweaty (button) folded before Flop (didn't bet)
Seat 5: Lorpugo (small blind) folded on the Turn
Seat 6: peska100 (big blind) folded on the Turn



PokerStars Hand #239470984934:  Hold'em No Limit ($0.01/$0.02 USD) - 2022/10/26 16:42:45 ET
Table 'Mensa III' 6-max Seat #5 is the button
Seat 2: bmg19 ($1.78 in chips) 
Seat 3: vladvvld ($3.04 in chips) 
Seat 4: handsRsweaty ($2.01 in chips) 
Seat 5: Lorpugo ($1.60 in chips) 
Seat 6: peska100 ($1.96 in chips) 
peska100: posts small blind $0.01
Delewar: is sitting out 
bmg19: posts big blind $0.02
*** HOLE CARDS ***
Dealt to Lorpugo [3c Tc]
vladvvld: calls $0.02
handsRsweaty: raises $0.04 to $0.06
Lorpugo: folds 
peska100: folds 
bmg19: folds 
vladvvld: calls $0.04
*** FLOP *** [5d Qc Kd]
vladvvld: checks 
handsRsweaty: bets $0.10
vladvvld: folds 
Uncalled bet ($0.10) returned to handsRsweaty
handsRsweaty collected $0.14 from pot
handsRsweaty: doesn't show hand 
*** SUMMARY ***
Total pot $0.15 | Rake $0.01 
Board [5d Qc Kd]
Seat 2: bmg19 (big blind) folded before Flop
Seat 3: vladvvld folded on the Flop
Seat 4: handsRsweaty collected ($0.14)
Seat 5: Lorpugo (button) folded before Flop (didn't bet)
Seat 6: peska100 (small blind) folded before Flop



PokerStars Hand #239470995168:  Hold'em No Limit ($0.01/$0.02 USD) - 2022/10/26 16:43:12 ET
Table 'Mensa III' 6-max Seat #6 is the button
Seat 2: bmg19 ($1.76 in chips) 
Seat 3: vladvvld ($2.98 in chips) 
Seat 4: handsRsweaty ($2.09 in chips) 
Seat 5: Lorpugo ($1.60 in chips) 
Seat 6: peska100 ($1.95 in chips) 
bmg19: posts small blind $0.01
vladvvld: posts big blind $0.02
*** HOLE CARDS ***
Dealt to Lorpugo [4c 2d]
handsRsweaty has timed out
handsRsweaty: folds 
Lorpugo: folds 
peska100: folds 
bmg19: folds 
Uncalled bet ($0.01) returned to vladvvld
vladvvld collected $0.02 from pot
*** SUMMARY ***
Total pot $0.02 | Rake $0 
Seat 2: bmg19 (small blind) folded before Flop
Seat 3: vladvvld (big blind) collected ($0.02)
Seat 4: handsRsweaty folded before Flop (didn't bet)
Seat 5: Lorpugo folded before Flop (didn't bet)
Seat 6: peska100 (button) folded before Flop (didn't bet)



PokerStars Hand #239471001966:  Hold'em No Limit ($0.01/$0.02 USD) - 2022/10/26 16:43:31 ET
Table 'Mensa III' 6-max Seat #2 is the button
Seat 2: bmg19 ($1.75 in chips) 
Seat 3: vladvvld ($2.99 in chips) 
Seat 4: handsRsweaty ($2.09 in chips) 
Seat 5: Lorpugo ($1.60 in chips) 
Seat 6: peska100 ($1.95 in chips) 
vladvvld: posts small blind $0.01
handsRsweaty: posts big blind $0.02
*** HOLE CARDS ***
Dealt to Lorpugo [6s 4d]
Lorpugo: folds 
peska100: calls $0.02
bmg19: folds 
vladvvld: calls $0.01
handsRsweaty: checks 
*** FLOP *** [9d Ts 2c]
vladvvld: checks 
handsRsweaty: checks 
peska100: bets $0.02
vladvvld: raises $0.04 to $0.06
handsRsweaty: folds 
peska100: calls $0.04
*** TURN *** [9d Ts 2c] [Kc]
vladvvld: checks 
peska100: checks 
*** RIVER *** [9d Ts 2c Kc] [3c]
vladvvld: checks 
peska100: checks 
*** SHOW DOWN ***
vladvvld: shows [8h Jd] (high card King)
peska100: shows [9h 7h] (a pair of Nines)
peska100 collected $0.17 from pot
*** SUMMARY ***
Total pot $0.18 | Rake $0.01 
Board [9d Ts 2c Kc 3c]
Seat 2: bmg19 (button) folded before Flop (didn't bet)
Seat 3: vladvvld (small blind) showed [8h Jd] and lost with high card King
Seat 4: handsRsweaty (big blind) folded on the Flop
Seat 5: Lorpugo folded before Flop (didn't bet)
Seat 6: peska100 showed [9h 7h] and won ($0.17) with a pair of Nines



PokerStars Hand #239471024356:  Hold'em No Limit ($0.01/$0.02 USD) - 2022/10/26 16:44:31 ET
Table 'Mensa III' 6-max Seat #3 is the button
Seat 2: bmg19 ($1.75 in chips) 
Seat 3: vladvvld ($2.91 in chips) 
Seat 4: handsRsweaty ($2.07 in chips) 
Seat 5: Lorpugo ($1.60 in chips) 
Seat 6: peska100 ($2.04 in chips) 
handsRsweaty: posts small blind $0.01
Lorpugo: posts big blind $0.02
*** HOLE CARDS ***
Dealt to Lorpugo [Ks 6c]
peska100: raises $0.02 to $0.04
bmg19: folds 
vladvvld: calls $0.04
handsRsweaty: folds 
Lorpugo: calls $0.02
*** FLOP *** [2h 5s 6s]
Lorpugo: bets $0.09
peska100: folds 
vladvvld: calls $0.09
*** TURN *** [2h 5s 6s] [2s]
Lorpugo: bets $0.20
Delewar leaves the table
vladvvld: calls $0.20
*** RIVER *** [2h 5s 6s 2s] [5d]
Lorpugo: checks 
vladvvld: bets $0.35
Lorpugo: calls $0.35
*** SHOW DOWN ***
vladvvld: shows [8s Ts] (a flush, Ten high)
Lorpugo: mucks hand 
vladvvld collected $1.36 from pot
*** SUMMARY ***
Total pot $1.41 | Rake $0.05 
Board [2h 5s 6s 2s 5d]
Seat 2: bmg19 folded before Flop (didn't bet)
Seat 3: vladvvld (button) showed [8s Ts] and won ($1.36) with a flush, Ten high
Seat 4: handsRsweaty (small blind) folded before Flop
Seat 5: Lorpugo (big blind) mucked [Ks 6c]
Seat 6: peska100 folded on the Flop



PokerStars Hand #239471055832:  Hold'em No Limit ($0.01/$0.02 USD) - 2022/10/26 16:45:55 ET
Table 'Mensa III' 6-max Seat #4 is the button
Seat 2: bmg19 ($1.75 in chips) 
Seat 3: vladvvld ($3.59 in chips) 
Seat 4: handsRsweaty ($2.06 in chips) 
Seat 5: Lorpugo ($1.60 in chips) 
Seat 6: peska100 ($2 in chips) 
Lorpugo: posts small blind $0.01
peska100: posts big blind $0.02
*** HOLE CARDS ***
Dealt to Lorpugo [6s 4h]
bgftr joins the table at seat #1 
bmg19: folds 
vladvvld: calls $0.02
handsRsweaty: raises $0.04 to $0.06
Lorpugo: folds 
peska100: folds 
vladvvld: folds 
Uncalled bet ($0.04) returned to handsRsweaty
handsRsweaty collected $0.07 from pot
handsRsweaty: doesn't show hand 
*** SUMMARY ***
Total pot $0.07 | Rake $0 
Seat 2: bmg19 folded before Flop (didn't bet)
Seat 3: vladvvld folded before Flop
Seat 4: handsRsweaty (button) collected ($0.07)
Seat 5: Lorpugo (small blind) folded before Flop
Seat 6: peska100 (big blind) folded before Flop



PokerStars Hand #239471066484:  Hold'em No Limit ($0.01/$0.02 USD) - 2022/10/26 16:46:24 ET
Table 'Mensa III' 6-max Seat #5 is the button
Seat 1: bgftr ($2 in chips) 
Seat 2: bmg19 ($1.75 in chips) 
Seat 3: vladvvld ($3.57 in chips) 
Seat 4: handsRsweaty ($2.11 in chips) 
Seat 5: Lorpugo ($1.60 in chips) 
Seat 6: peska100 ($1.98 in chips) 
peska100: posts small blind $0.01
bgftr: posts big blind $0.02
*** HOLE CARDS ***
Dealt to Lorpugo [8s 8h]
bmg19: folds 
vladvvld: calls $0.02
handsRsweaty: folds 
Lorpugo: raises $0.07 to $0.09
peska100: folds 
bgftr: folds 
vladvvld: calls $0.07
*** FLOP *** [Th Ac Kd]
vladvvld: checks 
Lorpugo: checks 
*** TURN *** [Th Ac Kd] [5h]
vladvvld: bets $0.10
Lorpugo: folds 
Uncalled bet ($0.10) returned to vladvvld
vladvvld collected $0.20 from pot
*** SUMMARY ***
Total pot $0.21 | Rake $0.01 
Board [Th Ac Kd 5h]
Seat 1: bgftr (big blind) folded before Flop
Seat 2: bmg19 folded before Flop (didn't bet)
Seat 3: vladvvld collected ($0.20)
Seat 4: handsRsweaty folded before Flop (didn't bet)
Seat 5: Lorpugo (button) folded on the Turn
Seat 6: peska100 (small blind) folded before Flop



PokerStars Hand #239471087484:  Hold'em No Limit ($0.01/$0.02 USD) - 2022/10/26 16:47:20 ET
Table 'Mensa III' 6-max Seat #6 is the button
Seat 1: bgftr ($2 in chips) 
Seat 2: bmg19 ($1.75 in chips) 
Seat 3: vladvvld ($3.68 in chips) 
Seat 4: handsRsweaty ($2.11 in chips) 
Seat 5: Lorpugo ($1.60 in chips) 
Seat 6: peska100 ($1.97 in chips) 
bgftr: posts small blind $0.01
bmg19: posts big blind $0.02
*** HOLE CARDS ***
Dealt to Lorpugo [2c 9s]
vladvvld: raises $0.02 to $0.04
handsRsweaty: folds 
Lorpugo: folds 
peska100: calls $0.04
bgftr: folds 
bmg19: calls $0.02
*** FLOP *** [4d 9c 8h]
bmg19: checks 
vladvvld: bets $0.04
peska100: calls $0.04
bmg19: folds 
*** TURN *** [4d 9c 8h] [Tc]
vladvvld: bets $0.06
peska100: calls $0.06
*** RIVER *** [4d 9c 8h Tc] [Jd]
vladvvld: bets $0.08
peska100: calls $0.08
*** SHOW DOWN ***
vladvvld: shows [Qc Jh] (a straight, Eight to Queen)
peska100: mucks hand 
vladvvld collected $0.47 from pot
*** SUMMARY ***
Total pot $0.49 | Rake $0.02 
Board [4d 9c 8h Tc Jd]
Seat 1: bgftr (small blind) folded before Flop
Seat 2: bmg19 (big blind) folded on the Flop
Seat 3: vladvvld showed [Qc Jh] and won ($0.47) with a straight, Eight to Queen
Seat 4: handsRsweaty folded before Flop (didn't bet)
Seat 5: Lorpugo folded before Flop (didn't bet)
Seat 6: peska100 (button) mucked [Ts 8s]



PokerStars Hand #239471109755:  Hold'em No Limit ($0.01/$0.02 USD) - 2022/10/26 16:48:20 ET
Table 'Mensa III' 6-max Seat #1 is the button
Seat 1: bgftr ($2 in chips) 
Seat 2: bmg19 ($1.71 in chips) 
Seat 3: vladvvld ($3.93 in chips) 
Seat 4: handsRsweaty ($2.11 in chips) 
Seat 5: Lorpugo ($1.60 in chips) 
Seat 6: peska100 ($1.75 in chips) 
bmg19: posts small blind $0.01
vladvvld: posts big blind $0.02
*** HOLE CARDS ***
Dealt to Lorpugo [9d Qc]
handsRsweaty: raises $0.04 to $0.06
Lorpugo: folds 
peska100: folds 
bgftr: folds 
bmg19: folds 
vladvvld: calls $0.04
*** FLOP *** [2s 6d Ad]
vladvvld: checks 
handsRsweaty: bets $0.08
vladvvld: folds 
Uncalled bet ($0.08) returned to handsRsweaty
handsRsweaty collected $0.13 from pot
handsRsweaty: doesn't show hand 
*** SUMMARY ***
Total pot $0.13 | Rake $0 
Board [2s 6d Ad]
Seat 1: bgftr (button) folded before Flop (didn't bet)
Seat 2: bmg19 (small blind) folded before Flop
Seat 3: vladvvld (big blind) folded on the Flop
Seat 4: handsRsweaty collected ($0.13)
Seat 5: Lorpugo folded before Flop (didn't bet)
Seat 6: peska100 folded before Flop (didn't bet)



PokerStars Hand #239471122061:  Hold'em No Limit ($0.01/$0.02 USD) - 2022/10/26 16:48:54 ET
Table 'Mensa III' 6-max Seat #2 is the button
Seat 1: bgftr ($2 in chips) 
Seat 2: bmg19 ($1.70 in chips) 
Seat 3: vladvvld ($3.87 in chips) 
Seat 4: handsRsweaty ($2.18 in chips) 
Seat 5: Lorpugo ($1.60 in chips) 
Seat 6: peska100 ($1.75 in chips) 
vladvvld: posts small blind $0.01
handsRsweaty: posts big blind $0.02
*** HOLE CARDS ***
Dealt to Lorpugo [Kd 3d]
Lorpugo: folds 
peska100: folds 
bgftr: folds 
bmg19: folds 
vladvvld: calls $0.01
handsRsweaty: checks 
*** FLOP *** [6c 9d 7c]
vladvvld: checks 
handsRsweaty: bets $0.06
vladvvld: folds 
Uncalled bet ($0.06) returned to handsRsweaty
handsRsweaty collected $0.04 from pot
handsRsweaty: doesn't show hand 
*** SUMMARY ***
Total pot $0.04 | Rake $0 
Board [6c 9d 7c]
Seat 1: bgftr folded before Flop (didn't bet)
Seat 2: bmg19 (button) folded before Flop (didn't bet)
Seat 3: vladvvld (small blind) folded on the Flop
Seat 4: handsRsweaty (big blind) collected ($0.04)
Seat 5: Lorpugo folded before Flop (didn't bet)
Seat 6: peska100 folded before Flop (didn't bet)



PokerStars Hand #239471135834:  Hold'em No Limit ($0.01/$0.02 USD) - 2022/10/26 16:49:31 ET
Table 'Mensa III' 6-max Seat #3 is the button
Seat 1: bgftr ($2 in chips) 
Seat 2: bmg19 ($1.70 in chips) 
Seat 3: vladvvld ($3.85 in chips) 
Seat 4: handsRsweaty ($2.20 in chips) 
Seat 5: Lorpugo ($1.60 in chips) 
Seat 6: peska100 ($1.75 in chips) 
handsRsweaty: posts small blind $0.01
Lorpugo: posts big blind $0.02
*** HOLE CARDS ***
Dealt to Lorpugo [As Kh]
peska100: raises $0.04 to $0.06
bgftr: folds 
bmg19: folds 
vladvvld: folds 
handsRsweaty: calls $0.05
Lorpugo: raises $1.54 to $1.60 and is all-in
peska100: raises $0.15 to $1.75 and is all-in
handsRsweaty: folds 
Uncalled bet ($0.15) returned to peska100
*** FLOP *** [7d 6h 2s]
*** TURN *** [7d 6h 2s] [6c]
*** RIVER *** [7d 6h 2s 6c] [9c]
*** SHOW DOWN ***
Lorpugo: shows [As Kh] (a pair of Sixes)
peska100: shows [Tc Td] (two pair, Tens and Sixes)
peska100 collected $3.15 from pot
*** SUMMARY ***
Total pot $3.26 | Rake $0.11 
Board [7d 6h 2s 6c 9c]
Seat 1: bgftr folded before Flop (didn't bet)
Seat 2: bmg19 folded before Flop (didn't bet)
Seat 3: vladvvld (button) folded before Flop (didn't bet)
Seat 4: handsRsweaty (small blind) folded before Flop
Seat 5: Lorpugo (big blind) showed [As Kh] and lost with a pair of Sixes
Seat 6: peska100 showed [Tc Td] and won ($3.15) with two pair, Tens and Sixes



PokerStars Hand #239471150202:  Hold'em No Limit ($0.01/$0.02 USD) - 2022/10/26 16:50:10 ET
Table 'Mensa III' 6-max Seat #4 is the button
Seat 1: bgftr ($2 in chips) 
Seat 2: bmg19 ($1.70 in chips) 
Seat 3: vladvvld ($3.85 in chips) 
Seat 4: handsRsweaty ($2.14 in chips) 
Seat 5: Lorpugo ($1.60 in chips) 
Seat 6: peska100 ($3.30 in chips) 
Lorpugo: posts small blind $0.01
peska100: posts big blind $0.02
*** HOLE CARDS ***
Dealt to Lorpugo [4s 3h]
bgftr: raises $0.04 to $0.06
bmg19: folds 
vladvvld: calls $0.06
handsRsweaty: calls $0.06
Lorpugo: folds 
peska100: calls $0.04
*** FLOP *** [7h Td 2c]
peska100: checks 
bgftr: bets $0.12
vladvvld: folds 
handsRsweaty: calls $0.12
peska100: folds 
*** TURN *** [7h Td 2c] [Qd]
bgftr: bets $0.24
handsRsweaty: folds 
Uncalled bet ($0.24) returned to bgftr
bgftr collected $0.47 from pot
bgftr: doesn't show hand 
*** SUMMARY ***
Total pot $0.49 | Rake $0.02 
Board [7h Td 2c Qd]
Seat 1: bgftr collected ($0.47)
Seat 2: bmg19 folded before Flop (didn't bet)
Seat 3: vladvvld folded on the Flop
Seat 4: handsRsweaty (button) folded on the Turn
Seat 5: Lorpugo (small blind) folded before Flop
Seat 6: peska100 (big blind) folded on the Flop



PokerStars Hand #239471167342:  Hold'em No Limit ($0.01/$0.02 USD) - 2022/10/26 16:50:57 ET
Table 'Mensa III' 6-max Seat #5 is the button
Seat 1: bgftr ($2.29 in chips) 
Seat 2: bmg19 ($1.70 in chips) 
Seat 3: vladvvld ($3.79 in chips) 
Seat 4: handsRsweaty ($1.96 in chips) 
Seat 5: Lorpugo ($1.60 in chips) 
Seat 6: peska100 ($3.24 in chips) 
peska100: posts small blind $0.01
bgftr: posts big blind $0.02
*** HOLE CARDS ***
Dealt to Lorpugo [3d 9s]
bmg19: folds 
vladvvld: raises $0.02 to $0.04
handsRsweaty: folds 
Lorpugo: folds 
peska100: folds 
bgftr: calls $0.02
*** FLOP *** [5h 8h 7h]
bgftr: checks 
vladvvld: bets $0.04
bgftr: folds 
Uncalled bet ($0.04) returned to vladvvld
vladvvld collected $0.09 from pot
*** SUMMARY ***
Total pot $0.09 | Rake $0 
Board [5h 8h 7h]
Seat 1: bgftr (big blind) folded on the Flop
Seat 2: bmg19 folded before Flop (didn't bet)
Seat 3: vladvvld collected ($0.09)
Seat 4: handsRsweaty folded before Flop (didn't bet)
Seat 5: Lorpugo (button) folded before Flop (didn't bet)
Seat 6: peska100 (small blind) folded before Flop



PokerStars Hand #239471180150:  Hold'em No Limit ($0.01/$0.02 USD) - 2022/10/26 16:51:32 ET
Table 'Mensa III' 6-max Seat #6 is the button
Seat 1: bgftr ($2.25 in chips) 
Seat 2: bmg19 ($1.70 in chips) 
Seat 3: vladvvld ($3.84 in chips) 
Seat 4: handsRsweaty ($1.96 in chips) 
Seat 5: Lorpugo ($1.60 in chips) 
Seat 6: peska100 ($3.23 in chips) 
bgftr: posts small blind $0.01
bmg19: posts big blind $0.02
*** HOLE CARDS ***
Dealt to Lorpugo [7h Td]
vladvvld: folds 
handsRsweaty: folds 
Lorpugo: folds 
peska100: raises $0.02 to $0.04
bgftr: folds 
bmg19: folds 
Uncalled bet ($0.02) returned to peska100
peska100 collected $0.05 from pot
*** SUMMARY ***
Total pot $0.05 | Rake $0 
Seat 1: bgftr (small blind) folded before Flop
Seat 2: bmg19 (big blind) folded before Flop
Seat 3: vladvvld folded before Flop (didn't bet)
Seat 4: handsRsweaty folded before Flop (didn't bet)
Seat 5: Lorpugo folded before Flop (didn't bet)
Seat 6: peska100 (button) collected ($0.05)



PokerStars Hand #239471188337:  Hold'em No Limit ($0.01/$0.02 USD) - 2022/10/26 16:51:55 ET
Table 'Mensa III' 6-max Seat #1 is the button
Seat 1: bgftr ($2.24 in chips) 
Seat 2: bmg19 ($1.68 in chips) 
Seat 3: vladvvld ($3.84 in chips) 
Seat 4: handsRsweaty ($1.96 in chips) 
Seat 5: Lorpugo ($1.60 in chips) 
Seat 6: peska100 ($3.26 in chips) 
bmg19: posts small blind $0.01
vladvvld: posts big blind $0.02
*** HOLE CARDS ***
Dealt to Lorpugo [Ts 5d]
handsRsweaty: folds 
Lorpugo: folds 
peska100: raises $0.02 to $0.04
bgftr: folds 
bmg19: calls $0.03
vladvvld: calls $0.02
*** FLOP *** [Ad 5c Jc]
bmg19: checks 
vladvvld: checks 
peska100: bets $0.06
bmg19: folds 
vladvvld: folds 
Uncalled bet ($0.06) returned to peska100
peska100 collected $0.12 from pot
*** SUMMARY ***
Total pot $0.12 | Rake $0 
Board [Ad 5c Jc]
Seat 1: bgftr (button) folded before Flop (didn't bet)
Seat 2: bmg19 (small blind) folded on the Flop
Seat 3: vladvvld (big blind) folded on the Flop
Seat 4: handsRsweaty folded before Flop (didn't bet)
Seat 5: Lorpugo folded before Flop (didn't bet)
Seat 6: peska100 collected ($0.12)



PokerStars Hand #239471199526:  Hold'em No Limit ($0.01/$0.02 USD) - 2022/10/26 16:52:26 ET
Table 'Mensa III' 6-max Seat #2 is the button
Seat 1: bgftr ($2.24 in chips) 
Seat 2: bmg19 ($1.64 in chips) 
Seat 3: vladvvld ($3.80 in chips) 
Seat 4: handsRsweaty ($1.96 in chips) 
Seat 5: Lorpugo ($1.60 in chips) 
Seat 6: peska100 ($3.34 in chips) 
vladvvld: posts small blind $0.01
handsRsweaty: posts big blind $0.02
*** HOLE CARDS ***
Dealt to Lorpugo [Js 2c]
Lorpugo: folds 
peska100: folds 
bgftr: folds 
bmg19: raises $0.04 to $0.06
vladvvld: raises $0.04 to $0.10
handsRsweaty: calls $0.08
bmg19: raises $0.10 to $0.20
vladvvld: calls $0.10
handsRsweaty: calls $0.10
*** FLOP *** [3s 3h Th]
vladvvld: checks 
handsRsweaty: checks 
bmg19: checks 
*** TURN *** [3s 3h Th] [4c]
vladvvld: checks 
handsRsweaty: bets $0.12
bmg19: calls $0.12
vladvvld: raises $1.48 to $1.60
handsRsweaty: folds 
bmg19: calls $1.32 and is all-in
Uncalled bet ($0.16) returned to vladvvld
*** RIVER *** [3s 3h Th 4c] [7d]
*** SHOW DOWN ***
vladvvld: shows [Kc Qs] (a pair of Threes)
bmg19: shows [As Ad] (two pair, Aces and Threes)
bmg19 collected $3.47 from pot
*** SUMMARY ***
Total pot $3.60 | Rake $0.13 
Board [3s 3h Th 4c 7d]
Seat 1: bgftr folded before Flop (didn't bet)
Seat 2: bmg19 (button) showed [As Ad] and won ($3.47) with two pair, Aces and Threes
Seat 3: vladvvld (small blind) showed [Kc Qs] and lost with a pair of Threes
Seat 4: handsRsweaty (big blind) folded on the Turn
Seat 5: Lorpugo folded before Flop (didn't bet)
Seat 6: peska100 folded before Flop (didn't bet)



PokerStars Hand #239471241775:  Hold'em No Limit ($0.01/$0.02 USD) - 2022/10/26 16:54:24 ET
Table 'Mensa III' 6-max Seat #3 is the button
Seat 1: bgftr ($2.24 in chips) 
Seat 2: bmg19 ($3.47 in chips) 
Seat 3: vladvvld ($2.16 in chips) 
Seat 4: handsRsweaty ($1.64 in chips) 
Seat 5: Lorpugo ($1.60 in chips) 
Seat 6: peska100 ($3.34 in chips) 
handsRsweaty: posts small blind $0.01
Lorpugo: posts big blind $0.02
*** HOLE CARDS ***
Dealt to Lorpugo [Jc Qc]
peska100: calls $0.02
bgftr: folds 
bmg19: folds 
vladvvld: folds 
handsRsweaty: folds 
Lorpugo: checks 
*** FLOP *** [3d 2c 2d]
Lorpugo: checks 
peska100: checks 
*** TURN *** [3d 2c 2d] [4h]
Lorpugo: checks 
peska100: bets $0.02
Lorpugo: folds 
Uncalled bet ($0.02) returned to peska100
peska100 collected $0.05 from pot
*** SUMMARY ***
Total pot $0.05 | Rake $0 
Board [3d 2c 2d 4h]
Seat 1: bgftr folded before Flop (didn't bet)
Seat 2: bmg19 folded before Flop (didn't bet)
Seat 3: vladvvld (button) folded before Flop (didn't bet)
Seat 4: handsRsweaty (small blind) folded before Flop
Seat 5: Lorpugo (big blind) folded on the Turn
Seat 6: peska100 collected ($0.05)



PokerStars Hand #239471251949:  Hold'em No Limit ($0.01/$0.02 USD) - 2022/10/26 16:54:52 ET
Table 'Mensa III' 6-max Seat #4 is the button
Seat 1: bgftr ($2.24 in chips) 
Seat 2: bmg19 ($3.47 in chips) 
Seat 3: vladvvld ($2.16 in chips) 
Seat 4: handsRsweaty ($1.99 in chips) 
Seat 5: Lorpugo ($1.60 in chips) 
Seat 6: peska100 ($3.37 in chips) 
Lorpugo: posts small blind $0.01
peska100: posts big blind $0.02
*** HOLE CARDS ***
Dealt to Lorpugo [9s 7d]
bgftr: raises $0.04 to $0.06
bmg19: folds 
vladvvld: calls $0.06
handsRsweaty: folds 
Lorpugo: folds 
peska100: calls $0.04
*** FLOP *** [5s Th Ad]
peska100: checks 
bgftr: checks 
vladvvld: checks 
*** TURN *** [5s Th Ad] [Ac]
peska100: checks 
bgftr: bets $0.09
vladvvld: calls $0.09
peska100: calls $0.09
*** RIVER *** [5s Th Ad Ac] [2h]
peska100: checks 
bgftr: bets $0.22
vladvvld: folds 
peska100: folds [Td]
Uncalled bet ($0.22) returned to bgftr
bgftr collected $0.44 from pot
bgftr: doesn't show hand 
*** SUMMARY ***
Total pot $0.46 | Rake $0.02 
Board [5s Th Ad Ac 2h]
Seat 1: bgftr collected ($0.44)
Seat 2: bmg19 folded before Flop (didn't bet)
Seat 3: vladvvld folded on the River
Seat 4: handsRsweaty (button) folded before Flop (didn't bet)
Seat 5: Lorpugo (small blind) folded before Flop
Seat 6: peska100 (big blind) folded on the River



PokerStars Hand #239471277516:  Hold'em No Limit ($0.01/$0.02 USD) - 2022/10/26 16:56:19 ET
Table 'Mensa III' 6-max Seat #5 is the button
Seat 1: bgftr ($2.53 in chips) 
Seat 2: bmg19 ($3.47 in chips) 
Seat 3: vladvvld ($2.01 in chips) 
Seat 4: handsRsweaty ($1.99 in chips) 
Seat 5: Lorpugo ($1.60 in chips) 
Seat 6: peska100 ($3.22 in chips) 
peska100: posts small blind $0.01
bgftr: posts big blind $0.02
*** HOLE CARDS ***
Dealt to Lorpugo [3h 2s]
bmg19: folds 
vladvvld: raises $0.02 to $0.04
handsRsweaty: folds 
Lorpugo: folds 
peska100: folds 
bgftr: calls $0.02
*** FLOP *** [9c 7d Kc]
bgftr: checks 
vladvvld: checks 
*** TURN *** [9c 7d Kc] [4s]
bgftr: checks 
vladvvld: checks 
*** RIVER *** [9c 7d Kc 4s] [9h]
bgftr: checks 
vladvvld: bets $0.09
bgftr: folds 
Uncalled bet ($0.09) returned to vladvvld
vladvvld collected $0.09 from pot
*** SUMMARY ***
Total pot $0.09 | Rake $0 
Board [9c 7d Kc 4s 9h]
Seat 1: bgftr (big blind) folded on the River
Seat 2: bmg19 folded before Flop (didn't bet)
Seat 3: vladvvld collected ($0.09)
Seat 4: handsRsweaty folded before Flop (didn't bet)
Seat 5: Lorpugo (button) folded before Flop (didn't bet)
Seat 6: peska100 (small blind) folded before Flop



PokerStars Hand #239471291876:  Hold'em No Limit ($0.01/$0.02 USD) - 2022/10/26 16:57:11 ET
Table 'Mensa III' 6-max Seat #6 is the button
Seat 1: bgftr ($2.49 in chips) 
Seat 2: bmg19 ($3.47 in chips) 
Seat 3: vladvvld ($2.06 in chips) 
Seat 4: handsRsweaty ($1.99 in chips) 
Seat 5: Lorpugo ($1.60 in chips) 
Seat 6: peska100 ($3.21 in chips) 
bgftr: posts small blind $0.01
bmg19: posts big blind $0.02
*** HOLE CARDS ***
Dealt to Lorpugo [Ac 2c]
vladvvld: calls $0.02
handsRsweaty: folds 
Lorpugo: calls $0.02
peska100: folds 
bgftr: folds 
bmg19: checks 
*** FLOP *** [5d Td 7c]
bmg19: checks 
vladvvld: checks 
Lorpugo: checks 
*** TURN *** [5d Td 7c] [Jh]
bmg19: checks 
vladvvld: bets $0.08
Lorpugo: folds 
bmg19: folds 
Uncalled bet ($0.08) returned to vladvvld
vladvvld collected $0.07 from pot
*** SUMMARY ***
Total pot $0.07 | Rake $0 
Board [5d Td 7c Jh]
Seat 1: bgftr (small blind) folded before Flop
Seat 2: bmg19 (big blind) folded on the Turn
Seat 3: vladvvld collected ($0.07)
Seat 4: handsRsweaty folded before Flop (didn't bet)
Seat 5: Lorpugo folded on the Turn
Seat 6: peska100 (button) folded before Flop (didn't bet)



PokerStars Hand #239471305343:  Hold'em No Limit ($0.01/$0.02 USD) - 2022/10/26 16:58:00 ET
Table 'Mensa III' 6-max Seat #1 is the button
Seat 1: bgftr ($2.48 in chips) 
Seat 2: bmg19 ($3.45 in chips) 
Seat 3: vladvvld ($2.11 in chips) 
Seat 4: handsRsweaty ($1.99 in chips) 
Seat 5: Lorpugo ($1.60 in chips) 
Seat 6: peska100 ($3.21 in chips) 
bmg19: posts small blind $0.01
vladvvld: posts big blind $0.02
*** HOLE CARDS ***
Dealt to Lorpugo [8h 2c]
handsRsweaty: folds 
Lorpugo: folds 
peska100: calls $0.02
bgftr: folds 
bmg19: folds 
vladvvld: checks 
*** FLOP *** [Th 2h Ac]
vladvvld: checks 
peska100: checks 
*** TURN *** [Th 2h Ac] [Js]
vladvvld: checks 
peska100: checks 
*** RIVER *** [Th 2h Ac Js] [Tc]
vladvvld: checks 
peska100: checks 
*** SHOW DOWN ***
vladvvld: shows [3d 9s] (a pair of Tens)
peska100: shows [Kc 6c] (a pair of Tens - Ace+King kicker)
peska100 collected $0.05 from pot
*** SUMMARY ***
Total pot $0.05 | Rake $0 
Board [Th 2h Ac Js Tc]
Seat 1: bgftr (button) folded before Flop (didn't bet)
Seat 2: bmg19 (small blind) folded before Flop
Seat 3: vladvvld (big blind) showed [3d 9s] and lost with a pair of Tens
Seat 4: handsRsweaty folded before Flop (didn't bet)
Seat 5: Lorpugo folded before Flop (didn't bet)
Seat 6: peska100 showed [Kc 6c] and won ($0.05) with a pair of Tens



PokerStars Hand #239471312465:  Hold'em No Limit ($0.01/$0.02 USD) - 2022/10/26 16:58:26 ET
Table 'Mensa III' 6-max Seat #2 is the button
Seat 1: bgftr ($2.48 in chips) 
Seat 2: bmg19 ($3.44 in chips) 
Seat 3: vladvvld ($2.09 in chips) 
Seat 4: handsRsweaty ($1.99 in chips) 
Seat 5: Lorpugo ($1.60 in chips) 
Seat 6: peska100 ($3.24 in chips) 
vladvvld: posts small blind $0.01
handsRsweaty: posts big blind $0.02
*** HOLE CARDS ***
Dealt to Lorpugo [Ah 6d]
Lorpugo: folds 
peska100: folds 
bgftr: folds 
bmg19: raises $0.04 to $0.06
vladvvld: folds 
handsRsweaty: folds 
Uncalled bet ($0.04) returned to bmg19
bmg19 collected $0.05 from pot
bmg19: doesn't show hand 
*** SUMMARY ***
Total pot $0.05 | Rake $0 
Seat 1: bgftr folded before Flop (didn't bet)
Seat 2: bmg19 (button) collected ($0.05)
Seat 3: vladvvld (small blind) folded before Flop
Seat 4: handsRsweaty (big blind) folded before Flop
Seat 5: Lorpugo folded before Flop (didn't bet)
Seat 6: peska100 folded before Flop (didn't bet)



PokerStars Hand #239471317979:  Hold'em No Limit ($0.01/$0.02 USD) - 2022/10/26 16:58:46 ET
Table 'Mensa III' 6-max Seat #3 is the button
Seat 1: bgftr ($2.48 in chips) 
Seat 2: bmg19 ($3.47 in chips) 
Seat 3: vladvvld ($2.08 in chips) 
Seat 4: handsRsweaty ($1.97 in chips) 
Seat 5: Lorpugo ($1.60 in chips) 
Seat 6: peska100 ($3.24 in chips) 
handsRsweaty: posts small blind $0.01
Lorpugo: posts big blind $0.02
*** HOLE CARDS ***
Dealt to Lorpugo [Qh 2c]
peska100: folds 
bgftr: folds 
bmg19: folds 
vladvvld: calls $0.02
handsRsweaty: folds 
Lorpugo: checks 
*** FLOP *** [Ad Kd Ac]
Lorpugo: checks 
vladvvld: bets $0.06
Lorpugo: folds 
Uncalled bet ($0.06) returned to vladvvld
vladvvld collected $0.05 from pot
*** SUMMARY ***
Total pot $0.05 | Rake $0 
Board [Ad Kd Ac]
Seat 1: bgftr folded before Flop (didn't bet)
Seat 2: bmg19 folded before Flop (didn't bet)
Seat 3: vladvvld (button) collected ($0.05)
Seat 4: handsRsweaty (small blind) folded before Flop
Seat 5: Lorpugo (big blind) folded on the Flop
Seat 6: peska100 folded before Flop (didn't bet)



PokerStars Hand #239471326959:  Hold'em No Limit ($0.01/$0.02 USD) - 2022/10/26 16:59:19 ET
Table 'Mensa III' 6-max Seat #4 is the button
Seat 1: bgftr ($2.48 in chips) 
Seat 2: bmg19 ($3.47 in chips) 
Seat 3: vladvvld ($2.11 in chips) 
Seat 4: handsRsweaty ($1.96 in chips) 
Seat 5: Lorpugo ($1.60 in chips) 
Seat 6: peska100 ($3.24 in chips) 
Lorpugo: posts small blind $0.01
peska100: posts big blind $0.02
*** HOLE CARDS ***
Dealt to Lorpugo [Td Qc]
bgftr: folds 
bmg19: folds 
vladvvld: raises $0.02 to $0.04
handsRsweaty: folds 
Lorpugo: calls $0.03
peska100: folds 
*** FLOP *** [2h 7d As]
Lorpugo: checks 
vladvvld: bets $0.06
Lorpugo: calls $0.06
*** TURN *** [2h 7d As] [6c]
Lorpugo: checks 
vladvvld: bets $0.08
Lorpugo: folds 
Uncalled bet ($0.08) returned to vladvvld
vladvvld collected $0.21 from pot
*** SUMMARY ***
Total pot $0.22 | Rake $0.01 
Board [2h 7d As 6c]
Seat 1: bgftr folded before Flop (didn't bet)
Seat 2: bmg19 folded before Flop (didn't bet)
Seat 3: vladvvld collected ($0.21)
Seat 4: handsRsweaty (button) folded before Flop (didn't bet)
Seat 5: Lorpugo (small blind) folded on the Turn
Seat 6: peska100 (big blind) folded before Flop



PokerStars Hand #239471338636:  Hold'em No Limit ($0.01/$0.02 USD) - 2022/10/26 17:00:01 ET
Table 'Mensa III' 6-max Seat #5 is the button
Seat 1: bgftr ($2.48 in chips) 
Seat 2: bmg19 ($3.47 in chips) 
Seat 3: vladvvld ($2.22 in chips) 
Seat 4: handsRsweaty ($1.96 in chips) 
Seat 5: Lorpugo ($1.60 in chips) 
Seat 6: peska100 ($3.22 in chips) 
peska100: posts small blind $0.01
bgftr: posts big blind $0.02
*** HOLE CARDS ***
Dealt to Lorpugo [Ac Ks]
bmg19: folds 
vladvvld: folds 
handsRsweaty: folds 
bmg19 leaves the table
Lorpugo: raises $0.04 to $0.06
peska100: folds 
bgftr: folds 
Uncalled bet ($0.04) returned to Lorpugo
Lorpugo collected $0.05 from pot
Lorpugo: doesn't show hand 
*** SUMMARY ***
Total pot $0.05 | Rake $0 
Seat 1: bgftr (big blind) folded before Flop
Seat 2: bmg19 folded before Flop (didn't bet)
Seat 3: vladvvld folded before Flop (didn't bet)
Seat 4: handsRsweaty folded before Flop (didn't bet)
Seat 5: Lorpugo (button) collected ($0.05)
Seat 6: peska100 (small blind) folded before Flop



PokerStars Hand #239471342310:  Hold'em No Limit ($0.01/$0.02 USD) - 2022/10/26 17:00:14 ET
Table 'Mensa III' 6-max Seat #6 is the button
Seat 1: bgftr ($2.46 in chips) 
Seat 3: vladvvld ($2.22 in chips) 
Seat 4: handsRsweaty ($1.96 in chips) 
Seat 5: Lorpugo ($1.63 in chips) 
Seat 6: peska100 ($3.21 in chips) 
bgftr: posts small blind $0.01
vladvvld: posts big blind $0.02
*** HOLE CARDS ***
Dealt to Lorpugo [3c Jc]
handsRsweaty: folds 
Lorpugo: folds 
bercello joins the table at seat #2 
peska100: calls $0.02
bgftr: folds 
vladvvld: checks 
*** FLOP *** [Ts Qh Qd]
vladvvld: checks 
peska100: checks 
*** TURN *** [Ts Qh Qd] [8c]
vladvvld: checks 
peska100: checks 
*** RIVER *** [Ts Qh Qd 8c] [4h]
vladvvld: checks 
peska100: bets $0.03
vladvvld: folds 
Uncalled bet ($0.03) returned to peska100
peska100 collected $0.05 from pot
*** SUMMARY ***
Total pot $0.05 | Rake $0 
Board [Ts Qh Qd 8c 4h]
Seat 1: bgftr (small blind) folded before Flop
Seat 3: vladvvld (big blind) folded on the River
Seat 4: handsRsweaty folded before Flop (didn't bet)
Seat 5: Lorpugo folded before Flop (didn't bet)
Seat 6: peska100 (button) collected ($0.05)



PokerStars Hand #239471350737:  Hold'em No Limit ($0.01/$0.02 USD) - 2022/10/26 17:00:42 ET
Table 'Mensa III' 6-max Seat #1 is the button
Seat 1: bgftr ($2.45 in chips) 
Seat 3: vladvvld ($2.20 in chips) 
Seat 4: handsRsweaty ($1.96 in chips) 
Seat 5: Lorpugo ($1.63 in chips) 
Seat 6: peska100 ($3.24 in chips) 
vladvvld: posts small blind $0.01
handsRsweaty: posts big blind $0.02
*** HOLE CARDS ***
Dealt to Lorpugo [8d 7s]
bercello leaves the table
Lorpugo: folds 
peska100: calls $0.02
bgftr: folds 
vladvvld: folds 
handsRsweaty: checks 
*** FLOP *** [7h 4h Kh]
handsRsweaty: checks 
peska100: checks 
*** TURN *** [7h 4h Kh] [Ad]
handsRsweaty: checks 
benese81 joins the table at seat #2 
peska100: bets $0.03
handsRsweaty: calls $0.03
*** RIVER *** [7h 4h Kh Ad] [6d]
handsRsweaty: checks 
peska100: bets $0.08
handsRsweaty: folds 
Uncalled bet ($0.08) returned to peska100
peska100 collected $0.11 from pot
*** SUMMARY ***
Total pot $0.11 | Rake $0 
Board [7h 4h Kh Ad 6d]
Seat 1: bgftr (button) folded before Flop (didn't bet)
Seat 3: vladvvld (small blind) folded before Flop
Seat 4: handsRsweaty (big blind) folded on the River
Seat 5: Lorpugo folded before Flop (didn't bet)
Seat 6: peska100 collected ($0.11)



PokerStars Hand #239471367524:  Hold'em No Limit ($0.01/$0.02 USD) - 2022/10/26 17:01:34 ET
Table 'Mensa III' 6-max Seat #3 is the button
Seat 1: bgftr ($2.45 in chips) 
Seat 3: vladvvld ($2.19 in chips) 
Seat 4: handsRsweaty ($1.91 in chips) 
Seat 5: Lorpugo ($1.63 in chips) 
Seat 6: peska100 ($3.30 in chips) 
handsRsweaty: posts small blind $0.01
Lorpugo: posts big blind $0.02
benese81: sits out 
*** HOLE CARDS ***
Dealt to Lorpugo [4h Jd]
peska100: folds 
bgftr: folds 
vladvvld: folds 
handsRsweaty: folds 
Uncalled bet ($0.01) returned to Lorpugo
Lorpugo collected $0.02 from pot
Lorpugo: doesn't show hand 
*** SUMMARY ***
Total pot $0.02 | Rake $0 
Seat 1: bgftr folded before Flop (didn't bet)
Seat 3: vladvvld (button) folded before Flop (didn't bet)
Seat 4: handsRsweaty (small blind) folded before Flop
Seat 5: Lorpugo (big blind) collected ($0.02)
Seat 6: peska100 folded before Flop (didn't bet)



PokerStars Hand #239471371760:  Hold'em No Limit ($0.01/$0.02 USD) - 2022/10/26 17:01:45 ET
Table 'Mensa III' 6-max Seat #4 is the button
Seat 1: bgftr ($2.45 in chips) 
Seat 2: benese81 ($0.96 in chips) 
Seat 3: vladvvld ($2.19 in chips) 
Seat 4: handsRsweaty ($1.90 in chips) 
Seat 5: Lorpugo ($1.64 in chips) 
Seat 6: peska100 ($3.30 in chips) 
Lorpugo: posts small blind $0.01
peska100: posts big blind $0.02
benese81: posts big blind $0.02
*** HOLE CARDS ***
Dealt to Lorpugo [3h 7d]
bgftr: folds 
benese81: raises $0.94 to $0.96 and is all-in
vladvvld: folds 
handsRsweaty: folds 
Lorpugo: folds 
peska100: folds 
Uncalled bet ($0.94) returned to benese81
benese81 collected $0.05 from pot
benese81: doesn't show hand 
*** SUMMARY ***
Total pot $0.05 | Rake $0 
Seat 1: bgftr folded before Flop (didn't bet)
Seat 2: benese81 collected ($0.05)
Seat 3: vladvvld folded before Flop (didn't bet)
Seat 4: handsRsweaty (button) folded before Flop (didn't bet)
Seat 5: Lorpugo (small blind) folded before Flop
Seat 6: peska100 (big blind) folded before Flop



PokerStars Hand #239471379414:  Hold'em No Limit ($0.01/$0.02 USD) - 2022/10/26 17:02:07 ET
Table 'Mensa III' 6-max Seat #5 is the button
Seat 1: bgftr ($2.45 in chips) 
Seat 2: benese81 ($0.99 in chips) 
Seat 3: vladvvld ($2.19 in chips) 
Seat 4: handsRsweaty ($1.90 in chips) 
Seat 5: Lorpugo ($1.63 in chips) 
Seat 6: peska100 ($3.28 in chips) 
peska100: posts small blind $0.01
bgftr: posts big blind $0.02
*** HOLE CARDS ***
Dealt to Lorpugo [4d Kh]
benese81: raises $0.97 to $0.99 and is all-in
vladvvld: folds 
handsRsweaty: folds 
Lorpugo: folds 
peska100: folds 
bgftr: folds 
Uncalled bet ($0.97) returned to benese81
benese81 collected $0.05 from pot
benese81: doesn't show hand 
*** SUMMARY ***
Total pot $0.05 | Rake $0 
Seat 1: bgftr (big blind) folded before Flop
Seat 2: benese81 collected ($0.05)
Seat 3: vladvvld folded before Flop (didn't bet)
Seat 4: handsRsweaty folded before Flop (didn't bet)
Seat 5: Lorpugo (button) folded before Flop (didn't bet)
Seat 6: peska100 (small blind) folded before Flop



PokerStars Hand #239471387110:  Hold'em No Limit ($0.01/$0.02 USD) - 2022/10/26 17:02:27 ET
Table 'Mensa III' 6-max Seat #6 is the button
Seat 1: bgftr ($2.43 in chips) 
Seat 2: benese81 ($1.02 in chips) 
Seat 3: vladvvld ($2.19 in chips) 
Seat 4: handsRsweaty ($1.90 in chips) 
Seat 5: Lorpugo ($1.63 in chips) 
Seat 6: peska100 ($3.27 in chips) 
bgftr: posts small blind $0.01
benese81: posts big blind $0.02
*** HOLE CARDS ***
Dealt to Lorpugo [5h 3s]
vladvvld: folds 
handsRsweaty: folds 
Lorpugo: folds 
peska100: folds 
bgftr: folds 
Uncalled bet ($0.01) returned to benese81
benese81 collected $0.02 from pot
benese81: doesn't show hand 
*** SUMMARY ***
Total pot $0.02 | Rake $0 
Seat 1: bgftr (small blind) folded before Flop
Seat 2: benese81 (big blind) collected ($0.02)
Seat 3: vladvvld folded before Flop (didn't bet)
Seat 4: handsRsweaty folded before Flop (didn't bet)
Seat 5: Lorpugo folded before Flop (didn't bet)
Seat 6: peska100 (button) folded before Flop (didn't bet)



PokerStars Hand #239471392553:  Hold'em No Limit ($0.01/$0.02 USD) - 2022/10/26 17:02:42 ET
Table 'Mensa III' 6-max Seat #1 is the button
Seat 1: bgftr ($2.42 in chips) 
Seat 2: benese81 ($1.03 in chips) 
Seat 3: vladvvld ($2.19 in chips) 
Seat 4: handsRsweaty ($1.90 in chips) 
Seat 5: Lorpugo ($1.63 in chips) 
Seat 6: peska100 ($3.27 in chips) 
benese81: posts small blind $0.01
vladvvld: posts big blind $0.02
*** HOLE CARDS ***
Dealt to Lorpugo [Kc 4s]
handsRsweaty: folds 
Lorpugo: folds 
peska100: folds 
bgftr: folds 
benese81: raises $1.01 to $1.03 and is all-in
vladvvld: folds 
Uncalled bet ($1.01) returned to benese81
benese81 collected $0.04 from pot
benese81: doesn't show hand 
*** SUMMARY ***
Total pot $0.04 | Rake $0 
Seat 1: bgftr (button) folded before Flop (didn't bet)
Seat 2: benese81 (small blind) collected ($0.04)
Seat 3: vladvvld (big blind) folded before Flop
Seat 4: handsRsweaty folded before Flop (didn't bet)
Seat 5: Lorpugo folded before Flop (didn't bet)
Seat 6: peska100 folded before Flop (didn't bet)



PokerStars Hand #239471401329:  Hold'em No Limit ($0.01/$0.02 USD) - 2022/10/26 17:03:07 ET
Table 'Mensa III' 6-max Seat #2 is the button
Seat 1: bgftr ($2.42 in chips) 
Seat 2: benese81 ($1.05 in chips) 
Seat 3: vladvvld ($2.17 in chips) 
Seat 4: handsRsweaty ($1.90 in chips) 
Seat 5: Lorpugo ($1.63 in chips) 
Seat 6: peska100 ($3.27 in chips) 
vladvvld: posts small blind $0.01
handsRsweaty: posts big blind $0.02
*** HOLE CARDS ***
Dealt to Lorpugo [9d 8s]
Lorpugo: folds 
peska100: folds 
bgftr: folds 
benese81: raises $1.03 to $1.05 and is all-in
vladvvld: folds 
handsRsweaty: folds 
Uncalled bet ($1.03) returned to benese81
benese81 collected $0.05 from pot
benese81: doesn't show hand 
*** SUMMARY ***
Total pot $0.05 | Rake $0 
Seat 1: bgftr folded before Flop (didn't bet)
Seat 2: benese81 (button) collected ($0.05)
Seat 3: vladvvld (small blind) folded before Flop
Seat 4: handsRsweaty (big blind) folded before Flop
Seat 5: Lorpugo folded before Flop (didn't bet)
Seat 6: peska100 folded before Flop (didn't bet)



PokerStars Hand #239471406433:  Hold'em No Limit ($0.01/$0.02 USD) - 2022/10/26 17:03:21 ET
Table 'Mensa III' 6-max Seat #3 is the button
Seat 1: bgftr ($2.42 in chips) 
Seat 2: benese81 ($1.08 in chips) 
Seat 3: vladvvld ($2.16 in chips) 
Seat 4: handsRsweaty ($1.88 in chips) 
Seat 5: Lorpugo ($1.63 in chips) 
Seat 6: peska100 ($3.27 in chips) 
handsRsweaty: posts small blind $0.01
Lorpugo: posts big blind $0.02
*** HOLE CARDS ***
Dealt to Lorpugo [3c Kc]
peska100: folds 
bgftr: folds 
benese81: folds 
vladvvld: calls $0.02
handsRsweaty: folds 
Lorpugo: checks 
*** FLOP *** [Td 2d 3h]
benese81 leaves the table
Lorpugo: bets $0.03
despot17 joins the table at seat #2 
vladvvld: folds 
Uncalled bet ($0.03) returned to Lorpugo
Lorpugo collected $0.05 from pot
Lorpugo: doesn't show hand 
*** SUMMARY ***
Total pot $0.05 | Rake $0 
Board [Td 2d 3h]
Seat 1: bgftr folded before Flop (didn't bet)
Seat 2: benese81 folded before Flop (didn't bet)
Seat 3: vladvvld (button) folded on the Flop
Seat 4: handsRsweaty (small blind) folded before Flop
Seat 5: Lorpugo (big blind) collected ($0.05)
Seat 6: peska100 folded before Flop (didn't bet)



PokerStars Hand #239471418355:  Hold'em No Limit ($0.01/$0.02 USD) - 2022/10/26 17:03:53 ET
Table 'Mensa III' 6-max Seat #4 is the button
Seat 1: bgftr ($2.42 in chips) 
Seat 3: vladvvld ($2.14 in chips) 
Seat 4: handsRsweaty ($1.87 in chips) 
Seat 5: Lorpugo ($1.66 in chips) 
Seat 6: peska100 ($3.27 in chips) 
Lorpugo: posts small blind $0.01
peska100: posts big blind $0.02
despot17: sits out 
*** HOLE CARDS ***
Dealt to Lorpugo [Ac 5d]
bgftr: raises $0.04 to $0.06
vladvvld: folds 
handsRsweaty: calls $0.06
Lorpugo: folds 
peska100: folds 
*** FLOP *** [Kd Kh 2h]
bgftr: bets $0.07
handsRsweaty: folds 
Uncalled bet ($0.07) returned to bgftr
bgftr collected $0.14 from pot
bgftr: doesn't show hand 
*** SUMMARY ***
Total pot $0.15 | Rake $0.01 
Board [Kd Kh 2h]
Seat 1: bgftr collected ($0.14)
Seat 3: vladvvld folded before Flop (didn't bet)
Seat 4: handsRsweaty (button) folded on the Flop
Seat 5: Lorpugo (small blind) folded before Flop
Seat 6: peska100 (big blind) folded before Flop



PokerStars Hand #239471430519:  Hold'em No Limit ($0.01/$0.02 USD) - 2022/10/26 17:04:26 ET
Table 'Mensa III' 6-max Seat #5 is the button
Seat 1: bgftr ($2.50 in chips) 
Seat 3: vladvvld ($2.14 in chips) 
Seat 4: handsRsweaty ($1.81 in chips) 
Seat 5: Lorpugo ($1.65 in chips) 
Seat 6: peska100 ($3.25 in chips) 
peska100: posts small blind $0.01
bgftr: posts big blind $0.02
despot17: sits out 
*** HOLE CARDS ***
Dealt to Lorpugo [Kd Ks]
vladvvld: folds 
handsRsweaty: folds 
Lorpugo: raises $0.04 to $0.06
peska100: folds 
bgftr: folds 
Uncalled bet ($0.04) returned to Lorpugo
Lorpugo collected $0.05 from pot
Lorpugo: doesn't show hand 
*** SUMMARY ***
Total pot $0.05 | Rake $0 
Seat 1: bgftr (big blind) folded before Flop
Seat 3: vladvvld folded before Flop (didn't bet)
Seat 4: handsRsweaty folded before Flop (didn't bet)
Seat 5: Lorpugo (button) collected ($0.05)
Seat 6: peska100 (small blind) folded before Flop



PokerStars Hand #239471435718:  Hold'em No Limit ($0.01/$0.02 USD) - 2022/10/26 17:04:40 ET
Table 'Mensa III' 6-max Seat #6 is the button
Seat 1: bgftr ($2.48 in chips) 
Seat 2: despot17 ($2 in chips) 
Seat 3: vladvvld ($2.14 in chips) 
Seat 4: handsRsweaty ($1.81 in chips) 
Seat 5: Lorpugo ($1.68 in chips) 
Seat 6: peska100 ($3.24 in chips) 
bgftr: posts small blind $0.01
despot17: posts big blind $0.02
*** HOLE CARDS ***
Dealt to Lorpugo [3h Ad]
vladvvld: calls $0.02
handsRsweaty: folds 
Lorpugo: folds 
peska100: calls $0.02
bgftr: raises $0.10 to $0.12
despot17: folds 
vladvvld: calls $0.10
peska100: folds 
*** FLOP *** [Qs 5d 6s]
bgftr: bets $0.14
vladvvld: folds 
Uncalled bet ($0.14) returned to bgftr
bgftr collected $0.27 from pot
bgftr: doesn't show hand 
*** SUMMARY ***
Total pot $0.28 | Rake $0.01 
Board [Qs 5d 6s]
Seat 1: bgftr (small blind) collected ($0.27)
Seat 2: despot17 (big blind) folded before Flop
Seat 3: vladvvld folded on the Flop
Seat 4: handsRsweaty folded before Flop (didn't bet)
Seat 5: Lorpugo folded before Flop (didn't bet)
Seat 6: peska100 (button) folded before Flop



PokerStars Hand #239471453810:  Hold'em No Limit ($0.01/$0.02 USD) - 2022/10/26 17:05:29 ET
Table 'Mensa III' 6-max Seat #1 is the button
Seat 1: bgftr ($2.63 in chips) 
Seat 2: despot17 ($1.98 in chips) 
Seat 3: vladvvld ($2.02 in chips) 
Seat 4: handsRsweaty ($1.81 in chips) 
Seat 5: Lorpugo ($1.68 in chips) 
Seat 6: peska100 ($3.22 in chips) 
despot17: posts small blind $0.01
vladvvld: posts big blind $0.02
*** HOLE CARDS ***
Dealt to Lorpugo [As 6h]
handsRsweaty: folds 
Lorpugo: folds 
peska100: calls $0.02
bgftr: folds 
despot17: folds 
vladvvld: raises $0.02 to $0.04
peska100: calls $0.02
*** FLOP *** [7s Td 9s]
vladvvld: bets $0.04
peska100: calls $0.04
*** TURN *** [7s Td 9s] [Ad]
vladvvld: bets $0.08
peska100: folds 
Uncalled bet ($0.08) returned to vladvvld
vladvvld collected $0.16 from pot
*** SUMMARY ***
Total pot $0.17 | Rake $0.01 
Board [7s Td 9s Ad]
Seat 1: bgftr (button) folded before Flop (didn't bet)
Seat 2: despot17 (small blind) folded before Flop
Seat 3: vladvvld (big blind) collected ($0.16)
Seat 4: handsRsweaty folded before Flop (didn't bet)
Seat 5: Lorpugo folded before Flop (didn't bet)
Seat 6: peska100 folded on the Turn



PokerStars Hand #239471475295:  Hold'em No Limit ($0.01/$0.02 USD) - 2022/10/26 17:06:26 ET
Table 'Mensa III' 6-max Seat #2 is the button
Seat 1: bgftr ($2.63 in chips) 
Seat 2: despot17 ($1.97 in chips) 
Seat 3: vladvvld ($2.10 in chips) 
Seat 4: handsRsweaty ($1.81 in chips) 
Seat 5: Lorpugo ($1.68 in chips) 
Seat 6: peska100 ($3.14 in chips) 
vladvvld: posts small blind $0.01
handsRsweaty: posts big blind $0.02
*** HOLE CARDS ***
Dealt to Lorpugo [7d Qh]
Lorpugo: folds 
peska100: folds 
bgftr: folds 
despot17: folds 
vladvvld: raises $0.02 to $0.04
handsRsweaty: folds 
Uncalled bet ($0.02) returned to vladvvld
vladvvld collected $0.04 from pot
*** SUMMARY ***
Total pot $0.04 | Rake $0 
Seat 1: bgftr folded before Flop (didn't bet)
Seat 2: despot17 (button) folded before Flop (didn't bet)
Seat 3: vladvvld (small blind) collected ($0.04)
Seat 4: handsRsweaty (big blind) folded before Flop
Seat 5: Lorpugo folded before Flop (didn't bet)
Seat 6: peska100 folded before Flop (didn't bet)



PokerStars Hand #239471481078:  Hold'em No Limit ($0.01/$0.02 USD) - 2022/10/26 17:06:42 ET
Table 'Mensa III' 6-max Seat #3 is the button
Seat 1: bgftr ($2.63 in chips) 
Seat 2: despot17 ($1.97 in chips) 
Seat 3: vladvvld ($2.12 in chips) 
Seat 4: handsRsweaty ($1.79 in chips) 
Seat 5: Lorpugo ($1.68 in chips) 
Seat 6: peska100 ($3.14 in chips) 
handsRsweaty: posts small blind $0.01
Lorpugo: posts big blind $0.02
*** HOLE CARDS ***
Dealt to Lorpugo [4s 2d]
peska100: folds 
bgftr: folds 
despot17: folds 
vladvvld: raises $0.04 to $0.06
handsRsweaty: folds 
Lorpugo: folds 
Uncalled bet ($0.04) returned to vladvvld
vladvvld collected $0.05 from pot
*** SUMMARY ***
Total pot $0.05 | Rake $0 
Seat 1: bgftr folded before Flop (didn't bet)
Seat 2: despot17 folded before Flop (didn't bet)
Seat 3: vladvvld (button) collected ($0.05)
Seat 4: handsRsweaty (small blind) folded before Flop
Seat 5: Lorpugo (big blind) folded before Flop
Seat 6: peska100 folded before Flop (didn't bet)



PokerStars Hand #239471491058:  Hold'em No Limit ($0.01/$0.02 USD) - 2022/10/26 17:07:09 ET
Table 'Mensa III' 6-max Seat #4 is the button
Seat 1: bgftr ($2.63 in chips) 
Seat 2: despot17 ($1.97 in chips) 
Seat 3: vladvvld ($2.15 in chips) 
Seat 4: handsRsweaty ($1.78 in chips) 
Seat 5: Lorpugo ($1.66 in chips) 
Seat 6: peska100 ($3.14 in chips) 
Lorpugo: posts small blind $0.01
peska100: posts big blind $0.02
*** HOLE CARDS ***
Dealt to Lorpugo [Ks 5c]
bgftr: raises $0.04 to $0.06
despot17: folds 
vladvvld: folds 
handsRsweaty: folds 
Lorpugo: folds 
peska100: folds 
Uncalled bet ($0.04) returned to bgftr
bgftr collected $0.05 from pot
bgftr: doesn't show hand 
*** SUMMARY ***
Total pot $0.05 | Rake $0 
Seat 1: bgftr collected ($0.05)
Seat 2: despot17 folded before Flop (didn't bet)
Seat 3: vladvvld folded before Flop (didn't bet)
Seat 4: handsRsweaty (button) folded before Flop (didn't bet)
Seat 5: Lorpugo (small blind) folded before Flop
Seat 6: peska100 (big blind) folded before Flop



PokerStars Hand #239471499275:  Hold'em No Limit ($0.01/$0.02 USD) - 2022/10/26 17:07:31 ET
Table 'Mensa III' 6-max Seat #5 is the button
Seat 1: bgftr ($2.66 in chips) 
Seat 2: despot17 ($1.97 in chips) 
Seat 3: vladvvld ($2.15 in chips) 
Seat 4: handsRsweaty ($1.78 in chips) 
Seat 5: Lorpugo ($1.65 in chips) 
Seat 6: peska100 ($3.12 in chips) 
peska100: posts small blind $0.01
bgftr: posts big blind $0.02
*** HOLE CARDS ***
Dealt to Lorpugo [7d 7h]
despot17: folds 
vladvvld: calls $0.02
handsRsweaty: folds 
Lorpugo: raises $0.07 to $0.09
peska100: folds 
bgftr: folds 
vladvvld: calls $0.07
*** FLOP *** [Qc 3c Ac]
vladvvld: checks 
Lorpugo: checks 
*** TURN *** [Qc 3c Ac] [6s]
vladvvld: checks 
Lorpugo: checks 
*** RIVER *** [Qc 3c Ac 6s] [Ad]
vladvvld: checks 
Lorpugo: bets $0.10
vladvvld: folds 
Uncalled bet ($0.10) returned to Lorpugo
Lorpugo collected $0.20 from pot
Lorpugo: doesn't show hand 
*** SUMMARY ***
Total pot $0.21 | Rake $0.01 
Board [Qc 3c Ac 6s Ad]
Seat 1: bgftr (big blind) folded before Flop
Seat 2: despot17 folded before Flop (didn't bet)
Seat 3: vladvvld folded on the River
Seat 4: handsRsweaty folded before Flop (didn't bet)
Seat 5: Lorpugo (button) collected ($0.20)
Seat 6: peska100 (small blind) folded before Flop



PokerStars Hand #239471525039:  Hold'em No Limit ($0.01/$0.02 USD) - 2022/10/26 17:08:41 ET
Table 'Mensa III' 6-max Seat #6 is the button
Seat 1: bgftr ($2.64 in chips) 
Seat 2: despot17 ($1.97 in chips) 
Seat 3: vladvvld ($2.06 in chips) 
Seat 4: handsRsweaty ($1.78 in chips) 
Seat 5: Lorpugo ($1.76 in chips) 
Seat 6: peska100 ($3.11 in chips) 
bgftr: posts small blind $0.01
despot17: posts big blind $0.02
*** HOLE CARDS ***
Dealt to Lorpugo [Ks 9d]
vladvvld: folds 
handsRsweaty: folds 
Lorpugo: raises $0.04 to $0.06
peska100 has timed out
peska100: folds 
bgftr: calls $0.05
despot17: folds 
*** FLOP *** [2h 3c 2s]
bgftr: checks 
Lorpugo: bets $0.07
bgftr: folds 
Uncalled bet ($0.07) returned to Lorpugo
Lorpugo collected $0.14 from pot
Lorpugo: doesn't show hand 
*** SUMMARY ***
Total pot $0.14 | Rake $0 
Board [2h 3c 2s]
Seat 1: bgftr (small blind) folded on the Flop
Seat 2: despot17 (big blind) folded before Flop
Seat 3: vladvvld folded before Flop (didn't bet)
Seat 4: handsRsweaty folded before Flop (didn't bet)
Seat 5: Lorpugo collected ($0.14)
Seat 6: peska100 (button) folded before Flop (didn't bet)



PokerStars Hand #239471545208:  Hold'em No Limit ($0.01/$0.02 USD) - 2022/10/26 17:09:35 ET
Table 'Mensa III' 6-max Seat #1 is the button
Seat 1: bgftr ($2.58 in chips) 
Seat 2: despot17 ($1.95 in chips) 
Seat 3: vladvvld ($2.06 in chips) 
Seat 4: handsRsweaty ($1.78 in chips) 
Seat 5: Lorpugo ($1.84 in chips) 
Seat 6: peska100 ($3.11 in chips) 
despot17: posts small blind $0.01
vladvvld: posts big blind $0.02
*** HOLE CARDS ***
Dealt to Lorpugo [8s Qc]
handsRsweaty: folds 
Lorpugo: folds 
peska100: folds 
bgftr: folds 
despot17: raises $0.04 to $0.06
vladvvld: calls $0.04
*** FLOP *** [3s Kh 6h]
despot17: checks 
vladvvld: bets $0.06
despot17: calls $0.06
*** TURN *** [3s Kh 6h] [6s]
despot17: checks 
vladvvld: bets $0.08
despot17: calls $0.08
*** RIVER *** [3s Kh 6h 6s] [Jh]
despot17: bets $0.30
vladvvld: calls $0.30
*** SHOW DOWN ***
despot17: shows [8h 5h] (a flush, King high)
vladvvld: mucks hand 
despot17 collected $0.96 from pot
*** SUMMARY ***
Total pot $1 | Rake $0.04 
Board [3s Kh 6h 6s Jh]
Seat 1: bgftr (button) folded before Flop (didn't bet)
Seat 2: despot17 (small blind) showed [8h 5h] and won ($0.96) with a flush, King high
Seat 3: vladvvld (big blind) mucked [9h Kd]
Seat 4: handsRsweaty folded before Flop (didn't bet)
Seat 5: Lorpugo folded before Flop (didn't bet)
Seat 6: peska100 folded before Flop (didn't bet)



PokerStars Hand #239471572771:  Hold'em No Limit ($0.01/$0.02 USD) - 2022/10/26 17:10:50 ET
Table 'Mensa III' 6-max Seat #2 is the button
Seat 1: bgftr ($2.58 in chips) 
Seat 2: despot17 ($2.41 in chips) 
Seat 3: vladvvld ($1.56 in chips) 
Seat 4: handsRsweaty ($1.78 in chips) 
Seat 5: Lorpugo ($1.84 in chips) 
Seat 6: peska100 ($3.11 in chips) 
vladvvld: posts small blind $0.01
handsRsweaty: posts big blind $0.02
*** HOLE CARDS ***
Dealt to Lorpugo [4c Kh]
Lorpugo: folds 
peska100: folds 
bgftr: raises $0.04 to $0.06
despot17: folds 
vladvvld: raises $1.50 to $1.56 and is all-in
handsRsweaty: folds 
bgftr: folds 
Uncalled bet ($1.50) returned to vladvvld
vladvvld collected $0.14 from pot
*** SUMMARY ***
Total pot $0.14 | Rake $0 
Seat 1: bgftr folded before Flop
Seat 2: despot17 (button) folded before Flop (didn't bet)
Seat 3: vladvvld (small blind) collected ($0.14)
Seat 4: handsRsweaty (big blind) folded before Flop
Seat 5: Lorpugo folded before Flop (didn't bet)
Seat 6: peska100 folded before Flop (didn't bet)



PokerStars Hand #239471584176:  Hold'em No Limit ($0.01/$0.02 USD) - 2022/10/26 17:11:21 ET
Table 'Mensa III' 6-max Seat #3 is the button
Seat 1: bgftr ($2.52 in chips) 
Seat 2: despot17 ($2.41 in chips) 
Seat 3: vladvvld ($1.64 in chips) 
Seat 4: handsRsweaty ($1.76 in chips) 
Seat 5: Lorpugo ($1.84 in chips) 
Seat 6: peska100 ($3.11 in chips) 
handsRsweaty: posts small blind $0.01
Lorpugo: posts big blind $0.02
*** HOLE CARDS ***
Dealt to Lorpugo [2h 8h]
peska100: folds 
bgftr: raises $0.04 to $0.06
despot17: folds 
vladvvld: folds 
handsRsweaty: folds 
Lorpugo: folds 
Uncalled bet ($0.04) returned to bgftr
bgftr collected $0.05 from pot
bgftr: doesn't show hand 
*** SUMMARY ***
Total pot $0.05 | Rake $0 
Seat 1: bgftr collected ($0.05)
Seat 2: despot17 folded before Flop (didn't bet)
Seat 3: vladvvld (button) folded before Flop (didn't bet)
Seat 4: handsRsweaty (small blind) folded before Flop
Seat 5: Lorpugo (big blind) folded before Flop
Seat 6: peska100 folded before Flop (didn't bet)



PokerStars Hand #239471589959:  Hold'em No Limit ($0.01/$0.02 USD) - 2022/10/26 17:11:36 ET
Table 'Mensa III' 6-max Seat #4 is the button
Seat 1: bgftr ($2.55 in chips) 
Seat 2: despot17 ($2.41 in chips) 
Seat 3: vladvvld ($1.64 in chips) 
Seat 4: handsRsweaty ($1.75 in chips) 
Seat 5: Lorpugo ($1.82 in chips) 
Seat 6: peska100 ($3.11 in chips) 
Lorpugo: posts small blind $0.01
peska100: posts big blind $0.02
*** HOLE CARDS ***
Dealt to Lorpugo [As 9s]
bgftr has timed out
bgftr: folds 
despot17: raises $0.03 to $0.05
vladvvld: folds 
handsRsweaty: folds 
Lorpugo: raises $0.12 to $0.17
peska100: folds 
despot17: calls $0.12
*** FLOP *** [Th Ts Kc]
Lorpugo: checks 
despot17: bets $0.14
Lorpugo: folds 
Uncalled bet ($0.14) returned to despot17
despot17 collected $0.35 from pot
*** SUMMARY ***
Total pot $0.36 | Rake $0.01 
Board [Th Ts Kc]
Seat 1: bgftr folded before Flop (didn't bet)
Seat 2: despot17 collected ($0.35)
Seat 3: vladvvld folded before Flop (didn't bet)
Seat 4: handsRsweaty (button) folded before Flop (didn't bet)
Seat 5: Lorpugo (small blind) folded on the Flop
Seat 6: peska100 (big blind) folded before Flop



PokerStars Hand #239471607233:  Hold'em No Limit ($0.01/$0.02 USD) - 2022/10/26 17:12:23 ET
Table 'Mensa III' 6-max Seat #5 is the button
Seat 2: despot17 ($2.59 in chips) 
Seat 3: vladvvld ($1.64 in chips) 
Seat 4: handsRsweaty ($1.75 in chips) 
Seat 5: Lorpugo ($1.65 in chips) 
Seat 6: peska100 ($3.09 in chips) 
peska100: posts small blind $0.01
despot17: posts big blind $0.02
*** HOLE CARDS ***
Dealt to Lorpugo [2d 9s]
vladvvld: raises $0.04 to $0.06
handsRsweaty: calls $0.06
Lorpugo: folds 
peska100: calls $0.05
despot17: calls $0.04
*** FLOP *** [As 9c Td]
peska100: checks 
despot17: checks 
vladvvld: bets $0.14
handsRsweaty: calls $0.14
peska100: folds 
despot17: calls $0.14
*** TURN *** [As 9c Td] [7d]
despot17: checks 
vladvvld: bets $1.44 and is all-in
handsRsweaty: folds 
despot17: folds 
Uncalled bet ($1.44) returned to vladvvld
vladvvld collected $0.64 from pot
*** SUMMARY ***
Total pot $0.66 | Rake $0.02 
Board [As 9c Td 7d]
Seat 2: despot17 (big blind) folded on the Turn
Seat 3: vladvvld collected ($0.64)
Seat 4: handsRsweaty folded on the Turn
Seat 5: Lorpugo (button) folded before Flop (didn't bet)
Seat 6: peska100 (small blind) folded on the Flop



PokerStars Hand #239471636120:  Hold'em No Limit ($0.01/$0.02 USD) - 2022/10/26 17:13:39 ET
Table 'Mensa III' 6-max Seat #6 is the button
Seat 2: despot17 ($2.39 in chips) 
Seat 3: vladvvld ($2.08 in chips) 
Seat 4: handsRsweaty ($2 in chips) 
Seat 5: Lorpugo ($1.65 in chips) 
Seat 6: peska100 ($3.03 in chips) 
despot17: posts small blind $0.01
vladvvld: posts big blind $0.02
*** HOLE CARDS ***
Dealt to Lorpugo [5s Jd]
handsRsweaty: folds 
Lorpugo: folds 
peska100: raises $0.02 to $0.04
despot17: folds 
vladvvld: calls $0.02
*** FLOP *** [2h 4c Ac]
vladvvld: checks 
peska100: bets $0.03
vladvvld: calls $0.03
*** TURN *** [2h 4c Ac] [Ks]
vladvvld: checks 
peska100: checks 
*** RIVER *** [2h 4c Ac Ks] [7s]
vladvvld: bets $0.06
peska100: folds 
Uncalled bet ($0.06) returned to vladvvld
vladvvld collected $0.14 from pot
*** SUMMARY ***
Total pot $0.15 | Rake $0.01 
Board [2h 4c Ac Ks 7s]
Seat 2: despot17 (small blind) folded before Flop
Seat 3: vladvvld (big blind) collected ($0.14)
Seat 4: handsRsweaty folded before Flop (didn't bet)
Seat 5: Lorpugo folded before Flop (didn't bet)
Seat 6: peska100 (button) folded on the River



PokerStars Hand #239471658098:  Hold'em No Limit ($0.01/$0.02 USD) - 2022/10/26 17:14:38 ET
Table 'Mensa III' 6-max Seat #2 is the button
Seat 2: despot17 ($2.38 in chips) 
Seat 3: vladvvld ($2.15 in chips) 
Seat 4: handsRsweaty ($2 in chips) 
Seat 5: Lorpugo ($1.65 in chips) 
Seat 6: peska100 ($2.96 in chips) 
vladvvld: posts small blind $0.01
handsRsweaty: posts big blind $0.02
*** HOLE CARDS ***
Dealt to Lorpugo [4c Js]
Lorpugo: folds 
peska100: folds 
despot17: folds 
vladvvld: raises $0.02 to $0.04
handsRsweaty: folds 
Uncalled bet ($0.02) returned to vladvvld
vladvvld collected $0.04 from pot
*** SUMMARY ***
Total pot $0.04 | Rake $0 
Seat 2: despot17 (button) folded before Flop (didn't bet)
Seat 3: vladvvld (small blind) collected ($0.04)
Seat 4: handsRsweaty (big blind) folded before Flop
Seat 5: Lorpugo folded before Flop (didn't bet)
Seat 6: peska100 folded before Flop (didn't bet)



PokerStars Hand #239471664331:  Hold'em No Limit ($0.01/$0.02 USD) - 2022/10/26 17:14:54 ET
Table 'Mensa III' 6-max Seat #3 is the button
Seat 2: despot17 ($2.38 in chips) 
Seat 3: vladvvld ($2.17 in chips) 
Seat 4: handsRsweaty ($1.98 in chips) 
Seat 5: Lorpugo ($1.65 in chips) 
Seat 6: peska100 ($2.96 in chips) 
handsRsweaty: posts small blind $0.01
Lorpugo: posts big blind $0.02
*** HOLE CARDS ***
Dealt to Lorpugo [5d 7d]
peska100: folds 
despot17: raises $0.03 to $0.05
vladvvld: calls $0.05
handsRsweaty: folds 
Lorpugo: calls $0.03
*** FLOP *** [9s Jd Tc]
Lorpugo: checks 
despot17: bets $0.11
vladvvld: folds 
Lorpugo: folds 
Uncalled bet ($0.11) returned to despot17
despot17 collected $0.15 from pot
*** SUMMARY ***
Total pot $0.16 | Rake $0.01 
Board [9s Jd Tc]
Seat 2: despot17 collected ($0.15)
Seat 3: vladvvld (button) folded on the Flop
Seat 4: handsRsweaty (small blind) folded before Flop
Seat 5: Lorpugo (big blind) folded on the Flop
Seat 6: peska100 folded before Flop (didn't bet)



PokerStars Hand #239471683470:  Hold'em No Limit ($0.01/$0.02 USD) - 2022/10/26 17:15:45 ET
Table 'Mensa III' 6-max Seat #4 is the button
Seat 2: despot17 ($2.48 in chips) 
Seat 3: vladvvld ($2.12 in chips) 
Seat 4: handsRsweaty ($1.97 in chips) 
Seat 5: Lorpugo ($1.60 in chips) 
Seat 6: peska100 ($2.96 in chips) 
Lorpugo: posts small blind $0.01
peska100: posts big blind $0.02
bgftr: sits out 
*** HOLE CARDS ***
Dealt to Lorpugo [Qs 4s]
despot17: raises $0.03 to $0.05
vladvvld: calls $0.05
handsRsweaty: folds 
Lorpugo: folds 
peska100: folds 
*** FLOP *** [6h Kh 5d]
despot17: checks 
vladvvld: bets $0.06
despot17: folds 
Uncalled bet ($0.06) returned to vladvvld
vladvvld collected $0.13 from pot
*** SUMMARY ***
Total pot $0.13 | Rake $0 
Board [6h Kh 5d]
Seat 2: despot17 folded on the Flop
Seat 3: vladvvld collected ($0.13)
Seat 4: handsRsweaty (button) folded before Flop (didn't bet)
Seat 5: Lorpugo (small blind) folded before Flop
Seat 6: peska100 (big blind) folded before Flop



PokerStars Hand #239471699456:  Hold'em No Limit ($0.01/$0.02 USD) - 2022/10/26 17:16:28 ET
Table 'Mensa III' 6-max Seat #5 is the button
Seat 1: bgftr ($2.55 in chips) 
Seat 2: despot17 ($2.43 in chips) 
Seat 3: vladvvld ($2.20 in chips) 
Seat 4: handsRsweaty ($1.97 in chips) 
Seat 5: Lorpugo ($1.60 in chips) 
Seat 6: peska100 ($2.94 in chips) 
peska100: posts small blind $0.01
bgftr: posts big blind $0.02
*** HOLE CARDS ***
Dealt to Lorpugo [8d Kd]
despot17: folds 
vladvvld: calls $0.02
handsRsweaty: folds 
Lorpugo: raises $0.07 to $0.09
peska100: calls $0.08
bgftr: folds 
vladvvld: calls $0.07
*** FLOP *** [7d 7c Qd]
peska100: checks 
vladvvld: checks 
Lorpugo: bets $0.14
peska100: folds 
vladvvld: folds 
Uncalled bet ($0.14) returned to Lorpugo
Lorpugo collected $0.28 from pot
Lorpugo: doesn't show hand 
*** SUMMARY ***
Total pot $0.29 | Rake $0.01 
Board [7d 7c Qd]
Seat 1: bgftr (big blind) folded before Flop
Seat 2: despot17 folded before Flop (didn't bet)
Seat 3: vladvvld folded on the Flop
Seat 4: handsRsweaty folded before Flop (didn't bet)
Seat 5: Lorpugo (button) collected ($0.28)
Seat 6: peska100 (small blind) folded on the Flop



