PokerStars Hand #239649063590:  Hold'em No Limit ($0.01/$0.02 USD) - 2022/11/04 15:12:05 ET
Table 'Shura III' 6-max Seat #4 is the button
Seat 1: Nol 'thra ($2.40 in chips) 
Seat 2: gabinho20 ($2 in chips) 
Seat 3: alexandru.olari ($1.94 in chips) 
Seat 4: edithpiaf123 ($0.77 in chips) 
Seat 5: pister mister ($5.27 in chips) 
Seat 6: Lorpugo ($1.60 in chips) 
pister mister: posts small blind $0.01
Lorpugo: posts big blind $0.02
*** HOLE CARDS ***
Dealt to Lorpugo [Qh Th]
Nol 'thra: folds 
gabinho20: folds 
alexandru.olari: raises $0.04 to $0.06
edithpiaf123: folds 
pister mister: folds 
Lorpugo: calls $0.04
*** FLOP *** [3s 6s Ad]
Lorpugo: checks 
alexandru.olari: bets $0.10
Lorpugo: folds 
Uncalled bet ($0.10) returned to alexandru.olari
alexandru.olari collected $0.13 from pot
*** SUMMARY ***
Total pot $0.13 | Rake $0 
Board [3s 6s Ad]
Seat 1: Nol 'thra folded before Flop (didn't bet)
Seat 2: gabinho20 folded before Flop (didn't bet)
Seat 3: alexandru.olari collected ($0.13)
Seat 4: edithpiaf123 (button) folded before Flop (didn't bet)
Seat 5: pister mister (small blind) folded before Flop
Seat 6: Lorpugo (big blind) folded on the Flop



PokerStars Hand #239649077733:  Hold'em No Limit ($0.01/$0.02 USD) - 2022/11/04 15:12:43 ET
Table 'Shura III' 6-max Seat #5 is the button
Seat 1: Nol 'thra ($2.40 in chips) 
Seat 2: gabinho20 ($2 in chips) 
Seat 3: alexandru.olari ($2.01 in chips) 
Seat 4: edithpiaf123 ($0.77 in chips) 
Seat 5: pister mister ($5.26 in chips) 
Seat 6: Lorpugo ($1.54 in chips) 
Lorpugo: posts small blind $0.01
Nol 'thra: posts big blind $0.02
*** HOLE CARDS ***
Dealt to Lorpugo [Js Ks]
gabinho20: folds 
alexandru.olari: folds 
edithpiaf123: folds 
pister mister: raises $0.04 to $0.06
Lorpugo: raises $0.14 to $0.20
Nol 'thra: folds 
pister mister: folds 
Uncalled bet ($0.14) returned to Lorpugo
Lorpugo collected $0.14 from pot
Lorpugo: doesn't show hand 
*** SUMMARY ***
Total pot $0.14 | Rake $0 
Seat 1: Nol 'thra (big blind) folded before Flop
Seat 2: gabinho20 folded before Flop (didn't bet)
Seat 3: alexandru.olari folded before Flop (didn't bet)
Seat 4: edithpiaf123 folded before Flop (didn't bet)
Seat 5: pister mister (button) folded before Flop
Seat 6: Lorpugo (small blind) collected ($0.14)



PokerStars Hand #239649085136:  Hold'em No Limit ($0.01/$0.02 USD) - 2022/11/04 15:13:03 ET
Table 'Shura III' 6-max Seat #6 is the button
Seat 1: Nol 'thra ($2.38 in chips) 
Seat 2: gabinho20 ($2 in chips) 
Seat 3: alexandru.olari ($2.01 in chips) 
Seat 4: edithpiaf123 ($0.77 in chips) 
Seat 5: pister mister ($5.20 in chips) 
Seat 6: Lorpugo ($1.62 in chips) 
Nol 'thra: posts small blind $0.01
gabinho20: posts big blind $0.02
*** HOLE CARDS ***
Dealt to Lorpugo [7h Kh]
alexandru.olari has timed out
alexandru.olari: folds 
edithpiaf123: raises $0.04 to $0.06
pister mister: raises $0.14 to $0.20
Lorpugo: folds 
Nol 'thra: folds 
gabinho20: folds 
edithpiaf123: calls $0.14
*** FLOP *** [6d 3s 8h]
edithpiaf123: bets $0.21
pister mister: calls $0.21
*** TURN *** [6d 3s 8h] [Qc]
edithpiaf123: bets $0.36 and is all-in
pister mister: folds 
Uncalled bet ($0.36) returned to edithpiaf123
edithpiaf123 collected $0.82 from pot
*** SUMMARY ***
Total pot $0.85 | Rake $0.03 
Board [6d 3s 8h Qc]
Seat 1: Nol 'thra (small blind) folded before Flop
Seat 2: gabinho20 (big blind) folded before Flop
Seat 3: alexandru.olari folded before Flop (didn't bet)
Seat 4: edithpiaf123 collected ($0.82)
Seat 5: pister mister folded on the Turn
Seat 6: Lorpugo (button) folded before Flop (didn't bet)



PokerStars Hand #239649106691:  Hold'em No Limit ($0.01/$0.02 USD) - 2022/11/04 15:14:01 ET
Table 'Shura III' 6-max Seat #1 is the button
Seat 1: Nol 'thra ($2.37 in chips) 
Seat 2: gabinho20 ($2 in chips) 
Seat 3: alexandru.olari ($2.01 in chips) 
Seat 4: edithpiaf123 ($1.18 in chips) 
Seat 5: pister mister ($4.79 in chips) 
Seat 6: Lorpugo ($1.62 in chips) 
gabinho20: posts small blind $0.01
alexandru.olari: posts big blind $0.02
*** HOLE CARDS ***
Dealt to Lorpugo [6d Ah]
edithpiaf123: raises $0.04 to $0.06
pister mister: folds 
Lorpugo: folds 
Nol 'thra: folds 
gabinho20: folds 
alexandru.olari: folds 
Uncalled bet ($0.04) returned to edithpiaf123
edithpiaf123 collected $0.05 from pot
*** SUMMARY ***
Total pot $0.05 | Rake $0 
Seat 1: Nol 'thra (button) folded before Flop (didn't bet)
Seat 2: gabinho20 (small blind) folded before Flop
Seat 3: alexandru.olari (big blind) folded before Flop
Seat 4: edithpiaf123 collected ($0.05)
Seat 5: pister mister folded before Flop (didn't bet)
Seat 6: Lorpugo folded before Flop (didn't bet)



PokerStars Hand #239649111539:  Hold'em No Limit ($0.01/$0.02 USD) - 2022/11/04 15:14:14 ET
Table 'Shura III' 6-max Seat #2 is the button
Seat 1: Nol 'thra ($2.37 in chips) 
Seat 2: gabinho20 ($2 in chips) 
Seat 3: alexandru.olari ($1.99 in chips) 
Seat 4: edithpiaf123 ($1.21 in chips) 
Seat 5: pister mister ($4.79 in chips) 
Seat 6: Lorpugo ($1.62 in chips) 
alexandru.olari: posts small blind $0.01
edithpiaf123: posts big blind $0.02
*** HOLE CARDS ***
Dealt to Lorpugo [Th Qh]
pister mister: folds 
Lorpugo: raises $0.04 to $0.06
Nol 'thra: folds 
gabinho20: folds 
alexandru.olari: calls $0.05
edithpiaf123: folds 
*** FLOP *** [2h Ac Kh]
alexandru.olari: checks 
Lorpugo: bets $0.09
alexandru.olari: folds 
Uncalled bet ($0.09) returned to Lorpugo
Lorpugo collected $0.14 from pot
Lorpugo: doesn't show hand 
*** SUMMARY ***
Total pot $0.14 | Rake $0 
Board [2h Ac Kh]
Seat 1: Nol 'thra folded before Flop (didn't bet)
Seat 2: gabinho20 (button) folded before Flop (didn't bet)
Seat 3: alexandru.olari (small blind) folded on the Flop
Seat 4: edithpiaf123 (big blind) folded before Flop
Seat 5: pister mister folded before Flop (didn't bet)
Seat 6: Lorpugo collected ($0.14)



PokerStars Hand #239649129086:  Hold'em No Limit ($0.01/$0.02 USD) - 2022/11/04 15:15:00 ET
Table 'Shura III' 6-max Seat #3 is the button
Seat 1: Nol 'thra ($2.37 in chips) 
Seat 2: gabinho20 ($2 in chips) 
Seat 3: alexandru.olari ($1.93 in chips) 
Seat 4: edithpiaf123 ($1.19 in chips) 
Seat 5: pister mister ($4.79 in chips) 
Seat 6: Lorpugo ($1.70 in chips) 
edithpiaf123: posts small blind $0.01
pister mister: posts big blind $0.02
*** HOLE CARDS ***
Dealt to Lorpugo [6h 6d]
Lorpugo: raises $0.04 to $0.06
Nol 'thra: folds 
gabinho20: folds 
alexandru.olari: calls $0.06
edithpiaf123: folds 
pister mister: calls $0.04
*** FLOP *** [9c 4d 4h]
pister mister: checks 
Lorpugo: bets $0.12
alexandru.olari: folds 
pister mister: folds 
Uncalled bet ($0.12) returned to Lorpugo
Lorpugo collected $0.18 from pot
Lorpugo: doesn't show hand 
*** SUMMARY ***
Total pot $0.19 | Rake $0.01 
Board [9c 4d 4h]
Seat 1: Nol 'thra folded before Flop (didn't bet)
Seat 2: gabinho20 folded before Flop (didn't bet)
Seat 3: alexandru.olari (button) folded on the Flop
Seat 4: edithpiaf123 (small blind) folded before Flop
Seat 5: pister mister (big blind) folded on the Flop
Seat 6: Lorpugo collected ($0.18)



PokerStars Hand #239649140474:  Hold'em No Limit ($0.01/$0.02 USD) - 2022/11/04 15:15:31 ET
Table 'Shura III' 6-max Seat #4 is the button
Seat 1: Nol 'thra ($2.37 in chips) 
Seat 2: gabinho20 ($2 in chips) 
Seat 3: alexandru.olari ($1.87 in chips) 
Seat 4: edithpiaf123 ($1.18 in chips) 
Seat 5: pister mister ($4.73 in chips) 
Seat 6: Lorpugo ($1.82 in chips) 
pister mister: posts small blind $0.01
Lorpugo: posts big blind $0.02
*** HOLE CARDS ***
Dealt to Lorpugo [3c As]
Nol 'thra: folds 
gabinho20: folds 
alexandru.olari: raises $0.04 to $0.06
edithpiaf123: folds 
pister mister: folds 
Lorpugo: calls $0.04
*** FLOP *** [Qh 9c 3h]
Lorpugo: checks 
alexandru.olari: bets $0.04
Lorpugo: calls $0.04
*** TURN *** [Qh 9c 3h] [Ah]
Lorpugo: checks 
alexandru.olari: checks 
*** RIVER *** [Qh 9c 3h Ah] [Ts]
Lorpugo: bets $0.10
alexandru.olari: calls $0.10
*** SHOW DOWN ***
Lorpugo: shows [3c As] (two pair, Aces and Threes)
alexandru.olari: mucks hand 
Lorpugo collected $0.40 from pot
*** SUMMARY ***
Total pot $0.41 | Rake $0.01 
Board [Qh 9c 3h Ah Ts]
Seat 1: Nol 'thra folded before Flop (didn't bet)
Seat 2: gabinho20 folded before Flop (didn't bet)
Seat 3: alexandru.olari mucked [Kd Td]
Seat 4: edithpiaf123 (button) folded before Flop (didn't bet)
Seat 5: pister mister (small blind) folded before Flop
Seat 6: Lorpugo (big blind) showed [3c As] and won ($0.40) with two pair, Aces and Threes



PokerStars Hand #239649156251:  Hold'em No Limit ($0.01/$0.02 USD) - 2022/11/04 15:16:12 ET
Table 'Shura III' 6-max Seat #5 is the button
Seat 1: Nol 'thra ($2.37 in chips) 
Seat 2: gabinho20 ($2 in chips) 
Seat 3: alexandru.olari ($1.67 in chips) 
Seat 4: edithpiaf123 ($1.18 in chips) 
Seat 5: pister mister ($4.72 in chips) 
Seat 6: Lorpugo ($2.02 in chips) 
Lorpugo: posts small blind $0.01
Nol 'thra: posts big blind $0.02
*** HOLE CARDS ***
Dealt to Lorpugo [8d 7s]
gabinho20: folds 
alexandru.olari: raises $0.04 to $0.06
edithpiaf123: folds 
pister mister: folds 
Lorpugo: folds 
Nol 'thra: folds 
Uncalled bet ($0.04) returned to alexandru.olari
alexandru.olari collected $0.05 from pot
*** SUMMARY ***
Total pot $0.05 | Rake $0 
Seat 1: Nol 'thra (big blind) folded before Flop
Seat 2: gabinho20 folded before Flop (didn't bet)
Seat 3: alexandru.olari collected ($0.05)
Seat 4: edithpiaf123 folded before Flop (didn't bet)
Seat 5: pister mister (button) folded before Flop (didn't bet)
Seat 6: Lorpugo (small blind) folded before Flop



PokerStars Hand #239649162609:  Hold'em No Limit ($0.01/$0.02 USD) - 2022/11/04 15:16:29 ET
Table 'Shura III' 6-max Seat #6 is the button
Seat 1: Nol 'thra ($2.35 in chips) 
Seat 2: gabinho20 ($2 in chips) 
Seat 3: alexandru.olari ($1.70 in chips) 
Seat 4: edithpiaf123 ($1.18 in chips) 
Seat 5: pister mister ($4.72 in chips) 
Seat 6: Lorpugo ($2.01 in chips) 
Nol 'thra: posts small blind $0.01
gabinho20: posts big blind $0.02
*** HOLE CARDS ***
Dealt to Lorpugo [5s Kc]
alexandru.olari: calls $0.02
edithpiaf123: folds 
pister mister: folds 
Lorpugo: folds 
Nol 'thra: folds 
gabinho20: raises $0.06 to $0.08
alexandru.olari: folds 
Uncalled bet ($0.06) returned to gabinho20
gabinho20 collected $0.05 from pot
gabinho20: doesn't show hand 
*** SUMMARY ***
Total pot $0.05 | Rake $0 
Seat 1: Nol 'thra (small blind) folded before Flop
Seat 2: gabinho20 (big blind) collected ($0.05)
Seat 3: alexandru.olari folded before Flop
Seat 4: edithpiaf123 folded before Flop (didn't bet)
Seat 5: pister mister folded before Flop (didn't bet)
Seat 6: Lorpugo (button) folded before Flop (didn't bet)



PokerStars Hand #239649169964:  Hold'em No Limit ($0.01/$0.02 USD) - 2022/11/04 15:16:49 ET
Table 'Shura III' 6-max Seat #1 is the button
Seat 1: Nol 'thra ($2.34 in chips) 
Seat 2: gabinho20 ($2.03 in chips) 
Seat 3: alexandru.olari ($1.68 in chips) 
Seat 4: edithpiaf123 ($1.18 in chips) 
Seat 5: pister mister ($4.72 in chips) 
Seat 6: Lorpugo ($2.01 in chips) 
gabinho20: posts small blind $0.01
alexandru.olari: posts big blind $0.02
*** HOLE CARDS ***
Dealt to Lorpugo [Js 4s]
edithpiaf123: folds 
pister mister: folds 
Lorpugo: folds 
Nol 'thra: raises $0.04 to $0.06
gabinho20: folds 
alexandru.olari: calls $0.04
*** FLOP *** [8s Kd Qd]
alexandru.olari: checks 
Nol 'thra: checks 
*** TURN *** [8s Kd Qd] [2s]
alexandru.olari: bets $0.06
Nol 'thra: raises $0.13 to $0.19
alexandru.olari: folds 
Uncalled bet ($0.13) returned to Nol 'thra
Nol 'thra collected $0.24 from pot
Nol 'thra: doesn't show hand 
*** SUMMARY ***
Total pot $0.25 | Rake $0.01 
Board [8s Kd Qd 2s]
Seat 1: Nol 'thra (button) collected ($0.24)
Seat 2: gabinho20 (small blind) folded before Flop
Seat 3: alexandru.olari (big blind) folded on the Turn
Seat 4: edithpiaf123 folded before Flop (didn't bet)
Seat 5: pister mister folded before Flop (didn't bet)
Seat 6: Lorpugo folded before Flop (didn't bet)



PokerStars Hand #239649181644:  Hold'em No Limit ($0.01/$0.02 USD) - 2022/11/04 15:17:20 ET
Table 'Shura III' 6-max Seat #2 is the button
Seat 1: Nol 'thra ($2.46 in chips) 
Seat 2: gabinho20 ($2.02 in chips) 
Seat 3: alexandru.olari ($1.56 in chips) 
Seat 4: edithpiaf123 ($1.18 in chips) 
Seat 5: pister mister ($4.72 in chips) 
Seat 6: Lorpugo ($2.01 in chips) 
alexandru.olari: posts small blind $0.01
edithpiaf123: posts big blind $0.02
*** HOLE CARDS ***
Dealt to Lorpugo [Qd 5s]
pister mister: folds 
Lorpugo: folds 
Nol 'thra: raises $0.04 to $0.06
gabinho20: folds 
alexandru.olari: folds 
edithpiaf123: folds 
Uncalled bet ($0.04) returned to Nol 'thra
Nol 'thra collected $0.05 from pot
Nol 'thra: doesn't show hand 
*** SUMMARY ***
Total pot $0.05 | Rake $0 
Seat 1: Nol 'thra collected ($0.05)
Seat 2: gabinho20 (button) folded before Flop (didn't bet)
Seat 3: alexandru.olari (small blind) folded before Flop
Seat 4: edithpiaf123 (big blind) folded before Flop
Seat 5: pister mister folded before Flop (didn't bet)
Seat 6: Lorpugo folded before Flop (didn't bet)



PokerStars Hand #239649187842:  Hold'em No Limit ($0.01/$0.02 USD) - 2022/11/04 15:17:36 ET
Table 'Shura III' 6-max Seat #3 is the button
Seat 1: Nol 'thra ($2.49 in chips) 
Seat 2: gabinho20 ($2.02 in chips) 
Seat 3: alexandru.olari ($1.55 in chips) 
Seat 4: edithpiaf123 ($1.16 in chips) 
Seat 5: pister mister ($4.72 in chips) 
Seat 6: Lorpugo ($2.01 in chips) 
edithpiaf123: posts small blind $0.01
pister mister: posts big blind $0.02
*** HOLE CARDS ***
Dealt to Lorpugo [Qs As]
Lorpugo: raises $0.04 to $0.06
Nol 'thra: folds 
gabinho20: raises $0.12 to $0.18
alexandru.olari: folds 
edithpiaf123: folds 
pister mister: folds 
Lorpugo: calls $0.12
*** FLOP *** [Th 9h 2s]
Lorpugo: checks 
gabinho20: bets $0.27
Lorpugo: calls $0.27
*** TURN *** [Th 9h 2s] [3h]
Lorpugo: checks 
gabinho20: bets $0.45
Lorpugo: folds 
Uncalled bet ($0.45) returned to gabinho20
gabinho20 collected $0.90 from pot
gabinho20: doesn't show hand 
*** SUMMARY ***
Total pot $0.93 | Rake $0.03 
Board [Th 9h 2s 3h]
Seat 1: Nol 'thra folded before Flop (didn't bet)
Seat 2: gabinho20 collected ($0.90)
Seat 3: alexandru.olari (button) folded before Flop (didn't bet)
Seat 4: edithpiaf123 (small blind) folded before Flop
Seat 5: pister mister (big blind) folded before Flop
Seat 6: Lorpugo folded on the Turn



PokerStars Hand #239649215015:  Hold'em No Limit ($0.01/$0.02 USD) - 2022/11/04 15:18:48 ET
Table 'Shura III' 6-max Seat #4 is the button
Seat 1: Nol 'thra ($2.49 in chips) 
Seat 2: gabinho20 ($2.47 in chips) 
Seat 3: alexandru.olari ($1.55 in chips) 
Seat 4: edithpiaf123 ($1.15 in chips) 
Seat 5: pister mister ($4.70 in chips) 
Seat 6: Lorpugo ($1.56 in chips) 
pister mister: posts small blind $0.01
Lorpugo: posts big blind $0.02
*** HOLE CARDS ***
Dealt to Lorpugo [3h 7c]
Nol 'thra: folds 
gabinho20: folds 
alexandru.olari: folds 
edithpiaf123: raises $0.04 to $0.06
pister mister: folds 
Lorpugo: folds 
Uncalled bet ($0.04) returned to edithpiaf123
edithpiaf123 collected $0.05 from pot
*** SUMMARY ***
Total pot $0.05 | Rake $0 
Seat 1: Nol 'thra folded before Flop (didn't bet)
Seat 2: gabinho20 folded before Flop (didn't bet)
Seat 3: alexandru.olari folded before Flop (didn't bet)
Seat 4: edithpiaf123 (button) collected ($0.05)
Seat 5: pister mister (small blind) folded before Flop
Seat 6: Lorpugo (big blind) folded before Flop



PokerStars Hand #239649221386:  Hold'em No Limit ($0.01/$0.02 USD) - 2022/11/04 15:19:05 ET
Table 'Shura III' 6-max Seat #5 is the button
Seat 1: Nol 'thra ($2.49 in chips) 
Seat 2: gabinho20 ($2.47 in chips) 
Seat 3: alexandru.olari ($1.55 in chips) 
Seat 4: edithpiaf123 ($1.18 in chips) 
Seat 5: pister mister ($4.69 in chips) 
Seat 6: Lorpugo ($1.54 in chips) 
Lorpugo: posts small blind $0.01
Nol 'thra: posts big blind $0.02
*** HOLE CARDS ***
Dealt to Lorpugo [Kd 3h]
gabinho20: raises $0.04 to $0.06
alexandru.olari: folds 
edithpiaf123: calls $0.06
pister mister: raises $0.24 to $0.30
Lorpugo: folds 
Nol 'thra: folds 
gabinho20: folds 
edithpiaf123: folds 
Uncalled bet ($0.24) returned to pister mister
pister mister collected $0.21 from pot
pister mister: doesn't show hand 
*** SUMMARY ***
Total pot $0.21 | Rake $0 
Seat 1: Nol 'thra (big blind) folded before Flop
Seat 2: gabinho20 folded before Flop
Seat 3: alexandru.olari folded before Flop (didn't bet)
Seat 4: edithpiaf123 folded before Flop
Seat 5: pister mister (button) collected ($0.21)
Seat 6: Lorpugo (small blind) folded before Flop



PokerStars Hand #239649236452:  Hold'em No Limit ($0.01/$0.02 USD) - 2022/11/04 15:19:45 ET
Table 'Shura III' 6-max Seat #6 is the button
Seat 1: Nol 'thra ($2.47 in chips) 
Seat 2: gabinho20 ($2.41 in chips) 
Seat 3: alexandru.olari ($1.55 in chips) 
Seat 4: edithpiaf123 ($1.12 in chips) 
Seat 5: pister mister ($4.84 in chips) 
Seat 6: Lorpugo ($1.53 in chips) 
Nol 'thra: posts small blind $0.01
gabinho20: posts big blind $0.02
*** HOLE CARDS ***
Dealt to Lorpugo [Qd 2s]
alexandru.olari: raises $0.04 to $0.06
edithpiaf123: calls $0.06
pister mister: folds 
Lorpugo: folds 
Nol 'thra: folds 
gabinho20: folds 
*** FLOP *** [4h Ad Jd]
alexandru.olari: bets $0.04
edithpiaf123: calls $0.04
*** TURN *** [4h Ad Jd] [6d]
alexandru.olari: bets $0.13
edithpiaf123: folds 
Uncalled bet ($0.13) returned to alexandru.olari
alexandru.olari collected $0.22 from pot
*** SUMMARY ***
Total pot $0.23 | Rake $0.01 
Board [4h Ad Jd 6d]
Seat 1: Nol 'thra (small blind) folded before Flop
Seat 2: gabinho20 (big blind) folded before Flop
Seat 3: alexandru.olari collected ($0.22)
Seat 4: edithpiaf123 folded on the Turn
Seat 5: pister mister folded before Flop (didn't bet)
Seat 6: Lorpugo (button) folded before Flop (didn't bet)



PokerStars Hand #239649249277:  Hold'em No Limit ($0.01/$0.02 USD) - 2022/11/04 15:20:19 ET
Table 'Shura III' 6-max Seat #1 is the button
Seat 1: Nol 'thra ($2.46 in chips) 
Seat 2: gabinho20 ($2.39 in chips) 
Seat 3: alexandru.olari ($1.67 in chips) 
Seat 4: edithpiaf123 ($1.02 in chips) 
Seat 5: pister mister ($4.84 in chips) 
Seat 6: Lorpugo ($1.53 in chips) 
gabinho20: posts small blind $0.01
alexandru.olari: posts big blind $0.02
*** HOLE CARDS ***
Dealt to Lorpugo [Th Js]
edithpiaf123: folds 
pister mister: folds 
Lorpugo: raises $0.04 to $0.06
Nol 'thra: folds 
gabinho20: folds 
alexandru.olari: raises $0.06 to $0.12
Lorpugo: calls $0.06
*** FLOP *** [Kc 2c 7h]
alexandru.olari: bets $0.06
Lorpugo: calls $0.06
*** TURN *** [Kc 2c 7h] [Td]
alexandru.olari: bets $0.08
Lorpugo: calls $0.08
*** RIVER *** [Kc 2c 7h Td] [Jh]
alexandru.olari: bets $0.14
Lorpugo: raises $0.52 to $0.66
alexandru.olari: calls $0.52
*** SHOW DOWN ***
Lorpugo: shows [Th Js] (two pair, Jacks and Tens)
alexandru.olari: mucks hand 
Lorpugo collected $1.79 from pot
*** SUMMARY ***
Total pot $1.85 | Rake $0.06 
Board [Kc 2c 7h Td Jh]
Seat 1: Nol 'thra (button) folded before Flop (didn't bet)
Seat 2: gabinho20 (small blind) folded before Flop
Seat 3: alexandru.olari (big blind) mucked [Qd Qc]
Seat 4: edithpiaf123 folded before Flop (didn't bet)
Seat 5: pister mister folded before Flop (didn't bet)
Seat 6: Lorpugo showed [Th Js] and won ($1.79) with two pair, Jacks and Tens



PokerStars Hand #239649278006:  Hold'em No Limit ($0.01/$0.02 USD) - 2022/11/04 15:21:34 ET
Table 'Shura III' 6-max Seat #2 is the button
Seat 1: Nol 'thra ($2.46 in chips) 
Seat 2: gabinho20 ($2.38 in chips) 
Seat 3: alexandru.olari ($0.75 in chips) 
Seat 4: edithpiaf123 ($1.02 in chips) 
Seat 5: pister mister ($4.84 in chips) 
Seat 6: Lorpugo ($2.40 in chips) 
alexandru.olari: posts small blind $0.01
edithpiaf123: posts big blind $0.02
*** HOLE CARDS ***
Dealt to Lorpugo [Qc 8d]
pister mister: folds 
Lorpugo: folds 
Nol 'thra: folds 
gabinho20: folds 
alexandru.olari: calls $0.01
edithpiaf123: checks 
*** FLOP *** [3s 7h Ad]
alexandru.olari: bets $0.04
edithpiaf123: folds 
Uncalled bet ($0.04) returned to alexandru.olari
alexandru.olari collected $0.04 from pot
*** SUMMARY ***
Total pot $0.04 | Rake $0 
Board [3s 7h Ad]
Seat 1: Nol 'thra folded before Flop (didn't bet)
Seat 2: gabinho20 (button) folded before Flop (didn't bet)
Seat 3: alexandru.olari (small blind) collected ($0.04)
Seat 4: edithpiaf123 (big blind) folded on the Flop
Seat 5: pister mister folded before Flop (didn't bet)
Seat 6: Lorpugo folded before Flop (didn't bet)



PokerStars Hand #239649284973:  Hold'em No Limit ($0.01/$0.02 USD) - 2022/11/04 15:21:53 ET
Table 'Shura III' 6-max Seat #3 is the button
Seat 1: Nol 'thra ($2.46 in chips) 
Seat 2: gabinho20 ($2.38 in chips) 
Seat 3: alexandru.olari ($0.77 in chips) 
Seat 4: edithpiaf123 ($1 in chips) 
Seat 5: pister mister ($4.84 in chips) 
Seat 6: Lorpugo ($2.40 in chips) 
edithpiaf123: posts small blind $0.01
pister mister: posts big blind $0.02
*** HOLE CARDS ***
Dealt to Lorpugo [Jd 8d]
Lorpugo: folds 
Nol 'thra: folds 
gabinho20: folds 
alexandru.olari: calls $0.02
edithpiaf123: folds 
pister mister: checks 
*** FLOP *** [7d 5s 8s]
pister mister: checks 
alexandru.olari: bets $0.02
pister mister: calls $0.02
*** TURN *** [7d 5s 8s] [Ac]
pister mister: checks 
alexandru.olari: bets $0.06
pister mister: folds 
Uncalled bet ($0.06) returned to alexandru.olari
alexandru.olari collected $0.09 from pot
*** SUMMARY ***
Total pot $0.09 | Rake $0 
Board [7d 5s 8s Ac]
Seat 1: Nol 'thra folded before Flop (didn't bet)
Seat 2: gabinho20 folded before Flop (didn't bet)
Seat 3: alexandru.olari (button) collected ($0.09)
Seat 4: edithpiaf123 (small blind) folded before Flop
Seat 5: pister mister (big blind) folded on the Turn
Seat 6: Lorpugo folded before Flop (didn't bet)



PokerStars Hand #239649296830:  Hold'em No Limit ($0.01/$0.02 USD) - 2022/11/04 15:22:25 ET
Table 'Shura III' 6-max Seat #4 is the button
Seat 1: Nol 'thra ($2.46 in chips) 
Seat 2: gabinho20 ($2.38 in chips) 
Seat 3: alexandru.olari ($0.82 in chips) 
Seat 4: edithpiaf123 ($0.99 in chips) 
Seat 5: pister mister ($4.80 in chips) 
Seat 6: Lorpugo ($2.40 in chips) 
pister mister: posts small blind $0.01
Lorpugo: posts big blind $0.02
*** HOLE CARDS ***
Dealt to Lorpugo [3s Qh]
Nol 'thra: folds 
gabinho20: raises $0.04 to $0.06
alexandru.olari: folds 
edithpiaf123: calls $0.06
pister mister: folds 
Lorpugo: folds 
*** FLOP *** [5c 6c 5s]
gabinho20: checks 
edithpiaf123: checks 
*** TURN *** [5c 6c 5s] [Qs]
gabinho20: checks 
edithpiaf123: checks 
*** RIVER *** [5c 6c 5s Qs] [As]
gabinho20: checks 
edithpiaf123: checks 
*** SHOW DOWN ***
gabinho20: shows [Ac Ts] (two pair, Aces and Fives)
edithpiaf123: mucks hand 
gabinho20 collected $0.14 from pot
*** SUMMARY ***
Total pot $0.15 | Rake $0.01 
Board [5c 6c 5s Qs As]
Seat 1: Nol 'thra folded before Flop (didn't bet)
Seat 2: gabinho20 showed [Ac Ts] and won ($0.14) with two pair, Aces and Fives
Seat 3: alexandru.olari folded before Flop (didn't bet)
Seat 4: edithpiaf123 (button) mucked [Ks 9d]
Seat 5: pister mister (small blind) folded before Flop
Seat 6: Lorpugo (big blind) folded before Flop



PokerStars Hand #239649318521:  Hold'em No Limit ($0.01/$0.02 USD) - 2022/11/04 15:23:22 ET
Table 'Shura III' 6-max Seat #5 is the button
Seat 1: Nol 'thra ($2.46 in chips) 
Seat 2: gabinho20 ($2.46 in chips) 
Seat 3: alexandru.olari ($1.82 in chips) 
Seat 4: edithpiaf123 ($0.93 in chips) 
Seat 5: pister mister ($4.79 in chips) 
Seat 6: Lorpugo ($2.38 in chips) 
Lorpugo: posts small blind $0.01
Nol 'thra: posts big blind $0.02
*** HOLE CARDS ***
Dealt to Lorpugo [Kh 7s]
gabinho20: raises $0.04 to $0.06
alexandru.olari: folds 
edithpiaf123: folds 
pister mister: folds 
Lorpugo: folds 
Nol 'thra: calls $0.04
*** FLOP *** [Ac 7h 4s]
Nol 'thra: checks 
gabinho20: bets $0.07
Nol 'thra: calls $0.07
*** TURN *** [Ac 7h 4s] [Tc]
Nol 'thra: checks 
gabinho20: bets $0.13
Nol 'thra: raises $0.17 to $0.30
gabinho20: folds 
Uncalled bet ($0.17) returned to Nol 'thra
Nol 'thra collected $0.51 from pot
Nol 'thra: doesn't show hand 
*** SUMMARY ***
Total pot $0.53 | Rake $0.02 
Board [Ac 7h 4s Tc]
Seat 1: Nol 'thra (big blind) collected ($0.51)
Seat 2: gabinho20 folded on the Turn
Seat 3: alexandru.olari folded before Flop (didn't bet)
Seat 4: edithpiaf123 folded before Flop (didn't bet)
Seat 5: pister mister (button) folded before Flop (didn't bet)
Seat 6: Lorpugo (small blind) folded before Flop



PokerStars Hand #239649347283:  Hold'em No Limit ($0.01/$0.02 USD) - 2022/11/04 15:24:39 ET
Table 'Shura III' 6-max Seat #6 is the button
Seat 1: Nol 'thra ($2.71 in chips) 
Seat 2: gabinho20 ($2.20 in chips) 
Seat 3: alexandru.olari ($1.82 in chips) 
Seat 4: edithpiaf123 ($0.93 in chips) 
Seat 5: pister mister ($4.79 in chips) 
Seat 6: Lorpugo ($2.37 in chips) 
Nol 'thra: posts small blind $0.01
gabinho20: posts big blind $0.02
*** HOLE CARDS ***
Dealt to Lorpugo [Tc 8s]
alexandru.olari: raises $0.04 to $0.06
edithpiaf123: folds 
pister mister: folds 
Lorpugo: folds 
Nol 'thra: folds 
gabinho20: calls $0.04
*** FLOP *** [3h As 2s]
gabinho20: checks 
alexandru.olari: bets $0.04
gabinho20: folds 
Uncalled bet ($0.04) returned to alexandru.olari
alexandru.olari collected $0.13 from pot
*** SUMMARY ***
Total pot $0.13 | Rake $0 
Board [3h As 2s]
Seat 1: Nol 'thra (small blind) folded before Flop
Seat 2: gabinho20 (big blind) folded on the Flop
Seat 3: alexandru.olari collected ($0.13)
Seat 4: edithpiaf123 folded before Flop (didn't bet)
Seat 5: pister mister folded before Flop (didn't bet)
Seat 6: Lorpugo (button) folded before Flop (didn't bet)



PokerStars Hand #239649358716:  Hold'em No Limit ($0.01/$0.02 USD) - 2022/11/04 15:25:10 ET
Table 'Shura III' 6-max Seat #1 is the button
Seat 1: Nol 'thra ($2.70 in chips) 
Seat 2: gabinho20 ($2.14 in chips) 
Seat 3: alexandru.olari ($1.89 in chips) 
Seat 4: edithpiaf123 ($0.93 in chips) 
Seat 5: pister mister ($4.79 in chips) 
Seat 6: Lorpugo ($2.37 in chips) 
gabinho20: posts small blind $0.01
alexandru.olari: posts big blind $0.02
*** HOLE CARDS ***
Dealt to Lorpugo [Kc 9c]
edithpiaf123: folds 
pister mister: folds 
Lorpugo: raises $0.04 to $0.06
Nol 'thra: folds 
gabinho20: folds 
alexandru.olari: calls $0.04
*** FLOP *** [3s 8s 3d]
alexandru.olari: bets $0.06
Lorpugo: calls $0.06
*** TURN *** [3s 8s 3d] [Qh]
alexandru.olari: bets $0.10
Lorpugo: folds 
Uncalled bet ($0.10) returned to alexandru.olari
alexandru.olari collected $0.24 from pot
*** SUMMARY ***
Total pot $0.25 | Rake $0.01 
Board [3s 8s 3d Qh]
Seat 1: Nol 'thra (button) folded before Flop (didn't bet)
Seat 2: gabinho20 (small blind) folded before Flop
Seat 3: alexandru.olari (big blind) collected ($0.24)
Seat 4: edithpiaf123 folded before Flop (didn't bet)
Seat 5: pister mister folded before Flop (didn't bet)
Seat 6: Lorpugo folded on the Turn



PokerStars Hand #239649381587:  Hold'em No Limit ($0.01/$0.02 USD) - 2022/11/04 15:26:11 ET
Table 'Shura III' 6-max Seat #2 is the button
Seat 1: Nol 'thra ($2.70 in chips) 
Seat 2: gabinho20 ($2.13 in chips) 
Seat 3: alexandru.olari ($2.01 in chips) 
Seat 4: edithpiaf123 ($0.93 in chips) 
Seat 5: pister mister ($4.79 in chips) 
Seat 6: Lorpugo ($2.25 in chips) 
alexandru.olari: posts small blind $0.01
edithpiaf123: posts big blind $0.02
*** HOLE CARDS ***
Dealt to Lorpugo [4d 8d]
pister mister: raises $0.04 to $0.06
Lorpugo: folds 
Nol 'thra: folds 
gabinho20: calls $0.06
alexandru.olari: calls $0.05
edithpiaf123: folds 
*** FLOP *** [6h Qs 3c]
alexandru.olari: bets $0.04
pister mister: calls $0.04
gabinho20: folds 
*** TURN *** [6h Qs 3c] [7c]
alexandru.olari: checks 
pister mister: checks 
*** RIVER *** [6h Qs 3c 7c] [2d]
alexandru.olari: checks 
pister mister: bets $0.20
alexandru.olari: folds 
Uncalled bet ($0.20) returned to pister mister
pister mister collected $0.27 from pot
pister mister: doesn't show hand 
*** SUMMARY ***
Total pot $0.28 | Rake $0.01 
Board [6h Qs 3c 7c 2d]
Seat 1: Nol 'thra folded before Flop (didn't bet)
Seat 2: gabinho20 (button) folded on the Flop
Seat 3: alexandru.olari (small blind) folded on the River
Seat 4: edithpiaf123 (big blind) folded before Flop
Seat 5: pister mister collected ($0.27)
Seat 6: Lorpugo folded before Flop (didn't bet)



PokerStars Hand #239649400549:  Hold'em No Limit ($0.01/$0.02 USD) - 2022/11/04 15:27:02 ET
Table 'Shura III' 6-max Seat #3 is the button
Seat 1: Nol 'thra ($2.70 in chips) 
Seat 2: gabinho20 ($2.07 in chips) 
Seat 3: alexandru.olari ($1.91 in chips) 
Seat 4: edithpiaf123 ($0.91 in chips) 
Seat 5: pister mister ($4.96 in chips) 
Seat 6: Lorpugo ($2.25 in chips) 
edithpiaf123: posts small blind $0.01
pister mister: posts big blind $0.02
*** HOLE CARDS ***
Dealt to Lorpugo [Ts 9h]
Lorpugo: folds 
Nol 'thra: folds 
gabinho20: folds 
alexandru.olari: folds 
edithpiaf123: folds 
Uncalled bet ($0.01) returned to pister mister
pister mister collected $0.02 from pot
pister mister: doesn't show hand 
*** SUMMARY ***
Total pot $0.02 | Rake $0 
Seat 1: Nol 'thra folded before Flop (didn't bet)
Seat 2: gabinho20 folded before Flop (didn't bet)
Seat 3: alexandru.olari (button) folded before Flop (didn't bet)
Seat 4: edithpiaf123 (small blind) folded before Flop
Seat 5: pister mister (big blind) collected ($0.02)
Seat 6: Lorpugo folded before Flop (didn't bet)



PokerStars Hand #239649406396:  Hold'em No Limit ($0.01/$0.02 USD) - 2022/11/04 15:27:18 ET
Table 'Shura III' 6-max Seat #4 is the button
Seat 1: Nol 'thra ($2.70 in chips) 
Seat 2: gabinho20 ($2.07 in chips) 
Seat 3: alexandru.olari ($1.91 in chips) 
Seat 4: edithpiaf123 ($0.90 in chips) 
Seat 5: pister mister ($4.97 in chips) 
Seat 6: Lorpugo ($2.25 in chips) 
pister mister: posts small blind $0.01
Lorpugo: posts big blind $0.02
*** HOLE CARDS ***
Dealt to Lorpugo [5d 8d]
Nol 'thra: folds 
gabinho20: folds 
alexandru.olari: folds 
edithpiaf123: raises $0.04 to $0.06
pister mister: folds 
Lorpugo: folds 
Uncalled bet ($0.04) returned to edithpiaf123
edithpiaf123 collected $0.05 from pot
*** SUMMARY ***
Total pot $0.05 | Rake $0 
Seat 1: Nol 'thra folded before Flop (didn't bet)
Seat 2: gabinho20 folded before Flop (didn't bet)
Seat 3: alexandru.olari folded before Flop (didn't bet)
Seat 4: edithpiaf123 (button) collected ($0.05)
Seat 5: pister mister (small blind) folded before Flop
Seat 6: Lorpugo (big blind) folded before Flop



PokerStars Hand #239649414177:  Hold'em No Limit ($0.01/$0.02 USD) - 2022/11/04 15:27:39 ET
Table 'Shura III' 6-max Seat #5 is the button
Seat 2: gabinho20 ($2.07 in chips) 
Seat 3: alexandru.olari ($1.91 in chips) 
Seat 4: edithpiaf123 ($0.93 in chips) 
Seat 5: pister mister ($4.96 in chips) 
Seat 6: Lorpugo ($2.23 in chips) 
Lorpugo: posts small blind $0.01
Nol 'thra: is sitting out 
gabinho20: posts big blind $0.02
*** HOLE CARDS ***
Dealt to Lorpugo [Ac 2s]
Nol 'thra leaves the table
alexandru.olari: folds 
edithpiaf123: folds 
GucciMembrane joins the table at seat #1 
pister mister: raises $0.04 to $0.06
Lorpugo: calls $0.05
gabinho20: folds 
*** FLOP *** [Td 2d 4c]
Lorpugo: checks 
pister mister: bets $0.05
Lorpugo: calls $0.05
*** TURN *** [Td 2d 4c] [6s]
Lorpugo: checks 
pister mister: checks 
*** RIVER *** [Td 2d 4c 6s] [7s]
Lorpugo: checks 
pister mister: checks 
*** SHOW DOWN ***
Lorpugo: shows [Ac 2s] (a pair of Deuces)
pister mister: mucks hand 
Lorpugo collected $0.23 from pot
*** SUMMARY ***
Total pot $0.24 | Rake $0.01 
Board [Td 2d 4c 6s 7s]
Seat 2: gabinho20 (big blind) folded before Flop
Seat 3: alexandru.olari folded before Flop (didn't bet)
Seat 4: edithpiaf123 folded before Flop (didn't bet)
Seat 5: pister mister (button) mucked [Ah Qh]
Seat 6: Lorpugo (small blind) showed [Ac 2s] and won ($0.23) with a pair of Deuces



PokerStars Hand #239649430503:  Hold'em No Limit ($0.01/$0.02 USD) - 2022/11/04 15:28:22 ET
Table 'Shura III' 6-max Seat #6 is the button
Seat 2: gabinho20 ($2.05 in chips) 
Seat 3: alexandru.olari ($1.91 in chips) 
Seat 4: edithpiaf123 ($0.93 in chips) 
Seat 5: pister mister ($4.85 in chips) 
Seat 6: Lorpugo ($2.35 in chips) 
gabinho20: posts small blind $0.01
alexandru.olari: posts big blind $0.02
*** HOLE CARDS ***
Dealt to Lorpugo [Qc 9h]
edithpiaf123: raises $0.04 to $0.06
pister mister: raises $0.24 to $0.30
Lorpugo: folds 
gabinho20: folds 
alexandru.olari: folds 
edithpiaf123: folds 
Uncalled bet ($0.24) returned to pister mister
pister mister collected $0.15 from pot
pister mister: doesn't show hand 
*** SUMMARY ***
Total pot $0.15 | Rake $0 
Seat 2: gabinho20 (small blind) folded before Flop
Seat 3: alexandru.olari (big blind) folded before Flop
Seat 4: edithpiaf123 folded before Flop
Seat 5: pister mister collected ($0.15)
Seat 6: Lorpugo (button) folded before Flop (didn't bet)



PokerStars Hand #239649435918:  Hold'em No Limit ($0.01/$0.02 USD) - 2022/11/04 15:28:37 ET
Table 'Shura III' 6-max Seat #2 is the button
Seat 1: GucciMembrane ($1.60 in chips) 
Seat 2: gabinho20 ($2.04 in chips) 
Seat 3: alexandru.olari ($1.89 in chips) 
Seat 4: edithpiaf123 ($0.87 in chips) 
Seat 5: pister mister ($4.94 in chips) 
Seat 6: Lorpugo ($2.35 in chips) 
alexandru.olari: posts small blind $0.01
edithpiaf123: posts big blind $0.02
GucciMembrane: posts big blind $0.02
*** HOLE CARDS ***
Dealt to Lorpugo [As 5d]
pister mister: folds 
Lorpugo: folds 
GucciMembrane: raises $0.04 to $0.06
gabinho20: folds 
alexandru.olari: folds 
edithpiaf123: folds 
Uncalled bet ($0.04) returned to GucciMembrane
GucciMembrane collected $0.05 from pot
*** SUMMARY ***
Total pot $0.05 | Rake $0 
Seat 1: GucciMembrane collected ($0.05)
Seat 2: gabinho20 (button) folded before Flop (didn't bet)
Seat 3: alexandru.olari (small blind) folded before Flop
Seat 4: edithpiaf123 (big blind) folded before Flop
Seat 5: pister mister folded before Flop (didn't bet)
Seat 6: Lorpugo folded before Flop (didn't bet)



PokerStars Hand #239649440652:  Hold'em No Limit ($0.01/$0.02 USD) - 2022/11/04 15:28:49 ET
Table 'Shura III' 6-max Seat #3 is the button
Seat 1: GucciMembrane ($1.63 in chips) 
Seat 2: gabinho20 ($2.04 in chips) 
Seat 3: alexandru.olari ($1.88 in chips) 
Seat 4: edithpiaf123 ($0.85 in chips) 
Seat 5: pister mister ($4.94 in chips) 
Seat 6: Lorpugo ($2.35 in chips) 
edithpiaf123: posts small blind $0.01
pister mister: posts big blind $0.02
*** HOLE CARDS ***
Dealt to Lorpugo [7h As]
Lorpugo: folds 
GucciMembrane: folds 
gabinho20: folds 
alexandru.olari has timed out
alexandru.olari: folds 
edithpiaf123: folds 
Uncalled bet ($0.01) returned to pister mister
pister mister collected $0.02 from pot
pister mister: doesn't show hand 
*** SUMMARY ***
Total pot $0.02 | Rake $0 
Seat 1: GucciMembrane folded before Flop (didn't bet)
Seat 2: gabinho20 folded before Flop (didn't bet)
Seat 3: alexandru.olari (button) folded before Flop (didn't bet)
Seat 4: edithpiaf123 (small blind) folded before Flop
Seat 5: pister mister (big blind) collected ($0.02)
Seat 6: Lorpugo folded before Flop (didn't bet)



PokerStars Hand #239649448277:  Hold'em No Limit ($0.01/$0.02 USD) - 2022/11/04 15:29:10 ET
Table 'Shura III' 6-max Seat #4 is the button
Seat 1: GucciMembrane ($1.63 in chips) 
Seat 2: gabinho20 ($2.04 in chips) 
Seat 4: edithpiaf123 ($0.84 in chips) 
Seat 5: pister mister ($4.95 in chips) 
Seat 6: Lorpugo ($2.35 in chips) 
pister mister: posts small blind $0.01
Lorpugo: posts big blind $0.02
*** HOLE CARDS ***
Dealt to Lorpugo [Js Ts]
GucciMembrane: raises $0.04 to $0.06
gabinho20: folds 
edithpiaf123: calls $0.06
pister mister: folds 
Lorpugo: calls $0.04
*** FLOP *** [Ac Ad Td]
Lorpugo: checks 
GucciMembrane: checks 
edithpiaf123: checks 
*** TURN *** [Ac Ad Td] [As]
Lorpugo: bets $0.12
GucciMembrane: calls $0.12
edithpiaf123: folds 
*** RIVER *** [Ac Ad Td As] [8h]
Lorpugo: bets $0.41
GucciMembrane: raises $0.41 to $0.82
Lorpugo: calls $0.41
*** SHOW DOWN ***
GucciMembrane: shows [3c Ah] (four of a kind, Aces)
Lorpugo: mucks hand 
GucciMembrane collected $2 from pot
*** SUMMARY ***
Total pot $2.07 | Rake $0.07 
Board [Ac Ad Td As 8h]
Seat 1: GucciMembrane showed [3c Ah] and won ($2) with four of a kind, Aces
Seat 2: gabinho20 folded before Flop (didn't bet)
Seat 4: edithpiaf123 (button) folded on the Turn
Seat 5: pister mister (small blind) folded before Flop
Seat 6: Lorpugo (big blind) mucked [Js Ts]



PokerStars Hand #239649471360:  Hold'em No Limit ($0.01/$0.02 USD) - 2022/11/04 15:30:12 ET
Table 'Shura III' 6-max Seat #5 is the button
Seat 1: GucciMembrane ($2.63 in chips) 
Seat 2: gabinho20 ($2.04 in chips) 
Seat 3: alexandru.olari ($1.88 in chips) 
Seat 4: edithpiaf123 ($0.78 in chips) 
Seat 5: pister mister ($4.94 in chips) 
Seat 6: Lorpugo ($1.35 in chips) 
Lorpugo: posts small blind $0.01
GucciMembrane: posts big blind $0.02
*** HOLE CARDS ***
Dealt to Lorpugo [3c 4d]
gabinho20: folds 
alexandru.olari: folds 
edithpiaf123: raises $0.04 to $0.06
alexandru.olari leaves the table
pister mister: raises $0.14 to $0.20
marcio14 joins the table at seat #3 
Lorpugo: folds 
GucciMembrane: folds 
edithpiaf123: raises $0.58 to $0.78 and is all-in
pister mister: calls $0.58
*** FLOP *** [8d Ad 6d]
*** TURN *** [8d Ad 6d] [Tc]
*** RIVER *** [8d Ad 6d Tc] [2s]
*** SHOW DOWN ***
edithpiaf123: shows [Qd Jc] (high card Ace)
pister mister: shows [As Qh] (a pair of Aces)
pister mister collected $1.53 from pot
*** SUMMARY ***
Total pot $1.59 | Rake $0.06 
Board [8d Ad 6d Tc 2s]
Seat 1: GucciMembrane (big blind) folded before Flop
Seat 2: gabinho20 folded before Flop (didn't bet)
Seat 3: alexandru.olari folded before Flop (didn't bet)
Seat 4: edithpiaf123 showed [Qd Jc] and lost with high card Ace
Seat 5: pister mister (button) showed [As Qh] and won ($1.53) with a pair of Aces
Seat 6: Lorpugo (small blind) folded before Flop



PokerStars Hand #239649487352:  Hold'em No Limit ($0.01/$0.02 USD) - 2022/11/04 15:30:54 ET
Table 'Shura III' 6-max Seat #6 is the button
Seat 1: GucciMembrane ($2.61 in chips) 
Seat 2: gabinho20 ($2.04 in chips) 
Seat 5: pister mister ($5.69 in chips) 
Seat 6: Lorpugo ($1.34 in chips) 
GucciMembrane: posts small blind $0.01
gabinho20: posts big blind $0.02
marcio14: sits out 
*** HOLE CARDS ***
Dealt to Lorpugo [3c Ts]
pister mister: folds 
Lorpugo: folds 
GucciMembrane: raises $0.04 to $0.06
gabinho20: folds 
Uncalled bet ($0.04) returned to GucciMembrane
GucciMembrane collected $0.04 from pot
*** SUMMARY ***
Total pot $0.04 | Rake $0 
Seat 1: GucciMembrane (small blind) collected ($0.04)
Seat 2: gabinho20 (big blind) folded before Flop
Seat 5: pister mister folded before Flop (didn't bet)
Seat 6: Lorpugo (button) folded before Flop (didn't bet)



PokerStars Hand #239649491753:  Hold'em No Limit ($0.01/$0.02 USD) - 2022/11/04 15:31:06 ET
Table 'Shura III' 6-max Seat #1 is the button
Seat 1: GucciMembrane ($2.63 in chips) 
Seat 2: gabinho20 ($2.02 in chips) 
Seat 3: marcio14 ($2 in chips) 
Seat 4: edithpiaf123 ($0.90 in chips) 
Seat 5: pister mister ($5.69 in chips) 
Seat 6: Lorpugo ($1.34 in chips) 
gabinho20: posts small blind $0.01
marcio14: posts big blind $0.02
*** HOLE CARDS ***
Dealt to Lorpugo [7h 3h]
edithpiaf123: folds 
pister mister: folds 
Lorpugo: folds 
GucciMembrane: folds 
gabinho20: folds 
Uncalled bet ($0.01) returned to marcio14
marcio14 collected $0.02 from pot
marcio14: doesn't show hand 
*** SUMMARY ***
Total pot $0.02 | Rake $0 
Seat 1: GucciMembrane (button) folded before Flop (didn't bet)
Seat 2: gabinho20 (small blind) folded before Flop
Seat 3: marcio14 (big blind) collected ($0.02)
Seat 4: edithpiaf123 folded before Flop (didn't bet)
Seat 5: pister mister folded before Flop (didn't bet)
Seat 6: Lorpugo folded before Flop (didn't bet)



PokerStars Hand #239649497902:  Hold'em No Limit ($0.01/$0.02 USD) - 2022/11/04 15:31:23 ET
Table 'Shura III' 6-max Seat #2 is the button
Seat 1: GucciMembrane ($2.63 in chips) 
Seat 2: gabinho20 ($2.01 in chips) 
Seat 3: marcio14 ($2.01 in chips) 
Seat 4: edithpiaf123 ($0.90 in chips) 
Seat 5: pister mister ($5.69 in chips) 
Seat 6: Lorpugo ($1.34 in chips) 
marcio14: posts small blind $0.01
edithpiaf123: posts big blind $0.02
*** HOLE CARDS ***
Dealt to Lorpugo [9c Qh]
pister mister: folds 
Lorpugo: folds 
GucciMembrane: folds 
gabinho20: folds 
marcio14: folds 
Uncalled bet ($0.01) returned to edithpiaf123
edithpiaf123 collected $0.02 from pot
*** SUMMARY ***
Total pot $0.02 | Rake $0 
Seat 1: GucciMembrane folded before Flop (didn't bet)
Seat 2: gabinho20 (button) folded before Flop (didn't bet)
Seat 3: marcio14 (small blind) folded before Flop
Seat 4: edithpiaf123 (big blind) collected ($0.02)
Seat 5: pister mister folded before Flop (didn't bet)
Seat 6: Lorpugo folded before Flop (didn't bet)



PokerStars Hand #239649504216:  Hold'em No Limit ($0.01/$0.02 USD) - 2022/11/04 15:31:40 ET
Table 'Shura III' 6-max Seat #3 is the button
Seat 1: GucciMembrane ($2.63 in chips) 
Seat 2: gabinho20 ($2.01 in chips) 
Seat 3: marcio14 ($2 in chips) 
Seat 4: edithpiaf123 ($0.91 in chips) 
Seat 5: pister mister ($5.69 in chips) 
Seat 6: Lorpugo ($1.34 in chips) 
edithpiaf123: posts small blind $0.01
pister mister: posts big blind $0.02
*** HOLE CARDS ***
Dealt to Lorpugo [3c 5s]
Lorpugo: folds 
GucciMembrane: folds 
gabinho20: folds 
marcio14: folds 
edithpiaf123: raises $0.04 to $0.06
pister mister: folds 
Uncalled bet ($0.04) returned to edithpiaf123
edithpiaf123 collected $0.04 from pot
*** SUMMARY ***
Total pot $0.04 | Rake $0 
Seat 1: GucciMembrane folded before Flop (didn't bet)
Seat 2: gabinho20 folded before Flop (didn't bet)
Seat 3: marcio14 (button) folded before Flop (didn't bet)
Seat 4: edithpiaf123 (small blind) collected ($0.04)
Seat 5: pister mister (big blind) folded before Flop
Seat 6: Lorpugo folded before Flop (didn't bet)



PokerStars Hand #239649511385:  Hold'em No Limit ($0.01/$0.02 USD) - 2022/11/04 15:31:59 ET
Table 'Shura III' 6-max Seat #4 is the button
Seat 1: GucciMembrane ($2.63 in chips) 
Seat 2: gabinho20 ($2.01 in chips) 
Seat 3: marcio14 ($2 in chips) 
Seat 4: edithpiaf123 ($0.93 in chips) 
Seat 5: pister mister ($5.67 in chips) 
Seat 6: Lorpugo ($1.34 in chips) 
pister mister: posts small blind $0.01
Lorpugo: posts big blind $0.02
*** HOLE CARDS ***
Dealt to Lorpugo [6d Td]
GucciMembrane: folds 
gabinho20: folds 
marcio14: folds 
edithpiaf123: raises $0.04 to $0.06
pister mister: folds 
Lorpugo: calls $0.04
*** FLOP *** [9h 3d Kc]
Lorpugo: checks 
edithpiaf123: bets $0.07
Lorpugo: folds 
Uncalled bet ($0.07) returned to edithpiaf123
edithpiaf123 collected $0.13 from pot
*** SUMMARY ***
Total pot $0.13 | Rake $0 
Board [9h 3d Kc]
Seat 1: GucciMembrane folded before Flop (didn't bet)
Seat 2: gabinho20 folded before Flop (didn't bet)
Seat 3: marcio14 folded before Flop (didn't bet)
Seat 4: edithpiaf123 (button) collected ($0.13)
Seat 5: pister mister (small blind) folded before Flop
Seat 6: Lorpugo (big blind) folded on the Flop



PokerStars Hand #239649521906:  Hold'em No Limit ($0.01/$0.02 USD) - 2022/11/04 15:32:27 ET
Table 'Shura III' 6-max Seat #5 is the button
Seat 1: GucciMembrane ($2.63 in chips) 
Seat 2: gabinho20 ($2.01 in chips) 
Seat 3: marcio14 ($2 in chips) 
Seat 4: edithpiaf123 ($1 in chips) 
Seat 5: pister mister ($5.66 in chips) 
Seat 6: Lorpugo ($1.28 in chips) 
Lorpugo: posts small blind $0.01
GucciMembrane: posts big blind $0.02
*** HOLE CARDS ***
Dealt to Lorpugo [6s 2d]
gabinho20: folds 
marcio14: folds 
edithpiaf123: folds 
pister mister: raises $0.04 to $0.06
Lorpugo: folds 
GucciMembrane: folds 
Uncalled bet ($0.04) returned to pister mister
GucciMembrane leaves the table
pister mister collected $0.05 from pot
pister mister: doesn't show hand 
*** SUMMARY ***
Total pot $0.05 | Rake $0 
Seat 1: GucciMembrane (big blind) folded before Flop
Seat 2: gabinho20 folded before Flop (didn't bet)
Seat 3: marcio14 folded before Flop (didn't bet)
Seat 4: edithpiaf123 folded before Flop (didn't bet)
Seat 5: pister mister (button) collected ($0.05)
Seat 6: Lorpugo (small blind) folded before Flop



PokerStars Hand #239649528808:  Hold'em No Limit ($0.01/$0.02 USD) - 2022/11/04 15:32:45 ET
Table 'Shura III' 6-max Seat #6 is the button
Seat 2: gabinho20 ($2.01 in chips) 
Seat 3: marcio14 ($2 in chips) 
Seat 4: edithpiaf123 ($1 in chips) 
Seat 5: pister mister ($5.69 in chips) 
Seat 6: Lorpugo ($1.27 in chips) 
gabinho20: posts small blind $0.01
marcio14: posts big blind $0.02
*** HOLE CARDS ***
Dealt to Lorpugo [Ac Td]
edithpiaf123: folds 
pister mister: folds 
rdantley joins the table at seat #1 
Lorpugo: raises $0.04 to $0.06
gabinho20: folds 
marcio14: folds 
Uncalled bet ($0.04) returned to Lorpugo
Lorpugo collected $0.05 from pot
Lorpugo: doesn't show hand 
*** SUMMARY ***
Total pot $0.05 | Rake $0 
Seat 2: gabinho20 (small blind) folded before Flop
Seat 3: marcio14 (big blind) folded before Flop
Seat 4: edithpiaf123 folded before Flop (didn't bet)
Seat 5: pister mister folded before Flop (didn't bet)
Seat 6: Lorpugo (button) collected ($0.05)



PokerStars Hand #239649535151:  Hold'em No Limit ($0.01/$0.02 USD) - 2022/11/04 15:33:02 ET
Table 'Shura III' 6-max Seat #2 is the button
Seat 1: rdantley ($1.06 in chips) 
Seat 2: gabinho20 ($2 in chips) 
Seat 3: marcio14 ($2 in chips) 
Seat 4: edithpiaf123 ($1 in chips) 
Seat 5: pister mister ($5.69 in chips) 
Seat 6: Lorpugo ($1.30 in chips) 
marcio14: posts small blind $0.01
edithpiaf123: posts big blind $0.02
rdantley: posts big blind $0.02
*** HOLE CARDS ***
Dealt to Lorpugo [4h 3c]
pister mister: folds 
Lorpugo: folds 
rdantley: raises $0.04 to $0.06
gabinho20: folds 
marcio14: folds 
edithpiaf123: folds 
Uncalled bet ($0.04) returned to rdantley
rdantley collected $0.05 from pot
rdantley: doesn't show hand 
*** SUMMARY ***
Total pot $0.05 | Rake $0 
Seat 1: rdantley collected ($0.05)
Seat 2: gabinho20 (button) folded before Flop (didn't bet)
Seat 3: marcio14 (small blind) folded before Flop
Seat 4: edithpiaf123 (big blind) folded before Flop
Seat 5: pister mister folded before Flop (didn't bet)
Seat 6: Lorpugo folded before Flop (didn't bet)



PokerStars Hand #239649541504:  Hold'em No Limit ($0.01/$0.02 USD) - 2022/11/04 15:33:19 ET
Table 'Shura III' 6-max Seat #3 is the button
Seat 1: rdantley ($1.09 in chips) 
Seat 2: gabinho20 ($2 in chips) 
Seat 3: marcio14 ($2 in chips) 
Seat 4: edithpiaf123 ($0.98 in chips) 
Seat 5: pister mister ($5.69 in chips) 
Seat 6: Lorpugo ($1.30 in chips) 
edithpiaf123: posts small blind $0.01
pister mister: posts big blind $0.02
*** HOLE CARDS ***
Dealt to Lorpugo [2s 3c]
Lorpugo: folds 
rdantley: folds 
gabinho20: folds 
marcio14: raises $0.03 to $0.05
edithpiaf123: folds 
pister mister: folds 
Uncalled bet ($0.03) returned to marcio14
marcio14 collected $0.05 from pot
marcio14: doesn't show hand 
*** SUMMARY ***
Total pot $0.05 | Rake $0 
Seat 1: rdantley folded before Flop (didn't bet)
Seat 2: gabinho20 folded before Flop (didn't bet)
Seat 3: marcio14 (button) collected ($0.05)
Seat 4: edithpiaf123 (small blind) folded before Flop
Seat 5: pister mister (big blind) folded before Flop
Seat 6: Lorpugo folded before Flop (didn't bet)



PokerStars Hand #239649549131:  Hold'em No Limit ($0.01/$0.02 USD) - 2022/11/04 15:33:39 ET
Table 'Shura III' 6-max Seat #4 is the button
Seat 1: rdantley ($1.09 in chips) 
Seat 2: gabinho20 ($2 in chips) 
Seat 3: marcio14 ($2.03 in chips) 
Seat 4: edithpiaf123 ($0.97 in chips) 
Seat 5: pister mister ($5.67 in chips) 
Seat 6: Lorpugo ($1.30 in chips) 
pister mister: posts small blind $0.01
Lorpugo: posts big blind $0.02
*** HOLE CARDS ***
Dealt to Lorpugo [Qh 3d]
rdantley: folds 
gabinho20: folds 
marcio14: folds 
edithpiaf123: folds 
pister mister: folds 
Uncalled bet ($0.01) returned to Lorpugo
Lorpugo collected $0.02 from pot
Lorpugo: doesn't show hand 
*** SUMMARY ***
Total pot $0.02 | Rake $0 
Seat 1: rdantley folded before Flop (didn't bet)
Seat 2: gabinho20 folded before Flop (didn't bet)
Seat 3: marcio14 folded before Flop (didn't bet)
Seat 4: edithpiaf123 (button) folded before Flop (didn't bet)
Seat 5: pister mister (small blind) folded before Flop
Seat 6: Lorpugo (big blind) collected ($0.02)



PokerStars Hand #239649555560:  Hold'em No Limit ($0.01/$0.02 USD) - 2022/11/04 15:33:56 ET
Table 'Shura III' 6-max Seat #5 is the button
Seat 1: rdantley ($1.09 in chips) 
Seat 2: gabinho20 ($2 in chips) 
Seat 3: marcio14 ($2.03 in chips) 
Seat 4: edithpiaf123 ($0.97 in chips) 
Seat 5: pister mister ($5.66 in chips) 
Seat 6: Lorpugo ($1.31 in chips) 
Lorpugo: posts small blind $0.01
rdantley: posts big blind $0.02
*** HOLE CARDS ***
Dealt to Lorpugo [2h 5c]
gabinho20: folds 
marcio14: folds 
edithpiaf123: raises $0.04 to $0.06
pister mister: raises $0.18 to $0.24
Lorpugo: folds 
rdantley: folds 
edithpiaf123: raises $0.73 to $0.97 and is all-in
pister mister: calls $0.73
*** FLOP *** [8c 5d 5h]
*** TURN *** [8c 5d 5h] [7s]
*** RIVER *** [8c 5d 5h 7s] [Ah]
*** SHOW DOWN ***
edithpiaf123: shows [Ac Jd] (two pair, Aces and Fives)
pister mister: shows [Ks Kh] (two pair, Kings and Fives)
edithpiaf123 collected $1.90 from pot
*** SUMMARY ***
Total pot $1.97 | Rake $0.07 
Board [8c 5d 5h 7s Ah]
Seat 1: rdantley (big blind) folded before Flop
Seat 2: gabinho20 folded before Flop (didn't bet)
Seat 3: marcio14 folded before Flop (didn't bet)
Seat 4: edithpiaf123 showed [Ac Jd] and won ($1.90) with two pair, Aces and Fives
Seat 5: pister mister (button) showed [Ks Kh] and lost with two pair, Kings and Fives
Seat 6: Lorpugo (small blind) folded before Flop



PokerStars Hand #239649569123:  Hold'em No Limit ($0.01/$0.02 USD) - 2022/11/04 15:34:32 ET
Table 'Shura III' 6-max Seat #6 is the button
Seat 1: rdantley ($1.07 in chips) 
Seat 2: gabinho20 ($2 in chips) 
Seat 3: marcio14 ($2.03 in chips) 
Seat 4: edithpiaf123 ($1.90 in chips) 
Seat 5: pister mister ($4.69 in chips) 
Seat 6: Lorpugo ($1.30 in chips) 
rdantley: posts small blind $0.01
gabinho20: posts big blind $0.02
*** HOLE CARDS ***
Dealt to Lorpugo [5h Td]
marcio14: folds 
edithpiaf123: folds 
pister mister: folds 
Lorpugo: folds 
rdantley: raises $0.04 to $0.06
gabinho20: folds 
Uncalled bet ($0.04) returned to rdantley
rdantley collected $0.04 from pot
rdantley: doesn't show hand 
*** SUMMARY ***
Total pot $0.04 | Rake $0 
Seat 1: rdantley (small blind) collected ($0.04)
Seat 2: gabinho20 (big blind) folded before Flop
Seat 3: marcio14 folded before Flop (didn't bet)
Seat 4: edithpiaf123 folded before Flop (didn't bet)
Seat 5: pister mister folded before Flop (didn't bet)
Seat 6: Lorpugo (button) folded before Flop (didn't bet)



PokerStars Hand #239649577521:  Hold'em No Limit ($0.01/$0.02 USD) - 2022/11/04 15:34:55 ET
Table 'Shura III' 6-max Seat #1 is the button
Seat 1: rdantley ($1.09 in chips) 
Seat 2: gabinho20 ($2 in chips) 
Seat 3: marcio14 ($2.03 in chips) 
Seat 4: edithpiaf123 ($1.90 in chips) 
Seat 5: pister mister ($4.69 in chips) 
Seat 6: Lorpugo ($1.30 in chips) 
gabinho20: posts small blind $0.01
marcio14: posts big blind $0.02
*** HOLE CARDS ***
Dealt to Lorpugo [Ah 2h]
edithpiaf123: folds 
pister mister: raises $0.04 to $0.06
Lorpugo: folds 
rdantley: calls $0.06
gabinho20: folds 
marcio14: folds 
*** FLOP *** [Jh 7c 4h]
pister mister: bets $0.07
rdantley: calls $0.07
*** TURN *** [Jh 7c 4h] [7d]
pister mister: bets $0.21
rdantley: folds 
Uncalled bet ($0.21) returned to pister mister
pister mister collected $0.28 from pot
pister mister: doesn't show hand 
*** SUMMARY ***
Total pot $0.29 | Rake $0.01 
Board [Jh 7c 4h 7d]
Seat 1: rdantley (button) folded on the Turn
Seat 2: gabinho20 (small blind) folded before Flop
Seat 3: marcio14 (big blind) folded before Flop
Seat 4: edithpiaf123 folded before Flop (didn't bet)
Seat 5: pister mister collected ($0.28)
Seat 6: Lorpugo folded before Flop (didn't bet)



PokerStars Hand #239649591747:  Hold'em No Limit ($0.01/$0.02 USD) - 2022/11/04 15:35:32 ET
Table 'Shura III' 6-max Seat #2 is the button
Seat 1: rdantley ($0.96 in chips) 
Seat 2: gabinho20 ($2 in chips) 
Seat 3: marcio14 ($2.01 in chips) 
Seat 4: edithpiaf123 ($1.90 in chips) 
Seat 5: pister mister ($4.84 in chips) 
Seat 6: Lorpugo ($1.30 in chips) 
marcio14: posts small blind $0.01
edithpiaf123: posts big blind $0.02
*** HOLE CARDS ***
Dealt to Lorpugo [6c 2h]
pister mister: folds 
Lorpugo: folds 
rdantley: calls $0.02
gabinho20: raises $0.06 to $0.08
marcio14: folds 
edithpiaf123: folds 
rdantley: folds 
Uncalled bet ($0.06) returned to gabinho20
gabinho20 collected $0.07 from pot
gabinho20: doesn't show hand 
*** SUMMARY ***
Total pot $0.07 | Rake $0 
Seat 1: rdantley folded before Flop
Seat 2: gabinho20 (button) collected ($0.07)
Seat 3: marcio14 (small blind) folded before Flop
Seat 4: edithpiaf123 (big blind) folded before Flop
Seat 5: pister mister folded before Flop (didn't bet)
Seat 6: Lorpugo folded before Flop (didn't bet)



PokerStars Hand #239649599753:  Hold'em No Limit ($0.01/$0.02 USD) - 2022/11/04 15:35:54 ET
Table 'Shura III' 6-max Seat #3 is the button
Seat 1: rdantley ($0.94 in chips) 
Seat 2: gabinho20 ($2.05 in chips) 
Seat 3: marcio14 ($2 in chips) 
Seat 4: edithpiaf123 ($1.88 in chips) 
Seat 5: pister mister ($4.84 in chips) 
Seat 6: Lorpugo ($1.30 in chips) 
edithpiaf123: posts small blind $0.01
pister mister: posts big blind $0.02
*** HOLE CARDS ***
Dealt to Lorpugo [4c Qh]
Lorpugo: folds 
rdantley: folds 
gabinho20: folds 
marcio14: raises $0.03 to $0.05
edithpiaf123: calls $0.04
pister mister: folds 
*** FLOP *** [9d 6d 2s]
edithpiaf123: checks 
marcio14: bets $0.06
edithpiaf123: calls $0.06
*** TURN *** [9d 6d 2s] [Jd]
edithpiaf123: checks 
marcio14: checks 
*** RIVER *** [9d 6d 2s Jd] [9s]
edithpiaf123: checks 
marcio14: checks 
*** SHOW DOWN ***
edithpiaf123: shows [3d 3s] (two pair, Nines and Threes)
marcio14: mucks hand 
edithpiaf123 collected $0.23 from pot
*** SUMMARY ***
Total pot $0.24 | Rake $0.01 
Board [9d 6d 2s Jd 9s]
Seat 1: rdantley folded before Flop (didn't bet)
Seat 2: gabinho20 folded before Flop (didn't bet)
Seat 3: marcio14 (button) mucked [Ks 8s]
Seat 4: edithpiaf123 (small blind) showed [3d 3s] and won ($0.23) with two pair, Nines and Threes
Seat 5: pister mister (big blind) folded before Flop
Seat 6: Lorpugo folded before Flop (didn't bet)



PokerStars Hand #239649618110:  Hold'em No Limit ($0.01/$0.02 USD) - 2022/11/04 15:36:42 ET
Table 'Shura III' 6-max Seat #4 is the button
Seat 1: rdantley ($0.94 in chips) 
Seat 2: gabinho20 ($2.05 in chips) 
Seat 3: marcio14 ($2 in chips) 
Seat 4: edithpiaf123 ($2 in chips) 
Seat 5: pister mister ($4.82 in chips) 
Seat 6: Lorpugo ($1.30 in chips) 
pister mister: posts small blind $0.01
Lorpugo: posts big blind $0.02
*** HOLE CARDS ***
Dealt to Lorpugo [8s 9h]
rdantley: calls $0.02
gabinho20: folds 
marcio14: folds 
edithpiaf123: raises $0.04 to $0.06
pister mister: folds 
Lorpugo: calls $0.04
rdantley: calls $0.04
*** FLOP *** [7c 7d As]
Lorpugo: checks 
rdantley: checks 
edithpiaf123: checks 
*** TURN *** [7c 7d As] [5h]
Lorpugo: bets $0.12
rdantley: folds 
edithpiaf123: folds 
Uncalled bet ($0.12) returned to Lorpugo
Lorpugo collected $0.18 from pot
Lorpugo: doesn't show hand 
*** SUMMARY ***
Total pot $0.19 | Rake $0.01 
Board [7c 7d As 5h]
Seat 1: rdantley folded on the Turn
Seat 2: gabinho20 folded before Flop (didn't bet)
Seat 3: marcio14 folded before Flop (didn't bet)
Seat 4: edithpiaf123 (button) folded on the Turn
Seat 5: pister mister (small blind) folded before Flop
Seat 6: Lorpugo (big blind) collected ($0.18)



PokerStars Hand #239649630928:  Hold'em No Limit ($0.01/$0.02 USD) - 2022/11/04 15:37:16 ET
Table 'Shura III' 6-max Seat #5 is the button
Seat 1: rdantley ($0.88 in chips) 
Seat 2: gabinho20 ($2.05 in chips) 
Seat 3: marcio14 ($2 in chips) 
Seat 4: edithpiaf123 ($1.94 in chips) 
Seat 5: pister mister ($4.81 in chips) 
Seat 6: Lorpugo ($1.42 in chips) 
Lorpugo: posts small blind $0.01
rdantley: posts big blind $0.02
*** HOLE CARDS ***
Dealt to Lorpugo [8h 6h]
gabinho20: folds 
marcio14: folds 
edithpiaf123: folds 
pister mister: folds 
Lorpugo: raises $0.04 to $0.06
rdantley: folds 
Uncalled bet ($0.04) returned to Lorpugo
Lorpugo collected $0.04 from pot
Lorpugo: doesn't show hand 
*** SUMMARY ***
Total pot $0.04 | Rake $0 
Seat 1: rdantley (big blind) folded before Flop
Seat 2: gabinho20 folded before Flop (didn't bet)
Seat 3: marcio14 folded before Flop (didn't bet)
Seat 4: edithpiaf123 folded before Flop (didn't bet)
Seat 5: pister mister (button) folded before Flop (didn't bet)
Seat 6: Lorpugo (small blind) collected ($0.04)



PokerStars Hand #239649635798:  Hold'em No Limit ($0.01/$0.02 USD) - 2022/11/04 15:37:29 ET
Table 'Shura III' 6-max Seat #6 is the button
Seat 1: rdantley ($0.86 in chips) 
Seat 2: gabinho20 ($2.05 in chips) 
Seat 3: marcio14 ($2 in chips) 
Seat 4: edithpiaf123 ($1.94 in chips) 
Seat 5: pister mister ($4.81 in chips) 
Seat 6: Lorpugo ($1.44 in chips) 
rdantley: posts small blind $0.01
gabinho20: posts big blind $0.02
*** HOLE CARDS ***
Dealt to Lorpugo [6c 5c]
marcio14: folds 
edithpiaf123: folds 
pister mister: folds 
Lorpugo: raises $0.04 to $0.06
rdantley: folds 
gabinho20: folds 
Uncalled bet ($0.04) returned to Lorpugo
Lorpugo collected $0.05 from pot
Lorpugo: doesn't show hand 
*** SUMMARY ***
Total pot $0.05 | Rake $0 
Seat 1: rdantley (small blind) folded before Flop
Seat 2: gabinho20 (big blind) folded before Flop
Seat 3: marcio14 folded before Flop (didn't bet)
Seat 4: edithpiaf123 folded before Flop (didn't bet)
Seat 5: pister mister folded before Flop (didn't bet)
Seat 6: Lorpugo (button) collected ($0.05)



PokerStars Hand #239649645848:  Hold'em No Limit ($0.01/$0.02 USD) - 2022/11/04 15:37:56 ET
Table 'Shura III' 6-max Seat #1 is the button
Seat 1: rdantley ($0.85 in chips) 
Seat 2: gabinho20 ($2.03 in chips) 
Seat 3: marcio14 ($2 in chips) 
Seat 4: edithpiaf123 ($1.94 in chips) 
Seat 5: pister mister ($4.81 in chips) 
Seat 6: Lorpugo ($1.47 in chips) 
gabinho20: posts small blind $0.01
marcio14: posts big blind $0.02
*** HOLE CARDS ***
Dealt to Lorpugo [5s 5h]
edithpiaf123: folds 
pister mister: folds 
Lorpugo: raises $0.04 to $0.06
rdantley: calls $0.06
gabinho20: calls $0.05
marcio14: folds 
*** FLOP *** [9c Kc Kh]
gabinho20: checks 
Lorpugo: bets $0.10
rdantley: folds 
gabinho20: folds 
Uncalled bet ($0.10) returned to Lorpugo
Lorpugo collected $0.19 from pot
Lorpugo: doesn't show hand 
*** SUMMARY ***
Total pot $0.20 | Rake $0.01 
Board [9c Kc Kh]
Seat 1: rdantley (button) folded on the Flop
Seat 2: gabinho20 (small blind) folded on the Flop
Seat 3: marcio14 (big blind) folded before Flop
Seat 4: edithpiaf123 folded before Flop (didn't bet)
Seat 5: pister mister folded before Flop (didn't bet)
Seat 6: Lorpugo collected ($0.19)



PokerStars Hand #239649660105:  Hold'em No Limit ($0.01/$0.02 USD) - 2022/11/04 15:38:34 ET
Table 'Shura III' 6-max Seat #2 is the button
Seat 1: rdantley ($0.79 in chips) 
Seat 2: gabinho20 ($2 in chips) 
Seat 3: marcio14 ($2 in chips) 
Seat 4: edithpiaf123 ($1.94 in chips) 
Seat 5: pister mister ($4.81 in chips) 
Seat 6: Lorpugo ($1.60 in chips) 
marcio14: posts small blind $0.01
edithpiaf123: posts big blind $0.02
*** HOLE CARDS ***
Dealt to Lorpugo [9s 7c]
pister mister: folds 
Lorpugo: folds 
rdantley: calls $0.02
gabinho20: folds 
marcio14: folds 
edithpiaf123: checks 
*** FLOP *** [9d 2c 6s]
edithpiaf123: bets $0.03
rdantley: folds 
Uncalled bet ($0.03) returned to edithpiaf123
edithpiaf123 collected $0.05 from pot
*** SUMMARY ***
Total pot $0.05 | Rake $0 
Board [9d 2c 6s]
Seat 1: rdantley folded on the Flop
Seat 2: gabinho20 (button) folded before Flop (didn't bet)
Seat 3: marcio14 (small blind) folded before Flop
Seat 4: edithpiaf123 (big blind) collected ($0.05)
Seat 5: pister mister folded before Flop (didn't bet)
Seat 6: Lorpugo folded before Flop (didn't bet)



PokerStars Hand #239649668093:  Hold'em No Limit ($0.01/$0.02 USD) - 2022/11/04 15:38:55 ET
Table 'Shura III' 6-max Seat #3 is the button
Seat 1: rdantley ($0.77 in chips) 
Seat 2: gabinho20 ($2 in chips) 
Seat 3: marcio14 ($2 in chips) 
Seat 4: edithpiaf123 ($1.97 in chips) 
Seat 5: pister mister ($4.81 in chips) 
Seat 6: Lorpugo ($1.60 in chips) 
edithpiaf123: posts small blind $0.01
pister mister: posts big blind $0.02
*** HOLE CARDS ***
Dealt to Lorpugo [Jc Ks]
Lorpugo: folds 
rdantley: folds 
gabinho20: folds 
marcio14: raises $0.03 to $0.05
edithpiaf123: folds 
pister mister: folds 
Uncalled bet ($0.03) returned to marcio14
marcio14 collected $0.05 from pot
marcio14: doesn't show hand 
*** SUMMARY ***
Total pot $0.05 | Rake $0 
Seat 1: rdantley folded before Flop (didn't bet)
Seat 2: gabinho20 folded before Flop (didn't bet)
Seat 3: marcio14 (button) collected ($0.05)
Seat 4: edithpiaf123 (small blind) folded before Flop
Seat 5: pister mister (big blind) folded before Flop
Seat 6: Lorpugo folded before Flop (didn't bet)



PokerStars Hand #239649674833:  Hold'em No Limit ($0.01/$0.02 USD) - 2022/11/04 15:39:13 ET
Table 'Shura III' 6-max Seat #4 is the button
Seat 1: rdantley ($0.77 in chips) 
Seat 2: gabinho20 ($2 in chips) 
Seat 3: marcio14 ($2.03 in chips) 
Seat 4: edithpiaf123 ($1.96 in chips) 
Seat 5: pister mister ($4.79 in chips) 
Seat 6: Lorpugo ($1.60 in chips) 
pister mister: posts small blind $0.01
Lorpugo: posts big blind $0.02
*** HOLE CARDS ***
Dealt to Lorpugo [8d 5d]
rdantley: raises $0.04 to $0.06
gabinho20: folds 
marcio14: folds 
edithpiaf123: folds 
pister mister: folds 
Lorpugo: folds 
Uncalled bet ($0.04) returned to rdantley
rdantley collected $0.05 from pot
rdantley: doesn't show hand 
*** SUMMARY ***
Total pot $0.05 | Rake $0 
Seat 1: rdantley collected ($0.05)
Seat 2: gabinho20 folded before Flop (didn't bet)
Seat 3: marcio14 folded before Flop (didn't bet)
Seat 4: edithpiaf123 (button) folded before Flop (didn't bet)
Seat 5: pister mister (small blind) folded before Flop
Seat 6: Lorpugo (big blind) folded before Flop



PokerStars Hand #239649680078:  Hold'em No Limit ($0.01/$0.02 USD) - 2022/11/04 15:39:27 ET
Table 'Shura III' 6-max Seat #5 is the button
Seat 1: rdantley ($0.80 in chips) 
Seat 2: gabinho20 ($2 in chips) 
Seat 3: marcio14 ($2.03 in chips) 
Seat 4: edithpiaf123 ($1.96 in chips) 
Seat 5: pister mister ($4.78 in chips) 
Seat 6: Lorpugo ($1.58 in chips) 
Lorpugo: posts small blind $0.01
rdantley: posts big blind $0.02
*** HOLE CARDS ***
Dealt to Lorpugo [4s Qs]
gabinho20: folds 
marcio14: raises $0.03 to $0.05
edithpiaf123: folds 
pister mister: folds 
Lorpugo: folds 
rdantley: calls $0.03
*** FLOP *** [Ah As Qd]
rdantley: checks 
marcio14: checks 
*** TURN *** [Ah As Qd] [7d]
rdantley: bets $0.06
marcio14: calls $0.06
*** RIVER *** [Ah As Qd 7d] [6h]
rdantley: bets $0.22
marcio14: calls $0.22
*** SHOW DOWN ***
rdantley: shows [3h Ac] (three of a kind, Aces)
marcio14: shows [Kd Ad] (three of a kind, Aces - King kicker)
marcio14 collected $0.65 from pot
*** SUMMARY ***
Total pot $0.67 | Rake $0.02 
Board [Ah As Qd 7d 6h]
Seat 1: rdantley (big blind) showed [3h Ac] and lost with three of a kind, Aces
Seat 2: gabinho20 folded before Flop (didn't bet)
Seat 3: marcio14 showed [Kd Ad] and won ($0.65) with three of a kind, Aces
Seat 4: edithpiaf123 folded before Flop (didn't bet)
Seat 5: pister mister (button) folded before Flop (didn't bet)
Seat 6: Lorpugo (small blind) folded before Flop



PokerStars Hand #239649696517:  Hold'em No Limit ($0.01/$0.02 USD) - 2022/11/04 15:40:10 ET
Table 'Shura III' 6-max Seat #6 is the button
Seat 1: rdantley ($0.47 in chips) 
Seat 2: gabinho20 ($2 in chips) 
Seat 3: marcio14 ($2.35 in chips) 
Seat 4: edithpiaf123 ($1.96 in chips) 
Seat 5: pister mister ($4.78 in chips) 
Seat 6: Lorpugo ($1.57 in chips) 
rdantley: posts small blind $0.01
gabinho20: posts big blind $0.02
*** HOLE CARDS ***
Dealt to Lorpugo [8s 3h]
marcio14: folds 
edithpiaf123: folds 
pister mister: folds 
Lorpugo: folds 
rdantley: raises $0.06 to $0.08
gabinho20: folds 
Uncalled bet ($0.06) returned to rdantley
rdantley collected $0.04 from pot
rdantley: doesn't show hand 
*** SUMMARY ***
Total pot $0.04 | Rake $0 
Seat 1: rdantley (small blind) collected ($0.04)
Seat 2: gabinho20 (big blind) folded before Flop
Seat 3: marcio14 folded before Flop (didn't bet)
Seat 4: edithpiaf123 folded before Flop (didn't bet)
Seat 5: pister mister folded before Flop (didn't bet)
Seat 6: Lorpugo (button) folded before Flop (didn't bet)



PokerStars Hand #239649705012:  Hold'em No Limit ($0.01/$0.02 USD) - 2022/11/04 15:40:33 ET
Table 'Shura III' 6-max Seat #1 is the button
Seat 1: rdantley ($0.49 in chips) 
Seat 2: gabinho20 ($2 in chips) 
Seat 3: marcio14 ($2.35 in chips) 
Seat 4: edithpiaf123 ($1.96 in chips) 
Seat 5: pister mister ($4.78 in chips) 
Seat 6: Lorpugo ($1.57 in chips) 
gabinho20: posts small blind $0.01
marcio14: posts big blind $0.02
*** HOLE CARDS ***
Dealt to Lorpugo [2s 9h]
edithpiaf123: folds 
pister mister: folds 
Lorpugo: folds 
rdantley: folds 
gabinho20: folds 
Uncalled bet ($0.01) returned to marcio14
marcio14 collected $0.02 from pot
marcio14: doesn't show hand 
*** SUMMARY ***
Total pot $0.02 | Rake $0 
Seat 1: rdantley (button) folded before Flop (didn't bet)
Seat 2: gabinho20 (small blind) folded before Flop
Seat 3: marcio14 (big blind) collected ($0.02)
Seat 4: edithpiaf123 folded before Flop (didn't bet)
Seat 5: pister mister folded before Flop (didn't bet)
Seat 6: Lorpugo folded before Flop (didn't bet)



PokerStars Hand #239649710034:  Hold'em No Limit ($0.01/$0.02 USD) - 2022/11/04 15:40:46 ET
Table 'Shura III' 6-max Seat #2 is the button
Seat 1: rdantley ($0.49 in chips) 
Seat 2: gabinho20 ($2 in chips) 
Seat 3: marcio14 ($2.36 in chips) 
Seat 4: edithpiaf123 ($1.96 in chips) 
Seat 5: pister mister ($4.78 in chips) 
Seat 6: Lorpugo ($1.57 in chips) 
marcio14: posts small blind $0.01
edithpiaf123: posts big blind $0.02
*** HOLE CARDS ***
Dealt to Lorpugo [4c 9h]
pister mister: raises $0.04 to $0.06
Lorpugo: folds 
rdantley: folds 
gabinho20: folds 
marcio14: calls $0.05
edithpiaf123: calls $0.04
*** FLOP *** [Jc Ks 2d]
marcio14: checks 
edithpiaf123: checks 
pister mister: checks 
*** TURN *** [Jc Ks 2d] [Kc]
marcio14: checks 
edithpiaf123: checks 
pister mister: checks 
*** RIVER *** [Jc Ks 2d Kc] [2s]
marcio14: checks 
edithpiaf123: checks 
pister mister: checks 
*** SHOW DOWN ***
marcio14: shows [Qd Ac] (two pair, Kings and Deuces)
edithpiaf123: shows [Qh Ah] (two pair, Kings and Deuces)
pister mister: shows [8h 8d] (two pair, Kings and Eights)
pister mister collected $0.17 from pot
*** SUMMARY ***
Total pot $0.18 | Rake $0.01 
Board [Jc Ks 2d Kc 2s]
Seat 1: rdantley folded before Flop (didn't bet)
Seat 2: gabinho20 (button) folded before Flop (didn't bet)
Seat 3: marcio14 (small blind) showed [Qd Ac] and lost with two pair, Kings and Deuces
Seat 4: edithpiaf123 (big blind) showed [Qh Ah] and lost with two pair, Kings and Deuces
Seat 5: pister mister showed [8h 8d] and won ($0.17) with two pair, Kings and Eights
Seat 6: Lorpugo folded before Flop (didn't bet)



PokerStars Hand #239649736286:  Hold'em No Limit ($0.01/$0.02 USD) - 2022/11/04 15:41:55 ET
Table 'Shura III' 6-max Seat #3 is the button
Seat 1: rdantley ($0.49 in chips) 
Seat 2: gabinho20 ($2 in chips) 
Seat 3: marcio14 ($2.30 in chips) 
Seat 4: edithpiaf123 ($1.90 in chips) 
Seat 5: pister mister ($4.89 in chips) 
Seat 6: Lorpugo ($1.57 in chips) 
edithpiaf123: posts small blind $0.01
pister mister: posts big blind $0.02
*** HOLE CARDS ***
Dealt to Lorpugo [Kd 7c]
Lorpugo: folds 
rdantley: raises $0.04 to $0.06
gabinho20: folds 
marcio14: folds 
edithpiaf123: folds 
pister mister: calls $0.04
*** FLOP *** [Ah Qd 4s]
pister mister: checks 
rdantley: bets $0.04
pister mister: calls $0.04
*** TURN *** [Ah Qd 4s] [8d]
pister mister: checks 
rdantley: bets $0.08
pister mister: folds 
Uncalled bet ($0.08) returned to rdantley
rdantley collected $0.20 from pot
rdantley: doesn't show hand 
*** SUMMARY ***
Total pot $0.21 | Rake $0.01 
Board [Ah Qd 4s 8d]
Seat 1: rdantley collected ($0.20)
Seat 2: gabinho20 folded before Flop (didn't bet)
Seat 3: marcio14 (button) folded before Flop (didn't bet)
Seat 4: edithpiaf123 (small blind) folded before Flop
Seat 5: pister mister (big blind) folded on the Turn
Seat 6: Lorpugo folded before Flop (didn't bet)



PokerStars Hand #239649747253:  Hold'em No Limit ($0.01/$0.02 USD) - 2022/11/04 15:42:24 ET
Table 'Shura III' 6-max Seat #4 is the button
Seat 1: rdantley ($0.59 in chips) 
Seat 2: gabinho20 ($2 in chips) 
Seat 3: marcio14 ($2.30 in chips) 
Seat 4: edithpiaf123 ($1.89 in chips) 
Seat 5: pister mister ($4.79 in chips) 
Seat 6: Lorpugo ($1.57 in chips) 
pister mister: posts small blind $0.01
Lorpugo: posts big blind $0.02
*** HOLE CARDS ***
Dealt to Lorpugo [Qc 3d]
rdantley: raises $0.04 to $0.06
gabinho20: folds 
marcio14: folds 
edithpiaf123: folds 
pister mister: folds 
Lorpugo: folds 
Uncalled bet ($0.04) returned to rdantley
rdantley collected $0.05 from pot
rdantley: doesn't show hand 
*** SUMMARY ***
Total pot $0.05 | Rake $0 
Seat 1: rdantley collected ($0.05)
Seat 2: gabinho20 folded before Flop (didn't bet)
Seat 3: marcio14 folded before Flop (didn't bet)
Seat 4: edithpiaf123 (button) folded before Flop (didn't bet)
Seat 5: pister mister (small blind) folded before Flop
Seat 6: Lorpugo (big blind) folded before Flop



PokerStars Hand #239649754351:  Hold'em No Limit ($0.01/$0.02 USD) - 2022/11/04 15:42:43 ET
Table 'Shura III' 6-max Seat #5 is the button
Seat 1: rdantley ($0.62 in chips) 
Seat 2: gabinho20 ($2 in chips) 
Seat 3: marcio14 ($2.30 in chips) 
Seat 4: edithpiaf123 ($1.89 in chips) 
Seat 5: pister mister ($4.78 in chips) 
Seat 6: Lorpugo ($1.55 in chips) 
Lorpugo: posts small blind $0.01
rdantley: posts big blind $0.02
*** HOLE CARDS ***
Dealt to Lorpugo [4h 7s]
gabinho20: folds 
marcio14: folds 
edithpiaf123: folds 
pister mister: raises $0.04 to $0.06
Lorpugo: folds 
rdantley: folds 
Uncalled bet ($0.04) returned to pister mister
pister mister collected $0.05 from pot
pister mister: doesn't show hand 
*** SUMMARY ***
Total pot $0.05 | Rake $0 
Seat 1: rdantley (big blind) folded before Flop
Seat 2: gabinho20 folded before Flop (didn't bet)
Seat 3: marcio14 folded before Flop (didn't bet)
Seat 4: edithpiaf123 folded before Flop (didn't bet)
Seat 5: pister mister (button) collected ($0.05)
Seat 6: Lorpugo (small blind) folded before Flop



PokerStars Hand #239649759767:  Hold'em No Limit ($0.01/$0.02 USD) - 2022/11/04 15:42:58 ET
Table 'Shura III' 6-max Seat #6 is the button
Seat 1: rdantley ($0.60 in chips) 
Seat 2: gabinho20 ($2 in chips) 
Seat 3: marcio14 ($2.30 in chips) 
Seat 4: edithpiaf123 ($1.89 in chips) 
Seat 5: pister mister ($4.81 in chips) 
Seat 6: Lorpugo ($1.54 in chips) 
rdantley: posts small blind $0.01
gabinho20: posts big blind $0.02
*** HOLE CARDS ***
Dealt to Lorpugo [3h 3d]
marcio14: folds 
edithpiaf123: raises $0.04 to $0.06
pister mister: folds 
Lorpugo: calls $0.06
rdantley: folds 
pister mister leaves the table
gabinho20: calls $0.04
*** FLOP *** [7c Qh 6c]
gabinho20: bets $0.13
edithpiaf123: raises $0.44 to $0.57
Lorpugo: folds 
gabinho20: folds 
Uncalled bet ($0.44) returned to edithpiaf123
edithpiaf123 collected $0.43 from pot
*** SUMMARY ***
Total pot $0.45 | Rake $0.02 
Board [7c Qh 6c]
Seat 1: rdantley (small blind) folded before Flop
Seat 2: gabinho20 (big blind) folded on the Flop
Seat 3: marcio14 folded before Flop (didn't bet)
Seat 4: edithpiaf123 collected ($0.43)
Seat 5: pister mister folded before Flop (didn't bet)
Seat 6: Lorpugo (button) folded on the Flop



PokerStars Hand #239649771372:  Hold'em No Limit ($0.01/$0.02 USD) - 2022/11/04 15:43:28 ET
Table 'Shura III' 6-max Seat #1 is the button
Seat 1: rdantley ($0.59 in chips) 
Seat 2: gabinho20 ($2 in chips) 
Seat 3: marcio14 ($2.30 in chips) 
Seat 4: edithpiaf123 ($2.13 in chips) 
Seat 6: Lorpugo ($1.48 in chips) 
gabinho20: posts small blind $0.01
marcio14: posts big blind $0.02
*** HOLE CARDS ***
Dealt to Lorpugo [Ah 8h]
edithpiaf123: folds 
Lorpugo: raises $0.04 to $0.06
rdantley: calls $0.06
gabinho20: folds 
marcio14: calls $0.04
*** FLOP *** [Td Tc 6s]
kani5575 joins the table at seat #5 
marcio14: checks 
Lorpugo: bets $0.06
rdantley: folds 
marcio14: folds 
Uncalled bet ($0.06) returned to Lorpugo
Lorpugo collected $0.18 from pot
Lorpugo: doesn't show hand 
*** SUMMARY ***
Total pot $0.19 | Rake $0.01 
Board [Td Tc 6s]
Seat 1: rdantley (button) folded on the Flop
Seat 2: gabinho20 (small blind) folded before Flop
Seat 3: marcio14 (big blind) folded on the Flop
Seat 4: edithpiaf123 folded before Flop (didn't bet)
Seat 6: Lorpugo collected ($0.18)



PokerStars Hand #239649783632:  Hold'em No Limit ($0.01/$0.02 USD) - 2022/11/04 15:44:01 ET
Table 'Shura III' 6-max Seat #2 is the button
Seat 1: rdantley ($0.53 in chips) 
Seat 2: gabinho20 ($2 in chips) 
Seat 3: marcio14 ($2.24 in chips) 
Seat 4: edithpiaf123 ($2.13 in chips) 
Seat 6: Lorpugo ($1.60 in chips) 
marcio14: posts small blind $0.01
edithpiaf123: posts big blind $0.02
kani5575: sits out 
*** HOLE CARDS ***
Dealt to Lorpugo [Jh 5h]
Lorpugo: folds 
rdantley: raises $0.02 to $0.04
gabinho20: folds 
marcio14: folds 
edithpiaf123: raises $0.20 to $0.24
rdantley: raises $0.29 to $0.53 and is all-in
edithpiaf123: calls $0.29
*** FLOP *** [8s 6s 7s]
*** TURN *** [8s 6s 7s] [5s]
*** RIVER *** [8s 6s 7s 5s] [Qh]
*** SHOW DOWN ***
edithpiaf123: shows [Jc Jd] (a pair of Jacks)
rdantley: shows [Kh As] (a flush, Ace high)
rdantley collected $1.03 from pot
*** SUMMARY ***
Total pot $1.07 | Rake $0.04 
Board [8s 6s 7s 5s Qh]
Seat 1: rdantley showed [Kh As] and won ($1.03) with a flush, Ace high
Seat 2: gabinho20 (button) folded before Flop (didn't bet)
Seat 3: marcio14 (small blind) folded before Flop
Seat 4: edithpiaf123 (big blind) showed [Jc Jd] and lost with a pair of Jacks
Seat 6: Lorpugo folded before Flop (didn't bet)



PokerStars Hand #239649793855:  Hold'em No Limit ($0.01/$0.02 USD) - 2022/11/04 15:44:28 ET
Table 'Shura III' 6-max Seat #3 is the button
Seat 1: rdantley ($1.03 in chips) 
Seat 2: gabinho20 ($2 in chips) 
Seat 3: marcio14 ($2.23 in chips) 
Seat 4: edithpiaf123 ($1.60 in chips) 
Seat 5: kani5575 ($1.60 in chips) 
Seat 6: Lorpugo ($1.60 in chips) 
edithpiaf123: posts small blind $0.01
kani5575: posts big blind $0.02
*** HOLE CARDS ***
Dealt to Lorpugo [Th 4s]
Lorpugo: folds 
rdantley: folds 
gabinho20: folds 
marcio14: folds 
edithpiaf123: folds 
Uncalled bet ($0.01) returned to kani5575
kani5575 collected $0.02 from pot
*** SUMMARY ***
Total pot $0.02 | Rake $0 
Seat 1: rdantley folded before Flop (didn't bet)
Seat 2: gabinho20 folded before Flop (didn't bet)
Seat 3: marcio14 (button) folded before Flop (didn't bet)
Seat 4: edithpiaf123 (small blind) folded before Flop
Seat 5: kani5575 (big blind) collected ($0.02)
Seat 6: Lorpugo folded before Flop (didn't bet)



PokerStars Hand #239649799921:  Hold'em No Limit ($0.01/$0.02 USD) - 2022/11/04 15:44:44 ET
Table 'Shura III' 6-max Seat #4 is the button
Seat 1: rdantley ($1.03 in chips) 
Seat 2: gabinho20 ($2 in chips) 
Seat 3: marcio14 ($2.23 in chips) 
Seat 4: edithpiaf123 ($1.59 in chips) 
Seat 5: kani5575 ($1.61 in chips) 
Seat 6: Lorpugo ($1.60 in chips) 
kani5575: posts small blind $0.01
Lorpugo: posts big blind $0.02
*** HOLE CARDS ***
Dealt to Lorpugo [Kc 8d]
rdantley: folds 
gabinho20: folds 
marcio14: folds 
edithpiaf123: folds 
kani5575: raises $0.02 to $0.04
Lorpugo: raises $0.08 to $0.12
kani5575: calls $0.08
*** FLOP *** [Ac 7c 5d]
kani5575: checks 
Lorpugo: bets $0.12
kani5575: folds 
Uncalled bet ($0.12) returned to Lorpugo
Lorpugo collected $0.23 from pot
Lorpugo: doesn't show hand 
*** SUMMARY ***
Total pot $0.24 | Rake $0.01 
Board [Ac 7c 5d]
Seat 1: rdantley folded before Flop (didn't bet)
Seat 2: gabinho20 folded before Flop (didn't bet)
Seat 3: marcio14 folded before Flop (didn't bet)
Seat 4: edithpiaf123 (button) folded before Flop (didn't bet)
Seat 5: kani5575 (small blind) folded on the Flop
Seat 6: Lorpugo (big blind) collected ($0.23)



PokerStars Hand #239649814176:  Hold'em No Limit ($0.01/$0.02 USD) - 2022/11/04 15:45:22 ET
Table 'Shura III' 6-max Seat #5 is the button
Seat 1: rdantley ($1.03 in chips) 
Seat 2: gabinho20 ($2 in chips) 
Seat 3: marcio14 ($2.23 in chips) 
Seat 4: edithpiaf123 ($1.59 in chips) 
Seat 5: kani5575 ($1.49 in chips) 
Seat 6: Lorpugo ($1.71 in chips) 
Lorpugo: posts small blind $0.01
rdantley: posts big blind $0.02
*** HOLE CARDS ***
Dealt to Lorpugo [Kd 6h]
gabinho20: raises $0.04 to $0.06
marcio14: folds 
edithpiaf123: folds 
kani5575: folds 
Lorpugo: folds 
rdantley: raises $0.13 to $0.19
gabinho20: folds 
Uncalled bet ($0.13) returned to rdantley
rdantley collected $0.13 from pot
rdantley: doesn't show hand 
*** SUMMARY ***
Total pot $0.13 | Rake $0 
Seat 1: rdantley (big blind) collected ($0.13)
Seat 2: gabinho20 folded before Flop
Seat 3: marcio14 folded before Flop (didn't bet)
Seat 4: edithpiaf123 folded before Flop (didn't bet)
Seat 5: kani5575 (button) folded before Flop (didn't bet)
Seat 6: Lorpugo (small blind) folded before Flop



PokerStars Hand #239649824681:  Hold'em No Limit ($0.01/$0.02 USD) - 2022/11/04 15:45:50 ET
Table 'Shura III' 6-max Seat #6 is the button
Seat 1: rdantley ($1.10 in chips) 
Seat 2: gabinho20 ($2 in chips) 
Seat 3: marcio14 ($2.23 in chips) 
Seat 4: edithpiaf123 ($1.59 in chips) 
Seat 5: kani5575 ($1.49 in chips) 
Seat 6: Lorpugo ($1.70 in chips) 
rdantley: posts small blind $0.01
gabinho20: posts big blind $0.02
*** HOLE CARDS ***
Dealt to Lorpugo [6d 4h]
marcio14: folds 
edithpiaf123: folds 
kani5575: folds 
Lorpugo: folds 
rdantley: raises $0.04 to $0.06
gabinho20: raises $0.12 to $0.18
rdantley: folds 
Uncalled bet ($0.12) returned to gabinho20
gabinho20 collected $0.12 from pot
gabinho20: doesn't show hand 
*** SUMMARY ***
Total pot $0.12 | Rake $0 
Seat 1: rdantley (small blind) folded before Flop
Seat 2: gabinho20 (big blind) collected ($0.12)
Seat 3: marcio14 folded before Flop (didn't bet)
Seat 4: edithpiaf123 folded before Flop (didn't bet)
Seat 5: kani5575 folded before Flop (didn't bet)
Seat 6: Lorpugo (button) folded before Flop (didn't bet)



PokerStars Hand #239649832954:  Hold'em No Limit ($0.01/$0.02 USD) - 2022/11/04 15:46:12 ET
Table 'Shura III' 6-max Seat #1 is the button
Seat 1: rdantley ($1.04 in chips) 
Seat 2: gabinho20 ($2.06 in chips) 
Seat 3: marcio14 ($2.23 in chips) 
Seat 4: edithpiaf123 ($1.59 in chips) 
Seat 5: kani5575 ($1.49 in chips) 
Seat 6: Lorpugo ($1.70 in chips) 
gabinho20: posts small blind $0.01
marcio14: posts big blind $0.02
*** HOLE CARDS ***
Dealt to Lorpugo [7c Ad]
edithpiaf123: raises $0.04 to $0.06
kani5575: calls $0.06
Lorpugo: folds 
rdantley: folds 
gabinho20: folds 
marcio14: folds 
*** FLOP *** [8c Ts Jh]
edithpiaf123: bets $0.07
kani5575: folds 
Uncalled bet ($0.07) returned to edithpiaf123
edithpiaf123 collected $0.14 from pot
*** SUMMARY ***
Total pot $0.15 | Rake $0.01 
Board [8c Ts Jh]
Seat 1: rdantley (button) folded before Flop (didn't bet)
Seat 2: gabinho20 (small blind) folded before Flop
Seat 3: marcio14 (big blind) folded before Flop
Seat 4: edithpiaf123 collected ($0.14)
Seat 5: kani5575 folded on the Flop
Seat 6: Lorpugo folded before Flop (didn't bet)



PokerStars Hand #239649839951:  Hold'em No Limit ($0.01/$0.02 USD) - 2022/11/04 15:46:31 ET
Table 'Shura III' 6-max Seat #2 is the button
Seat 1: rdantley ($1.04 in chips) 
Seat 2: gabinho20 ($2.05 in chips) 
Seat 3: marcio14 ($2.21 in chips) 
Seat 4: edithpiaf123 ($1.67 in chips) 
Seat 5: kani5575 ($1.43 in chips) 
Seat 6: Lorpugo ($1.70 in chips) 
marcio14: posts small blind $0.01
edithpiaf123: posts big blind $0.02
*** HOLE CARDS ***
Dealt to Lorpugo [2c Ks]
kani5575: raises $0.02 to $0.04
Lorpugo: folds 
rdantley: folds 
gabinho20: folds 
marcio14: folds 
edithpiaf123: calls $0.02
*** FLOP *** [Qs 6d 5d]
edithpiaf123: bets $0.05
kani5575: raises $0.19 to $0.24
edithpiaf123: calls $0.19
*** TURN *** [Qs 6d 5d] [5h]
edithpiaf123: bets $0.28
kani5575: raises $0.87 to $1.15 and is all-in
edithpiaf123: calls $0.87
*** RIVER *** [Qs 6d 5d 5h] [Jc]
*** SHOW DOWN ***
edithpiaf123: shows [Kh Qd] (two pair, Queens and Fives)
kani5575: shows [Qc Ah] (two pair, Queens and Fives - Ace kicker)
kani5575 cashed out the hand for $2.46 | Cash Out Fee $0.02
*** SUMMARY ***
Total pot $2.87 | Rake $0.10 
Board [Qs 6d 5d 5h Jc]
Seat 1: rdantley folded before Flop (didn't bet)
Seat 2: gabinho20 (button) folded before Flop (didn't bet)
Seat 3: marcio14 (small blind) folded before Flop
Seat 4: edithpiaf123 (big blind) showed [Kh Qd] and lost with two pair, Queens and Fives
Seat 5: kani5575 showed [Qc Ah] and won ($2.77) with two pair, Queens and Fives (pot not awarded as player cashed out)
Seat 6: Lorpugo folded before Flop (didn't bet)



PokerStars Hand #239649855323:  Hold'em No Limit ($0.01/$0.02 USD) - 2022/11/04 15:47:12 ET
Table 'Shura III' 6-max Seat #3 is the button
Seat 1: rdantley ($1.04 in chips) 
Seat 2: gabinho20 ($2.05 in chips) 
Seat 3: marcio14 ($2.20 in chips) 
Seat 4: edithpiaf123 ($0.24 in chips) 
Seat 5: kani5575 ($2.46 in chips) 
Seat 6: Lorpugo ($1.70 in chips) 
edithpiaf123: posts small blind $0.01
kani5575: posts big blind $0.02
*** HOLE CARDS ***
Dealt to Lorpugo [Qc 2s]
Lorpugo: folds 
rdantley: raises $0.06 to $0.08
gabinho20: folds 
marcio14: folds 
edithpiaf123: folds 
kani5575: calls $0.06
*** FLOP *** [9s 5h 3s]
kani5575: checks 
rdantley: bets $0.10
kani5575: folds 
Uncalled bet ($0.10) returned to rdantley
rdantley collected $0.16 from pot
rdantley: doesn't show hand 
*** SUMMARY ***
Total pot $0.17 | Rake $0.01 
Board [9s 5h 3s]
Seat 1: rdantley collected ($0.16)
Seat 2: gabinho20 folded before Flop (didn't bet)
Seat 3: marcio14 (button) folded before Flop (didn't bet)
Seat 4: edithpiaf123 (small blind) folded before Flop
Seat 5: kani5575 (big blind) folded on the Flop
Seat 6: Lorpugo folded before Flop (didn't bet)



PokerStars Hand #239649869634:  Hold'em No Limit ($0.01/$0.02 USD) - 2022/11/04 15:47:50 ET
Table 'Shura III' 6-max Seat #4 is the button
Seat 1: rdantley ($1.12 in chips) 
Seat 2: gabinho20 ($2.05 in chips) 
Seat 3: marcio14 ($2.20 in chips) 
Seat 4: edithpiaf123 ($0.23 in chips) 
Seat 5: kani5575 ($2.38 in chips) 
Seat 6: Lorpugo ($1.70 in chips) 
kani5575: posts small blind $0.01
Lorpugo: posts big blind $0.02
*** HOLE CARDS ***
Dealt to Lorpugo [As 3h]
rdantley: folds 
gabinho20: raises $0.04 to $0.06
marcio14: folds 
edithpiaf123: folds 
kani5575 is disconnected 
kani5575 has timed out while disconnected
kani5575: folds 
Lorpugo: calls $0.04
*** FLOP *** [2h Td 2d]
Lorpugo: checks 
gabinho20: bets $0.07
Lorpugo: calls $0.07
*** TURN *** [2h Td 2d] [6c]
Lorpugo: bets $0.06
gabinho20: calls $0.06
*** RIVER *** [2h Td 2d 6c] [Tc]
Lorpugo: bets $0.08
gabinho20: folds 
Uncalled bet ($0.08) returned to Lorpugo
Lorpugo collected $0.38 from pot
Lorpugo: doesn't show hand 
*** SUMMARY ***
Total pot $0.39 | Rake $0.01 
Board [2h Td 2d 6c Tc]
Seat 1: rdantley folded before Flop (didn't bet)
Seat 2: gabinho20 folded on the River
Seat 3: marcio14 folded before Flop (didn't bet)
Seat 4: edithpiaf123 (button) folded before Flop (didn't bet)
Seat 5: kani5575 (small blind) folded before Flop
Seat 6: Lorpugo (big blind) collected ($0.38)



PokerStars Hand #239649909286:  Hold'em No Limit ($0.01/$0.02 USD) - 2022/11/04 15:49:36 ET
Table 'Shura III' 6-max Seat #6 is the button
Seat 1: rdantley ($1.12 in chips) 
Seat 2: gabinho20 ($2 in chips) 
Seat 3: marcio14 ($2.20 in chips) 
Seat 4: edithpiaf123 ($0.23 in chips) 
Seat 6: Lorpugo ($1.89 in chips) 
rdantley: posts small blind $0.01
gabinho20: posts big blind $0.02
*** HOLE CARDS ***
Dealt to Lorpugo [7c Td]
marcio14: folds 
edithpiaf123: folds 
Lorpugo: raises $0.04 to $0.06
rdantley: folds 
gabinho20: folds 
Uncalled bet ($0.04) returned to Lorpugo
Lorpugo collected $0.05 from pot
Lorpugo: doesn't show hand 
*** SUMMARY ***
Total pot $0.05 | Rake $0 
Seat 1: rdantley (small blind) folded before Flop
Seat 2: gabinho20 (big blind) folded before Flop
Seat 3: marcio14 folded before Flop (didn't bet)
Seat 4: edithpiaf123 folded before Flop (didn't bet)
Seat 6: Lorpugo (button) collected ($0.05)



PokerStars Hand #239649914163:  Hold'em No Limit ($0.01/$0.02 USD) - 2022/11/04 15:49:49 ET
Table 'Shura III' 6-max Seat #1 is the button
Seat 1: rdantley ($1.11 in chips) 
Seat 2: gabinho20 ($2 in chips) 
Seat 3: marcio14 ($2.20 in chips) 
Seat 4: edithpiaf123 ($0.23 in chips) 
Seat 6: Lorpugo ($1.92 in chips) 
gabinho20: posts small blind $0.01
marcio14: posts big blind $0.02
*** HOLE CARDS ***
Dealt to Lorpugo [4s 7d]
edithpiaf123: folds 
Lorpugo: folds 
rdantley: folds 
gabinho20: raises $0.03 to $0.05
marcio14: calls $0.03
*** FLOP *** [Kd 6s 3c]
gabinho20: checks 
marcio14: checks 
*** TURN *** [Kd 6s 3c] [Qs]
gabinho20: checks 
marcio14: checks 
*** RIVER *** [Kd 6s 3c Qs] [4d]
gabinho20: checks 
marcio14: checks 
*** SHOW DOWN ***
gabinho20: shows [Tc 7c] (high card King)
marcio14: shows [5h As] (high card Ace)
marcio14 collected $0.10 from pot
*** SUMMARY ***
Total pot $0.10 | Rake $0 
Board [Kd 6s 3c Qs 4d]
Seat 1: rdantley (button) folded before Flop (didn't bet)
Seat 2: gabinho20 (small blind) showed [Tc 7c] and lost with high card King
Seat 3: marcio14 (big blind) showed [5h As] and won ($0.10) with high card Ace
Seat 4: edithpiaf123 folded before Flop (didn't bet)
Seat 6: Lorpugo folded before Flop (didn't bet)



PokerStars Hand #239649933786:  Hold'em No Limit ($0.01/$0.02 USD) - 2022/11/04 15:50:41 ET
Table 'Shura III' 6-max Seat #2 is the button
Seat 1: rdantley ($1.11 in chips) 
Seat 2: gabinho20 ($2 in chips) 
Seat 4: edithpiaf123 ($0.23 in chips) 
Seat 6: Lorpugo ($1.92 in chips) 
edithpiaf123: posts small blind $0.01
Lorpugo: posts big blind $0.02
*** HOLE CARDS ***
Dealt to Lorpugo [7d 5d]
rdantley: folds 
gabinho20: folds 
edithpiaf123: folds 
Uncalled bet ($0.01) returned to Lorpugo
Lorpugo collected $0.02 from pot
Lorpugo: doesn't show hand 
*** SUMMARY ***
Total pot $0.02 | Rake $0 
Seat 1: rdantley folded before Flop (didn't bet)
Seat 2: gabinho20 (button) folded before Flop (didn't bet)
Seat 4: edithpiaf123 (small blind) folded before Flop
Seat 6: Lorpugo (big blind) collected ($0.02)



PokerStars Hand #239649936149:  Hold'em No Limit ($0.01/$0.02 USD) - 2022/11/04 15:50:47 ET
Table 'Shura III' 6-max Seat #4 is the button
Seat 1: rdantley ($1.11 in chips) 
Seat 2: gabinho20 ($2 in chips) 
Seat 4: edithpiaf123 ($0.22 in chips) 
Seat 6: Lorpugo ($1.93 in chips) 
Lorpugo: posts small blind $0.01
rdantley: posts big blind $0.02
*** HOLE CARDS ***
Dealt to Lorpugo [7d As]
gabinho20: folds 
edithpiaf123: folds 
Lorpugo: raises $0.04 to $0.06
rdantley: folds 
Uncalled bet ($0.04) returned to Lorpugo
Lorpugo collected $0.04 from pot
Lorpugo: doesn't show hand 
*** SUMMARY ***
Total pot $0.04 | Rake $0 
Seat 1: rdantley (big blind) folded before Flop
Seat 2: gabinho20 folded before Flop (didn't bet)
Seat 4: edithpiaf123 (button) folded before Flop (didn't bet)
Seat 6: Lorpugo (small blind) collected ($0.04)



PokerStars Hand #239649941473:  Hold'em No Limit ($0.01/$0.02 USD) - 2022/11/04 15:51:01 ET
Table 'Shura III' 6-max Seat #6 is the button
Seat 1: rdantley ($1.09 in chips) 
Seat 2: gabinho20 ($2 in chips) 
Seat 4: edithpiaf123 ($0.22 in chips) 
Seat 6: Lorpugo ($1.95 in chips) 
marcio14 leaves the table
rdantley: posts small blind $0.01
gabinho20: posts big blind $0.02
*** HOLE CARDS ***
Dealt to Lorpugo [2d 9c]
edithpiaf123: folds 
Lorpugo: folds 
rdantley: calls $0.01
gabinho20: checks 
*** FLOP *** [Js Qc 4d]
rdantley: checks 
gabinho20: checks 
*** TURN *** [Js Qc 4d] [Jh]
rdantley: bets $0.06
gabinho20: folds 
Uncalled bet ($0.06) returned to rdantley
rdantley collected $0.04 from pot
rdantley: doesn't show hand 
*** SUMMARY ***
Total pot $0.04 | Rake $0 
Board [Js Qc 4d Jh]
Seat 1: rdantley (small blind) collected ($0.04)
Seat 2: gabinho20 (big blind) folded on the Turn
Seat 4: edithpiaf123 folded before Flop (didn't bet)
Seat 6: Lorpugo (button) folded before Flop (didn't bet)



PokerStars Hand #239649957248:  Hold'em No Limit ($0.01/$0.02 USD) - 2022/11/04 15:51:43 ET
Table 'Shura III' 6-max Seat #1 is the button
Seat 1: rdantley ($1.11 in chips) 
Seat 2: gabinho20 ($2 in chips) 
Seat 4: edithpiaf123 ($0.22 in chips) 
Seat 6: Lorpugo ($1.95 in chips) 
gabinho20: posts small blind $0.01
edithpiaf123: posts big blind $0.02
*** HOLE CARDS ***
Dealt to Lorpugo [7d 5c]
Lorpugo: folds 
rdantley: raises $0.04 to $0.06
gabinho20: folds 
edithpiaf123: folds 
Uncalled bet ($0.04) returned to rdantley
rdantley collected $0.05 from pot
rdantley: doesn't show hand 
*** SUMMARY ***
Total pot $0.05 | Rake $0 
Seat 1: rdantley (button) collected ($0.05)
Seat 2: gabinho20 (small blind) folded before Flop
Seat 4: edithpiaf123 (big blind) folded before Flop
Seat 6: Lorpugo folded before Flop (didn't bet)



PokerStars Hand #239649965459:  Hold'em No Limit ($0.01/$0.02 USD) - 2022/11/04 15:52:05 ET
Table 'Shura III' 6-max Seat #2 is the button
Seat 1: rdantley ($1.14 in chips) 
Seat 2: gabinho20 ($2 in chips) 
Seat 4: edithpiaf123 ($0.20 in chips) 
Seat 6: Lorpugo ($1.95 in chips) 
edithpiaf123: posts small blind $0.01
Lorpugo: posts big blind $0.02
*** HOLE CARDS ***
Dealt to Lorpugo [Jd 3h]
rdantley: calls $0.02
gabinho20: calls $0.02
edithpiaf123: folds 
Lorpugo: checks 
*** FLOP *** [As 5h Th]
Lorpugo: checks 
rdantley: bets $0.08
gabinho20: folds 
Lorpugo: folds 
Uncalled bet ($0.08) returned to rdantley
rdantley collected $0.07 from pot
rdantley: doesn't show hand 
*** SUMMARY ***
Total pot $0.07 | Rake $0 
Board [As 5h Th]
Seat 1: rdantley collected ($0.07)
Seat 2: gabinho20 (button) folded on the Flop
Seat 4: edithpiaf123 (small blind) folded before Flop
Seat 6: Lorpugo (big blind) folded on the Flop



PokerStars Hand #239649976616:  Hold'em No Limit ($0.01/$0.02 USD) - 2022/11/04 15:52:34 ET
Table 'Shura III' 6-max Seat #4 is the button
Seat 1: rdantley ($1.19 in chips) 
Seat 2: gabinho20 ($2 in chips) 
Seat 4: edithpiaf123 ($0.19 in chips) 
Seat 6: Lorpugo ($1.93 in chips) 
Lorpugo: posts small blind $0.01
rdantley: posts big blind $0.02
*** HOLE CARDS ***
Dealt to Lorpugo [9h Jh]
stefaris1967 joins the table at seat #3 
gabinho20: folds 
edithpiaf123: folds 
Lorpugo: raises $0.04 to $0.06
rdantley: calls $0.04
*** FLOP *** [Jd 4h 4d]
Lorpugo: checks 
rdantley: checks 
*** TURN *** [Jd 4h 4d] [Qc]
Lorpugo: checks 
rdantley: checks 
*** RIVER *** [Jd 4h 4d Qc] [2s]
Lorpugo: checks 
rdantley: checks 
*** SHOW DOWN ***
Lorpugo: shows [9h Jh] (two pair, Jacks and Fours)
rdantley: mucks hand 
Lorpugo collected $0.12 from pot
*** SUMMARY ***
Total pot $0.12 | Rake $0 
Board [Jd 4h 4d Qc 2s]
Seat 1: rdantley (big blind) mucked [Kd Ah]
Seat 2: gabinho20 folded before Flop (didn't bet)
Seat 4: edithpiaf123 (button) folded before Flop (didn't bet)
Seat 6: Lorpugo (small blind) showed [9h Jh] and won ($0.12) with two pair, Jacks and Fours



PokerStars Hand #239649992232:  Hold'em No Limit ($0.01/$0.02 USD) - 2022/11/04 15:53:16 ET
Table 'Shura III' 6-max Seat #6 is the button
Seat 1: rdantley ($1.13 in chips) 
Seat 2: gabinho20 ($2 in chips) 
Seat 3: stefaris1967 ($1.60 in chips) 
Seat 4: edithpiaf123 ($0.19 in chips) 
Seat 6: Lorpugo ($1.99 in chips) 
rdantley: posts small blind $0.01
gabinho20: posts big blind $0.02
stefaris1967: posts big blind $0.02
*** HOLE CARDS ***
Dealt to Lorpugo [Kh 8d]
stefaris1967: checks 
edithpiaf123: folds 
Lorpugo: folds 
rdantley: folds 
gabinho20: checks 
*** FLOP *** [4c 6c 4h]
gabinho20: checks 
stefaris1967: bets $0.02
gabinho20: folds 
Uncalled bet ($0.02) returned to stefaris1967
stefaris1967 collected $0.05 from pot
stefaris1967: doesn't show hand 
*** SUMMARY ***
Total pot $0.05 | Rake $0 
Board [4c 6c 4h]
Seat 1: rdantley (small blind) folded before Flop
Seat 2: gabinho20 (big blind) folded on the Flop
Seat 3: stefaris1967 collected ($0.05)
Seat 4: edithpiaf123 folded before Flop (didn't bet)
Seat 6: Lorpugo (button) folded before Flop (didn't bet)



PokerStars Hand #239650001005:  Hold'em No Limit ($0.01/$0.02 USD) - 2022/11/04 15:53:39 ET
Table 'Shura III' 6-max Seat #1 is the button
Seat 1: rdantley ($1.12 in chips) 
Seat 2: gabinho20 ($2 in chips) 
Seat 3: stefaris1967 ($1.63 in chips) 
Seat 4: edithpiaf123 ($0.91 in chips) 
Seat 6: Lorpugo ($1.99 in chips) 
gabinho20: posts small blind $0.01
stefaris1967: posts big blind $0.02
*** HOLE CARDS ***
Dealt to Lorpugo [3d 6s]
edithpiaf123: folds 
Lorpugo: folds 
rdantley: folds 
gabinho20: raises $0.03 to $0.05
stefaris1967: calls $0.03
*** FLOP *** [5s 9s Kh]
gabinho20: checks 
stefaris1967: checks 
*** TURN *** [5s 9s Kh] [7h]
gabinho20: checks 
stefaris1967: checks 
*** RIVER *** [5s 9s Kh 7h] [4h]
gabinho20: checks 
stefaris1967: bets $0.10
gabinho20: folds 
Uncalled bet ($0.10) returned to stefaris1967
stefaris1967 collected $0.10 from pot
stefaris1967: doesn't show hand 
*** SUMMARY ***
Total pot $0.10 | Rake $0 
Board [5s 9s Kh 7h 4h]
Seat 1: rdantley (button) folded before Flop (didn't bet)
Seat 2: gabinho20 (small blind) folded on the River
Seat 3: stefaris1967 (big blind) collected ($0.10)
Seat 4: edithpiaf123 folded before Flop (didn't bet)
Seat 6: Lorpugo folded before Flop (didn't bet)



PokerStars Hand #239650015281:  Hold'em No Limit ($0.01/$0.02 USD) - 2022/11/04 15:54:17 ET
Table 'Shura III' 6-max Seat #2 is the button
Seat 1: rdantley ($1.12 in chips) 
Seat 2: gabinho20 ($2 in chips) 
Seat 3: stefaris1967 ($1.68 in chips) 
Seat 4: edithpiaf123 ($0.91 in chips) 
Seat 6: Lorpugo ($1.99 in chips) 
stefaris1967: posts small blind $0.01
edithpiaf123: posts big blind $0.02
*** HOLE CARDS ***
Dealt to Lorpugo [9d 4s]
Lorpugo: folds 
rdantley: raises $0.04 to $0.06
gabinho20: folds 
stefaris1967: folds 
edithpiaf123: folds 
Uncalled bet ($0.04) returned to rdantley
rdantley collected $0.05 from pot
rdantley: doesn't show hand 
*** SUMMARY ***
Total pot $0.05 | Rake $0 
Seat 1: rdantley collected ($0.05)
Seat 2: gabinho20 (button) folded before Flop (didn't bet)
Seat 3: stefaris1967 (small blind) folded before Flop
Seat 4: edithpiaf123 (big blind) folded before Flop
Seat 6: Lorpugo folded before Flop (didn't bet)



PokerStars Hand #239650021317:  Hold'em No Limit ($0.01/$0.02 USD) - 2022/11/04 15:54:33 ET
Table 'Shura III' 6-max Seat #3 is the button
Seat 1: rdantley ($1.15 in chips) 
Seat 2: gabinho20 ($2 in chips) 
Seat 3: stefaris1967 ($1.67 in chips) 
Seat 4: edithpiaf123 ($0.89 in chips) 
Seat 6: Lorpugo ($1.99 in chips) 
edithpiaf123: posts small blind $0.01
Lorpugo: posts big blind $0.02
*** HOLE CARDS ***
Dealt to Lorpugo [8h Kc]
rdantley: folds 
gabinho20: folds 
stefaris1967: folds 
edithpiaf123: folds 
Uncalled bet ($0.01) returned to Lorpugo
Lorpugo collected $0.02 from pot
Lorpugo: doesn't show hand 
*** SUMMARY ***
Total pot $0.02 | Rake $0 
Seat 1: rdantley folded before Flop (didn't bet)
Seat 2: gabinho20 folded before Flop (didn't bet)
Seat 3: stefaris1967 (button) folded before Flop (didn't bet)
Seat 4: edithpiaf123 (small blind) folded before Flop
Seat 6: Lorpugo (big blind) collected ($0.02)



PokerStars Hand #239650024108:  Hold'em No Limit ($0.01/$0.02 USD) - 2022/11/04 15:54:41 ET
Table 'Shura III' 6-max Seat #4 is the button
Seat 1: rdantley ($1.15 in chips) 
Seat 2: gabinho20 ($2 in chips) 
Seat 3: stefaris1967 ($1.67 in chips) 
Seat 4: edithpiaf123 ($0.88 in chips) 
Seat 6: Lorpugo ($2 in chips) 
Lorpugo: posts small blind $0.01
rdantley: posts big blind $0.02
*** HOLE CARDS ***
Dealt to Lorpugo [Ad Ah]
gabinho20: folds 
stefaris1967: folds 
edithpiaf123: folds 
Lorpugo: raises $0.04 to $0.06
rdantley: calls $0.04
*** FLOP *** [4c Kd Jd]
Lorpugo: bets $0.08
rdantley: folds 
Uncalled bet ($0.08) returned to Lorpugo
Lorpugo collected $0.12 from pot
Lorpugo: doesn't show hand 
*** SUMMARY ***
Total pot $0.12 | Rake $0 
Board [4c Kd Jd]
Seat 1: rdantley (big blind) folded on the Flop
Seat 2: gabinho20 folded before Flop (didn't bet)
Seat 3: stefaris1967 folded before Flop (didn't bet)
Seat 4: edithpiaf123 (button) folded before Flop (didn't bet)
Seat 6: Lorpugo (small blind) collected ($0.12)



PokerStars Hand #239650032445:  Hold'em No Limit ($0.01/$0.02 USD) - 2022/11/04 15:55:03 ET
Table 'Shura III' 6-max Seat #6 is the button
Seat 1: rdantley ($1.09 in chips) 
Seat 2: gabinho20 ($2 in chips) 
Seat 3: stefaris1967 ($1.67 in chips) 
Seat 4: edithpiaf123 ($0.88 in chips) 
Seat 6: Lorpugo ($2.06 in chips) 
rdantley: posts small blind $0.01
gabinho20: posts big blind $0.02
*** HOLE CARDS ***
Dealt to Lorpugo [2d 9c]
stefaris1967: folds 
edithpiaf123: folds 
Lorpugo: folds 
rdantley: calls $0.01
gabinho20: checks 
*** FLOP *** [8d 2h 6s]
rdantley: checks 
gabinho20: checks 
*** TURN *** [8d 2h 6s] [7s]
rdantley: checks 
gabinho20: checks 
*** RIVER *** [8d 2h 6s 7s] [9h]
rdantley: checks 
gabinho20: checks 
*** SHOW DOWN ***
rdantley: shows [Kd 5c] (a straight, Five to Nine)
gabinho20: mucks hand 
rdantley collected $0.04 from pot
*** SUMMARY ***
Total pot $0.04 | Rake $0 
Board [8d 2h 6s 7s 9h]
Seat 1: rdantley (small blind) showed [Kd 5c] and won ($0.04) with a straight, Five to Nine
Seat 2: gabinho20 (big blind) mucked [Qh 4s]
Seat 3: stefaris1967 folded before Flop (didn't bet)
Seat 4: edithpiaf123 folded before Flop (didn't bet)
Seat 6: Lorpugo (button) folded before Flop (didn't bet)



PokerStars Hand #239650041513:  Hold'em No Limit ($0.01/$0.02 USD) - 2022/11/04 15:55:32 ET
Table 'Shura III' 6-max Seat #1 is the button
Seat 1: rdantley ($1.11 in chips) 
Seat 2: gabinho20 ($2 in chips) 
Seat 3: stefaris1967 ($1.67 in chips) 
Seat 4: edithpiaf123 ($0.88 in chips) 
Seat 6: Lorpugo ($2.06 in chips) 
gabinho20: posts small blind $0.01
stefaris1967: posts big blind $0.02
*** HOLE CARDS ***
Dealt to Lorpugo [7s 4d]
edithpiaf123 has timed out
edithpiaf123: folds 
Lorpugo: folds 
rdantley: raises $0.04 to $0.06
gabinho20: folds 
stefaris1967: calls $0.04
*** FLOP *** [Kh 3h Kc]
stefaris1967: checks 
rdantley: bets $0.13
stefaris1967: folds 
Uncalled bet ($0.13) returned to rdantley
rdantley collected $0.13 from pot
rdantley: doesn't show hand 
*** SUMMARY ***
Total pot $0.13 | Rake $0 
Board [Kh 3h Kc]
Seat 1: rdantley (button) collected ($0.13)
Seat 2: gabinho20 (small blind) folded before Flop
Seat 3: stefaris1967 (big blind) folded on the Flop
Seat 4: edithpiaf123 folded before Flop (didn't bet)
Seat 6: Lorpugo folded before Flop (didn't bet)



PokerStars Hand #239650051931:  Hold'em No Limit ($0.01/$0.02 USD) - 2022/11/04 15:56:10 ET
Table 'Shura III' 6-max Seat #2 is the button
Seat 1: rdantley ($1.18 in chips) 
Seat 2: gabinho20 ($2 in chips) 
Seat 3: stefaris1967 ($1.61 in chips) 
Seat 4: edithpiaf123 ($0.88 in chips) 
Seat 6: Lorpugo ($2.06 in chips) 
stefaris1967: posts small blind $0.01
edithpiaf123: posts big blind $0.02
*** HOLE CARDS ***
Dealt to Lorpugo [7h 6c]
Lorpugo: folds 
rdantley: raises $0.06 to $0.08
gabinho20: folds 
stefaris1967: raises $0.20 to $0.28
edithpiaf123: folds 
rdantley: calls $0.20
*** FLOP *** [Jc 5d 7c]
stefaris1967: bets $1.33 and is all-in
rdantley: folds 
Uncalled bet ($1.33) returned to stefaris1967
stefaris1967 collected $0.56 from pot
stefaris1967: doesn't show hand 
*** SUMMARY ***
Total pot $0.58 | Rake $0.02 
Board [Jc 5d 7c]
Seat 1: rdantley folded on the Flop
Seat 2: gabinho20 (button) folded before Flop (didn't bet)
Seat 3: stefaris1967 (small blind) collected ($0.56)
Seat 4: edithpiaf123 (big blind) folded before Flop
Seat 6: Lorpugo folded before Flop (didn't bet)



PokerStars Hand #239650061616:  Hold'em No Limit ($0.01/$0.02 USD) - 2022/11/04 15:56:46 ET
Table 'Shura III' 6-max Seat #3 is the button
Seat 1: rdantley ($0.90 in chips) 
Seat 2: gabinho20 ($2 in chips) 
Seat 3: stefaris1967 ($1.89 in chips) 
Seat 4: edithpiaf123 ($0.86 in chips) 
Seat 6: Lorpugo ($2.06 in chips) 
edithpiaf123: posts small blind $0.01
Lorpugo: posts big blind $0.02
*** HOLE CARDS ***
Dealt to Lorpugo [3h Qh]
rdantley: raises $0.05 to $0.07
gabinho20: folds 
stefaris1967: folds 
edithpiaf123: folds 
Lorpugo: folds 
Uncalled bet ($0.05) returned to rdantley
rdantley collected $0.05 from pot
kani5575 leaves the table
rdantley: doesn't show hand 
*** SUMMARY ***
Total pot $0.05 | Rake $0 
Seat 1: rdantley collected ($0.05)
Seat 2: gabinho20 folded before Flop (didn't bet)
Seat 3: stefaris1967 (button) folded before Flop (didn't bet)
Seat 4: edithpiaf123 (small blind) folded before Flop
Seat 6: Lorpugo (big blind) folded before Flop



PokerStars Hand #239650066048:  Hold'em No Limit ($0.01/$0.02 USD) - 2022/11/04 15:57:03 ET
Table 'Shura III' 6-max Seat #4 is the button
Seat 1: rdantley ($0.93 in chips) 
Seat 2: gabinho20 ($2 in chips) 
Seat 3: stefaris1967 ($1.89 in chips) 
Seat 4: edithpiaf123 ($0.85 in chips) 
Seat 6: Lorpugo ($2.04 in chips) 
Lorpugo: posts small blind $0.01
rdantley: posts big blind $0.02
*** HOLE CARDS ***
Dealt to Lorpugo [2h Qs]
gabinho20: folds 
stefaris1967: folds 
edithpiaf123: folds 
elcheradikal joins the table at seat #5 
Lorpugo: raises $0.04 to $0.06
rdantley: calls $0.04
*** FLOP *** [8s Qh 3s]
Lorpugo: bets $0.06
rdantley: calls $0.06
*** TURN *** [8s Qh 3s] [2s]
Lorpugo: bets $0.12
rdantley: raises $0.69 to $0.81 and is all-in
Lorpugo: calls $0.69
*** RIVER *** [8s Qh 3s 2s] [Tc]
*** SHOW DOWN ***
Lorpugo: shows [2h Qs] (two pair, Queens and Deuces)
rdantley: shows [Kd 3c] (a pair of Threes)
Lorpugo collected $1.79 from pot
rdantley cashed out the hand for $0.16
*** SUMMARY ***
Total pot $1.86 | Rake $0.07 
Board [8s Qh 3s 2s Tc]
Seat 1: rdantley (big blind) showed [Kd 3c] and lost with a pair of Threes (cashed out).
Seat 2: gabinho20 folded before Flop (didn't bet)
Seat 3: stefaris1967 folded before Flop (didn't bet)
Seat 4: edithpiaf123 (button) folded before Flop (didn't bet)
Seat 6: Lorpugo (small blind) showed [2h Qs] and won ($1.79) with two pair, Queens and Deuces



PokerStars Hand #239650093355:  Hold'em No Limit ($0.01/$0.02 USD) - 2022/11/04 15:58:43 ET
Table 'Shura III' 6-max Seat #6 is the button
Seat 1: rdantley ($0.16 in chips) 
Seat 2: gabinho20 ($2 in chips) 
Seat 3: stefaris1967 ($1.89 in chips) 
Seat 4: edithpiaf123 ($0.85 in chips) 
Seat 6: Lorpugo ($2.90 in chips) 
rdantley: posts small blind $0.01
gabinho20: posts big blind $0.02
elcheradikal: sits out 
*** HOLE CARDS ***
Dealt to Lorpugo [7d 6d]
stefaris1967: raises $0.02 to $0.04
edithpiaf123: folds 
Lorpugo: calls $0.04
rdantley: folds 
gabinho20: calls $0.02
*** FLOP *** [9h 4h 5d]
gabinho20: checks 
stefaris1967: checks 
Lorpugo: bets $0.07
gabinho20: folds 
stefaris1967: calls $0.07
*** TURN *** [9h 4h 5d] [Ah]
stefaris1967: checks 
Lorpugo: checks 
*** RIVER *** [9h 4h 5d Ah] [3h]
stefaris1967: checks 
Lorpugo: checks 
*** SHOW DOWN ***
stefaris1967: shows [Qc Ks] (high card Ace)
Lorpugo: shows [7d 6d] (a straight, Three to Seven)
Lorpugo collected $0.26 from pot
*** SUMMARY ***
Total pot $0.27 | Rake $0.01 
Board [9h 4h 5d Ah 3h]
Seat 1: rdantley (small blind) folded before Flop
Seat 2: gabinho20 (big blind) folded on the Flop
Seat 3: stefaris1967 showed [Qc Ks] and lost with high card Ace
Seat 4: edithpiaf123 folded before Flop (didn't bet)
Seat 6: Lorpugo (button) showed [7d 6d] and won ($0.26) with a straight, Three to Seven



PokerStars Hand #239650107191:  Hold'em No Limit ($0.01/$0.02 USD) - 2022/11/04 15:59:33 ET
Table 'Shura III' 6-max Seat #1 is the button
Seat 1: rdantley ($0.15 in chips) 
Seat 2: gabinho20 ($2 in chips) 
Seat 3: stefaris1967 ($1.78 in chips) 
Seat 4: edithpiaf123 ($0.85 in chips) 
Seat 6: Lorpugo ($3.05 in chips) 
gabinho20: posts small blind $0.01
stefaris1967: posts big blind $0.02
elcheradikal: sits out 
*** HOLE CARDS ***
Dealt to Lorpugo [8h Td]
edithpiaf123: folds 
Lorpugo: raises $0.04 to $0.06
rdantley: folds 
gabinho20: folds 
stefaris1967: folds 
Uncalled bet ($0.04) returned to Lorpugo
Lorpugo collected $0.05 from pot
Lorpugo: doesn't show hand 
*** SUMMARY ***
Total pot $0.05 | Rake $0 
Seat 1: rdantley (button) folded before Flop (didn't bet)
Seat 2: gabinho20 (small blind) folded before Flop
Seat 3: stefaris1967 (big blind) folded before Flop
Seat 4: edithpiaf123 folded before Flop (didn't bet)
Seat 6: Lorpugo collected ($0.05)



PokerStars Hand #239650115094:  Hold'em No Limit ($0.01/$0.02 USD) - 2022/11/04 16:00:01 ET
Table 'Shura III' 6-max Seat #2 is the button
Seat 1: rdantley ($0.15 in chips) 
Seat 2: gabinho20 ($2 in chips) 
Seat 3: stefaris1967 ($1.76 in chips) 
Seat 4: edithpiaf123 ($0.85 in chips) 
Seat 6: Lorpugo ($3.08 in chips) 
stefaris1967: posts small blind $0.01
edithpiaf123: posts big blind $0.02
elcheradikal: sits out 
*** HOLE CARDS ***
Dealt to Lorpugo [Ah Kh]
Lorpugo: raises $0.04 to $0.06
rdantley: folds 
gabinho20: folds 
stefaris1967: folds 
edithpiaf123: folds 
Uncalled bet ($0.04) returned to Lorpugo
Lorpugo collected $0.05 from pot
Lorpugo: doesn't show hand 
*** SUMMARY ***
Total pot $0.05 | Rake $0 
Seat 1: rdantley folded before Flop (didn't bet)
Seat 2: gabinho20 (button) folded before Flop (didn't bet)
Seat 3: stefaris1967 (small blind) folded before Flop
Seat 4: edithpiaf123 (big blind) folded before Flop
Seat 6: Lorpugo collected ($0.05)



PokerStars Hand #239650119295:  Hold'em No Limit ($0.01/$0.02 USD) - 2022/11/04 16:00:15 ET
Table 'Shura III' 6-max Seat #3 is the button
Seat 1: rdantley ($0.15 in chips) 
Seat 2: gabinho20 ($2 in chips) 
Seat 3: stefaris1967 ($1.75 in chips) 
Seat 4: edithpiaf123 ($0.83 in chips) 
Seat 5: elcheradikal ($2 in chips) 
Seat 6: Lorpugo ($3.11 in chips) 
edithpiaf123: posts small blind $0.01
elcheradikal: posts big blind $0.02
*** HOLE CARDS ***
Dealt to Lorpugo [5c 7h]
Lorpugo: folds 
rdantley: calls $0.02
gabinho20: folds 
stefaris1967: folds 
edithpiaf123: folds 
elcheradikal: checks 
*** FLOP *** [5d Tc Jh]
elcheradikal: checks 
rdantley: bets $0.13 and is all-in
elcheradikal: folds 
Uncalled bet ($0.13) returned to rdantley
rdantley collected $0.05 from pot
rdantley: doesn't show hand 
*** SUMMARY ***
Total pot $0.05 | Rake $0 
Board [5d Tc Jh]
Seat 1: rdantley collected ($0.05)
Seat 2: gabinho20 folded before Flop (didn't bet)
Seat 3: stefaris1967 (button) folded before Flop (didn't bet)
Seat 4: edithpiaf123 (small blind) folded before Flop
Seat 5: elcheradikal (big blind) folded on the Flop
Seat 6: Lorpugo folded before Flop (didn't bet)



PokerStars Hand #239650129514:  Hold'em No Limit ($0.01/$0.02 USD) - 2022/11/04 16:00:48 ET
Table 'Shura III' 6-max Seat #4 is the button
Seat 1: rdantley ($0.18 in chips) 
Seat 2: gabinho20 ($2 in chips) 
Seat 3: stefaris1967 ($1.75 in chips) 
Seat 4: edithpiaf123 ($0.82 in chips) 
Seat 5: elcheradikal ($1.98 in chips) 
Seat 6: Lorpugo ($3.11 in chips) 
elcheradikal: posts small blind $0.01
Lorpugo: posts big blind $0.02
*** HOLE CARDS ***
Dealt to Lorpugo [2h Tc]
rdantley: raises $0.16 to $0.18 and is all-in
gabinho20: folds 
stefaris1967: folds 
edithpiaf123: folds 
elcheradikal: folds 
Lorpugo: folds 
Uncalled bet ($0.16) returned to rdantley
rdantley collected $0.05 from pot
rdantley: doesn't show hand 
*** SUMMARY ***
Total pot $0.05 | Rake $0 
Seat 1: rdantley collected ($0.05)
Seat 2: gabinho20 folded before Flop (didn't bet)
Seat 3: stefaris1967 folded before Flop (didn't bet)
Seat 4: edithpiaf123 (button) folded before Flop (didn't bet)
Seat 5: elcheradikal (small blind) folded before Flop
Seat 6: Lorpugo (big blind) folded before Flop



PokerStars Hand #239650137452:  Hold'em No Limit ($0.01/$0.02 USD) - 2022/11/04 16:01:13 ET
Table 'Shura III' 6-max Seat #5 is the button
Seat 1: rdantley ($0.21 in chips) 
Seat 2: gabinho20 ($2 in chips) 
Seat 3: stefaris1967 ($1.75 in chips) 
Seat 4: edithpiaf123 ($0.82 in chips) 
Seat 5: elcheradikal ($1.97 in chips) 
Seat 6: Lorpugo ($3.09 in chips) 
Lorpugo: posts small blind $0.01
rdantley: posts big blind $0.02
*** HOLE CARDS ***
Dealt to Lorpugo [5s 7d]
gabinho20: folds 
stefaris1967: raises $0.04 to $0.06
edithpiaf123: calls $0.06
elcheradikal: folds 
Lorpugo: folds 
rdantley: folds 
*** FLOP *** [Qs 4h 7h]
stefaris1967: checks 
edithpiaf123: bets $0.07
stefaris1967: calls $0.07
*** TURN *** [Qs 4h 7h] [Qd]
stefaris1967: checks 
edithpiaf123: checks 
*** RIVER *** [Qs 4h 7h Qd] [8d]
stefaris1967: bets $0.16
edithpiaf123: folds 
Uncalled bet ($0.16) returned to stefaris1967
stefaris1967 collected $0.28 from pot
stefaris1967: doesn't show hand 
*** SUMMARY ***
Total pot $0.29 | Rake $0.01 
Board [Qs 4h 7h Qd 8d]
Seat 1: rdantley (big blind) folded before Flop
Seat 2: gabinho20 folded before Flop (didn't bet)
Seat 3: stefaris1967 collected ($0.28)
Seat 4: edithpiaf123 folded on the River
Seat 5: elcheradikal (button) folded before Flop (didn't bet)
Seat 6: Lorpugo (small blind) folded before Flop



PokerStars Hand #239650152656:  Hold'em No Limit ($0.01/$0.02 USD) - 2022/11/04 16:01:55 ET
Table 'Shura III' 6-max Seat #6 is the button
Seat 1: rdantley ($0.19 in chips) 
Seat 2: gabinho20 ($2 in chips) 
Seat 3: stefaris1967 ($1.90 in chips) 
Seat 4: edithpiaf123 ($0.69 in chips) 
Seat 5: elcheradikal ($1.97 in chips) 
Seat 6: Lorpugo ($3.08 in chips) 
rdantley: posts small blind $0.01
gabinho20: posts big blind $0.02
*** HOLE CARDS ***
Dealt to Lorpugo [9s Kh]
stefaris1967: folds 
edithpiaf123: folds 
elcheradikal: folds 
Lorpugo: raises $0.04 to $0.06
rdantley: folds 
gabinho20: calls $0.04
*** FLOP *** [6h Ac Th]
gabinho20: checks 
Lorpugo: checks 
*** TURN *** [6h Ac Th] [6s]
gabinho20: bets $0.07
Lorpugo: folds 
Uncalled bet ($0.07) returned to gabinho20
gabinho20 collected $0.13 from pot
gabinho20: doesn't show hand 
*** SUMMARY ***
Total pot $0.13 | Rake $0 
Board [6h Ac Th 6s]
Seat 1: rdantley (small blind) folded before Flop
Seat 2: gabinho20 (big blind) collected ($0.13)
Seat 3: stefaris1967 folded before Flop (didn't bet)
Seat 4: edithpiaf123 folded before Flop (didn't bet)
Seat 5: elcheradikal folded before Flop (didn't bet)
Seat 6: Lorpugo (button) folded on the Turn



PokerStars Hand #239650167708:  Hold'em No Limit ($0.01/$0.02 USD) - 2022/11/04 16:02:36 ET
Table 'Shura III' 6-max Seat #1 is the button
Seat 1: rdantley ($0.18 in chips) 
Seat 2: gabinho20 ($2.07 in chips) 
Seat 3: stefaris1967 ($1.90 in chips) 
Seat 4: edithpiaf123 ($0.69 in chips) 
Seat 5: elcheradikal ($1.97 in chips) 
Seat 6: Lorpugo ($3.02 in chips) 
gabinho20: posts small blind $0.01
stefaris1967: posts big blind $0.02
*** HOLE CARDS ***
Dealt to Lorpugo [7s Ad]
edithpiaf123: folds 
elcheradikal: folds 
Lorpugo: raises $0.04 to $0.06
rdantley has timed out
rdantley: folds 
gabinho20: folds 
stefaris1967: folds 
Uncalled bet ($0.04) returned to Lorpugo
Lorpugo collected $0.05 from pot
Lorpugo: doesn't show hand 
*** SUMMARY ***
Total pot $0.05 | Rake $0 
Seat 1: rdantley (button) folded before Flop (didn't bet)
Seat 2: gabinho20 (small blind) folded before Flop
Seat 3: stefaris1967 (big blind) folded before Flop
Seat 4: edithpiaf123 folded before Flop (didn't bet)
Seat 5: elcheradikal folded before Flop (didn't bet)
Seat 6: Lorpugo collected ($0.05)



PokerStars Hand #239650180011:  Hold'em No Limit ($0.01/$0.02 USD) - 2022/11/04 16:03:09 ET
Table 'Shura III' 6-max Seat #2 is the button
Seat 1: rdantley ($0.18 in chips) 
Seat 2: gabinho20 ($2.06 in chips) 
Seat 3: stefaris1967 ($1.88 in chips) 
Seat 4: edithpiaf123 ($0.69 in chips) 
Seat 5: elcheradikal ($1.97 in chips) 
Seat 6: Lorpugo ($3.05 in chips) 
stefaris1967: posts small blind $0.01
edithpiaf123: posts big blind $0.02
*** HOLE CARDS ***
Dealt to Lorpugo [9d Jh]
elcheradikal: folds 
Lorpugo: folds 
rdantley: raises $0.16 to $0.18 and is all-in
gabinho20: folds 
stefaris1967: raises $0.16 to $0.34
edithpiaf123: folds 
Uncalled bet ($0.16) returned to stefaris1967
*** FLOP *** [3h Qs Ts]
*** TURN *** [3h Qs Ts] [4s]
*** RIVER *** [3h Qs Ts 4s] [4c]
*** SHOW DOWN ***
stefaris1967: shows [Ac 7h] (a pair of Fours)
rdantley: shows [Qc Ad] (two pair, Queens and Fours)
rdantley collected $0.37 from pot
*** SUMMARY ***
Total pot $0.38 | Rake $0.01 
Board [3h Qs Ts 4s 4c]
Seat 1: rdantley showed [Qc Ad] and won ($0.37) with two pair, Queens and Fours
Seat 2: gabinho20 (button) folded before Flop (didn't bet)
Seat 3: stefaris1967 (small blind) showed [Ac 7h] and lost with a pair of Fours
Seat 4: edithpiaf123 (big blind) folded before Flop
Seat 5: elcheradikal folded before Flop (didn't bet)
Seat 6: Lorpugo folded before Flop (didn't bet)



PokerStars Hand #239650191575:  Hold'em No Limit ($0.01/$0.02 USD) - 2022/11/04 16:03:39 ET
Table 'Shura III' 6-max Seat #3 is the button
Seat 1: rdantley ($0.37 in chips) 
Seat 2: gabinho20 ($2.06 in chips) 
Seat 3: stefaris1967 ($1.70 in chips) 
Seat 4: edithpiaf123 ($0.67 in chips) 
Seat 5: elcheradikal ($1.97 in chips) 
Seat 6: Lorpugo ($3.05 in chips) 
edithpiaf123: posts small blind $0.01
elcheradikal: posts big blind $0.02
*** HOLE CARDS ***
Dealt to Lorpugo [7d 2s]
Lorpugo: folds 
rdantley: folds 
gabinho20: folds 
stefaris1967: raises $0.04 to $0.06
edithpiaf123: folds 
elcheradikal: calls $0.04
*** FLOP *** [6s 4h 5d]
elcheradikal: checks 
stefaris1967: bets $0.07
elcheradikal: folds 
Uncalled bet ($0.07) returned to stefaris1967
stefaris1967 collected $0.13 from pot
stefaris1967: doesn't show hand 
*** SUMMARY ***
Total pot $0.13 | Rake $0 
Board [6s 4h 5d]
Seat 1: rdantley folded before Flop (didn't bet)
Seat 2: gabinho20 folded before Flop (didn't bet)
Seat 3: stefaris1967 (button) collected ($0.13)
Seat 4: edithpiaf123 (small blind) folded before Flop
Seat 5: elcheradikal (big blind) folded on the Flop
Seat 6: Lorpugo folded before Flop (didn't bet)



PokerStars Hand #239650201570:  Hold'em No Limit ($0.01/$0.02 USD) - 2022/11/04 16:04:04 ET
Table 'Shura III' 6-max Seat #4 is the button
Seat 1: rdantley ($0.37 in chips) 
Seat 2: gabinho20 ($2.06 in chips) 
Seat 3: stefaris1967 ($1.77 in chips) 
Seat 4: edithpiaf123 ($0.66 in chips) 
Seat 5: elcheradikal ($1.91 in chips) 
Seat 6: Lorpugo ($3.05 in chips) 
elcheradikal: posts small blind $0.01
Lorpugo: posts big blind $0.02
*** HOLE CARDS ***
Dealt to Lorpugo [5d 5s]
rdantley: raises $0.04 to $0.06
gabinho20: folds 
stefaris1967: folds 
edithpiaf123: calls $0.06
elcheradikal: calls $0.05
Lorpugo: calls $0.04
*** FLOP *** [4d 2c 3d]
elcheradikal: checks 
Lorpugo: bets $0.15
rdantley: folds 
edithpiaf123: raises $0.45 to $0.60 and is all-in
elcheradikal: folds 
Lorpugo: calls $0.45
*** TURN *** [4d 2c 3d] [Js]
*** RIVER *** [4d 2c 3d Js] [8c]
*** SHOW DOWN ***
Lorpugo: shows [5d 5s] (a pair of Fives)
edithpiaf123: shows [Ad 7d] (high card Ace)
Lorpugo collected $1.39 from pot
*** SUMMARY ***
Total pot $1.44 | Rake $0.05 
Board [4d 2c 3d Js 8c]
Seat 1: rdantley folded on the Flop
Seat 2: gabinho20 folded before Flop (didn't bet)
Seat 3: stefaris1967 folded before Flop (didn't bet)
Seat 4: edithpiaf123 (button) showed [Ad 7d] and lost with high card Ace
Seat 5: elcheradikal (small blind) folded on the Flop
Seat 6: Lorpugo (big blind) showed [5d 5s] and won ($1.39) with a pair of Fives



PokerStars Hand #239650226188:  Hold'em No Limit ($0.01/$0.02 USD) - 2022/11/04 16:05:08 ET
Table 'Shura III' 6-max Seat #5 is the button
Seat 1: rdantley ($0.31 in chips) 
Seat 2: gabinho20 ($2.06 in chips) 
Seat 3: stefaris1967 ($1.77 in chips) 
Seat 5: elcheradikal ($1.85 in chips) 
Seat 6: Lorpugo ($3.78 in chips) 
Lorpugo: posts small blind $0.01
rdantley: posts big blind $0.02
*** HOLE CARDS ***
Dealt to Lorpugo [8s 7c]
gabinho20: folds 
stefaris1967: folds 
edithpiaf123 leaves the table
elcheradikal: raises $0.03 to $0.05
Lorpugo: folds 
rkkn joins the table at seat #4 
rdantley: folds 
Uncalled bet ($0.03) returned to elcheradikal
elcheradikal collected $0.05 from pot
*** SUMMARY ***
Total pot $0.05 | Rake $0 
Seat 1: rdantley (big blind) folded before Flop
Seat 2: gabinho20 folded before Flop (didn't bet)
Seat 3: stefaris1967 folded before Flop (didn't bet)
Seat 5: elcheradikal (button) collected ($0.05)
Seat 6: Lorpugo (small blind) folded before Flop



PokerStars Hand #239650236120:  Hold'em No Limit ($0.01/$0.02 USD) - 2022/11/04 16:05:34 ET
Table 'Shura III' 6-max Seat #6 is the button
Seat 1: rdantley ($0.29 in chips) 
Seat 2: gabinho20 ($2.06 in chips) 
Seat 3: stefaris1967 ($1.77 in chips) 
Seat 5: elcheradikal ($1.88 in chips) 
Seat 6: Lorpugo ($3.77 in chips) 
rdantley: posts small blind $0.01
gabinho20: posts big blind $0.02
rkkn: sits out 
*** HOLE CARDS ***
Dealt to Lorpugo [9h Ah]
stefaris1967: raises $0.02 to $0.04
elcheradikal: folds 
Lorpugo: calls $0.04
rdantley: calls $0.03
gabinho20: folds 
*** FLOP *** [Th 7d 3s]
rdantley: checks 
stefaris1967: checks 
Lorpugo: checks 
*** TURN *** [Th 7d 3s] [9d]
rdantley: bets $0.06
stefaris1967: calls $0.06
Lorpugo: calls $0.06
*** RIVER *** [Th 7d 3s 9d] [4d]
rdantley: checks 
stefaris1967: bets $0.16
Lorpugo: folds 
rdantley: folds 
Uncalled bet ($0.16) returned to stefaris1967
stefaris1967 collected $0.31 from pot
stefaris1967: doesn't show hand 
*** SUMMARY ***
Total pot $0.32 | Rake $0.01 
Board [Th 7d 3s 9d 4d]
Seat 1: rdantley (small blind) folded on the River
Seat 2: gabinho20 (big blind) folded before Flop
Seat 3: stefaris1967 collected ($0.31)
Seat 5: elcheradikal folded before Flop (didn't bet)
Seat 6: Lorpugo (button) folded on the River



PokerStars Hand #239650260621:  Hold'em No Limit ($0.01/$0.02 USD) - 2022/11/04 16:06:38 ET
Table 'Shura III' 6-max Seat #1 is the button
Seat 1: rdantley ($0.19 in chips) 
Seat 2: gabinho20 ($2.04 in chips) 
Seat 3: stefaris1967 ($1.98 in chips) 
Seat 5: elcheradikal ($1.88 in chips) 
Seat 6: Lorpugo ($3.67 in chips) 
gabinho20: posts small blind $0.01
stefaris1967: posts big blind $0.02
rkkn: sits out 
*** HOLE CARDS ***
Dealt to Lorpugo [2c Tc]
elcheradikal: folds 
Lorpugo: folds 
rdantley: raises $0.04 to $0.06
gabinho20: folds 
stefaris1967: folds 
Uncalled bet ($0.04) returned to rdantley
rdantley collected $0.05 from pot
rdantley: doesn't show hand 
*** SUMMARY ***
Total pot $0.05 | Rake $0 
Seat 1: rdantley (button) collected ($0.05)
Seat 2: gabinho20 (small blind) folded before Flop
Seat 3: stefaris1967 (big blind) folded before Flop
Seat 5: elcheradikal folded before Flop (didn't bet)
Seat 6: Lorpugo folded before Flop (didn't bet)



PokerStars Hand #239650270282:  Hold'em No Limit ($0.01/$0.02 USD) - 2022/11/04 16:07:03 ET
Table 'Shura III' 6-max Seat #2 is the button
Seat 1: rdantley ($0.22 in chips) 
Seat 2: gabinho20 ($2.03 in chips) 
Seat 3: stefaris1967 ($1.96 in chips) 
Seat 4: rkkn ($2 in chips) 
Seat 5: elcheradikal ($1.88 in chips) 
Seat 6: Lorpugo ($3.67 in chips) 
stefaris1967: posts small blind $0.01
rkkn: posts big blind $0.02
*** HOLE CARDS ***
Dealt to Lorpugo [8s 4h]
elcheradikal: folds 
Lorpugo: folds 
rdantley: raises $0.04 to $0.06
gabinho20: folds 
stefaris1967: folds 
rkkn: folds 
Uncalled bet ($0.04) returned to rdantley
rdantley collected $0.05 from pot
rdantley: doesn't show hand 
*** SUMMARY ***
Total pot $0.05 | Rake $0 
Seat 1: rdantley collected ($0.05)
Seat 2: gabinho20 (button) folded before Flop (didn't bet)
Seat 3: stefaris1967 (small blind) folded before Flop
Seat 4: rkkn (big blind) folded before Flop
Seat 5: elcheradikal folded before Flop (didn't bet)
Seat 6: Lorpugo folded before Flop (didn't bet)



PokerStars Hand #239650282291:  Hold'em No Limit ($0.01/$0.02 USD) - 2022/11/04 16:07:34 ET
Table 'Shura III' 6-max Seat #3 is the button
Seat 1: rdantley ($0.25 in chips) 
Seat 2: gabinho20 ($2.03 in chips) 
Seat 3: stefaris1967 ($1.95 in chips) 
Seat 4: rkkn ($1.98 in chips) 
Seat 5: elcheradikal ($1.88 in chips) 
Seat 6: Lorpugo ($3.67 in chips) 
rkkn: posts small blind $0.01
elcheradikal: posts big blind $0.02
*** HOLE CARDS ***
Dealt to Lorpugo [4s 3c]
Lorpugo: folds 
rdantley: raises $0.04 to $0.06
gabinho20: folds 
stefaris1967: raises $0.15 to $0.21
rkkn: folds 
elcheradikal: folds 
rdantley: folds 
Uncalled bet ($0.15) returned to stefaris1967
stefaris1967 collected $0.15 from pot
stefaris1967: doesn't show hand 
*** SUMMARY ***
Total pot $0.15 | Rake $0 
Seat 1: rdantley folded before Flop
Seat 2: gabinho20 folded before Flop (didn't bet)
Seat 3: stefaris1967 (button) collected ($0.15)
Seat 4: rkkn (small blind) folded before Flop
Seat 5: elcheradikal (big blind) folded before Flop
Seat 6: Lorpugo folded before Flop (didn't bet)



PokerStars Hand #239650292180:  Hold'em No Limit ($0.01/$0.02 USD) - 2022/11/04 16:08:00 ET
Table 'Shura III' 6-max Seat #4 is the button
Seat 1: rdantley ($0.19 in chips) 
Seat 2: gabinho20 ($2.03 in chips) 
Seat 3: stefaris1967 ($2.04 in chips) 
Seat 4: rkkn ($1.97 in chips) 
Seat 5: elcheradikal ($1.86 in chips) 
Seat 6: Lorpugo ($3.67 in chips) 
elcheradikal: posts small blind $0.01
Lorpugo: posts big blind $0.02
*** HOLE CARDS ***
Dealt to Lorpugo [8d 4s]
rdantley: calls $0.02
gabinho20: folds 
stefaris1967: folds 
rkkn: folds 
elcheradikal: calls $0.01
Lorpugo: checks 
*** FLOP *** [3h Th 9s]
elcheradikal: checks 
Lorpugo: checks 
rdantley: checks 
*** TURN *** [3h Th 9s] [Kd]
elcheradikal: checks 
Lorpugo: checks 
rdantley: checks 
*** RIVER *** [3h Th 9s Kd] [Tc]
elcheradikal: checks 
Lorpugo: bets $0.04
rdantley: raises $0.13 to $0.17 and is all-in
elcheradikal: folds 
Lorpugo: folds 
Uncalled bet ($0.13) returned to rdantley
rdantley collected $0.14 from pot
rdantley: doesn't show hand 
*** SUMMARY ***
Total pot $0.14 | Rake $0 
Board [3h Th 9s Kd Tc]
Seat 1: rdantley collected ($0.14)
Seat 2: gabinho20 folded before Flop (didn't bet)
Seat 3: stefaris1967 folded before Flop (didn't bet)
Seat 4: rkkn (button) folded before Flop (didn't bet)
Seat 5: elcheradikal (small blind) folded on the River
Seat 6: Lorpugo (big blind) folded on the River



PokerStars Hand #239650319277:  Hold'em No Limit ($0.01/$0.02 USD) - 2022/11/04 16:09:10 ET
Table 'Shura III' 6-max Seat #5 is the button
Seat 1: rdantley ($0.27 in chips) 
Seat 2: gabinho20 ($2.03 in chips) 
Seat 3: stefaris1967 ($2.04 in chips) 
Seat 4: rkkn ($1.97 in chips) 
Seat 5: elcheradikal ($1.84 in chips) 
Seat 6: Lorpugo ($3.61 in chips) 
Lorpugo: posts small blind $0.01
rdantley: posts big blind $0.02
*** HOLE CARDS ***
Dealt to Lorpugo [3h Ad]
gabinho20: folds 
stefaris1967: folds 
rkkn: folds 
elcheradikal: raises $0.03 to $0.05
Lorpugo: raises $0.12 to $0.17
rdantley: raises $0.10 to $0.27 and is all-in
elcheradikal: folds 
Lorpugo: calls $0.10
*** FLOP *** [5d 2h 4c]
*** TURN *** [5d 2h 4c] [Ts]
*** RIVER *** [5d 2h 4c Ts] [Qh]
*** SHOW DOWN ***
Lorpugo: shows [3h Ad] (a straight, Ace to Five)
rdantley: shows [Kh Jh] (high card King)
Lorpugo collected $0.57 from pot
*** SUMMARY ***
Total pot $0.59 | Rake $0.02 
Board [5d 2h 4c Ts Qh]
Seat 1: rdantley (big blind) showed [Kh Jh] and lost with high card King
Seat 2: gabinho20 folded before Flop (didn't bet)
Seat 3: stefaris1967 folded before Flop (didn't bet)
Seat 4: rkkn folded before Flop (didn't bet)
Seat 5: elcheradikal (button) folded before Flop
Seat 6: Lorpugo (small blind) showed [3h Ad] and won ($0.57) with a straight, Ace to Five



PokerStars Hand #239650335490:  Hold'em No Limit ($0.01/$0.02 USD) - 2022/11/04 16:09:51 ET
Table 'Shura III' 6-max Seat #6 is the button
Seat 2: gabinho20 ($2.03 in chips) 
Seat 3: stefaris1967 ($2.04 in chips) 
Seat 4: rkkn ($1.97 in chips) 
Seat 5: elcheradikal ($1.79 in chips) 
Seat 6: Lorpugo ($3.91 in chips) 
gabinho20: posts small blind $0.01
stefaris1967: posts big blind $0.02
*** HOLE CARDS ***
Dealt to Lorpugo [Kh Kc]
rkkn: folds 
rdantley is disconnected 
elcheradikal: folds 
Lorpugo: raises $0.04 to $0.06
gabinho20: folds 
stefaris1967: calls $0.04
*** FLOP *** [Tc 5c Ad]
stefaris1967: checks 
Lorpugo: bets $0.04
stefaris1967: calls $0.04
*** TURN *** [Tc 5c Ad] [8c]
stefaris1967: checks 
Lorpugo: bets $0.10
stefaris1967: raises $0.12 to $0.22
Lorpugo: calls $0.12
*** RIVER *** [Tc 5c Ad 8c] [Jh]
stefaris1967: checks 
Lorpugo: checks 
*** SHOW DOWN ***
stefaris1967: shows [9c Th] (a pair of Tens)
Lorpugo: shows [Kh Kc] (a pair of Kings)
Lorpugo collected $0.63 from pot
*** SUMMARY ***
Total pot $0.65 | Rake $0.02 
Board [Tc 5c Ad 8c Jh]
Seat 2: gabinho20 (small blind) folded before Flop
Seat 3: stefaris1967 (big blind) showed [9c Th] and lost with a pair of Tens
Seat 4: rkkn folded before Flop (didn't bet)
Seat 5: elcheradikal folded before Flop (didn't bet)
Seat 6: Lorpugo (button) showed [Kh Kc] and won ($0.63) with a pair of Kings



PokerStars Hand #239650358047:  Hold'em No Limit ($0.01/$0.02 USD) - 2022/11/04 16:10:50 ET
Table 'Shura III' 6-max Seat #2 is the button
Seat 2: gabinho20 ($2.02 in chips) 
Seat 3: stefaris1967 ($1.72 in chips) 
Seat 4: rkkn ($1.97 in chips) 
Seat 5: elcheradikal ($1.79 in chips) 
Seat 6: Lorpugo ($4.22 in chips) 
stefaris1967: posts small blind $0.01
rkkn: posts big blind $0.02
*** HOLE CARDS ***
Dealt to Lorpugo [Ks Js]
elcheradikal: folds 
Lorpugo: raises $0.04 to $0.06
gabinho20: folds 
stefaris1967: folds 
rkkn: folds 
Uncalled bet ($0.04) returned to Lorpugo
Lorpugo collected $0.05 from pot
Lorpugo: doesn't show hand 
*** SUMMARY ***
Total pot $0.05 | Rake $0 
Seat 2: gabinho20 (button) folded before Flop (didn't bet)
Seat 3: stefaris1967 (small blind) folded before Flop
Seat 4: rkkn (big blind) folded before Flop
Seat 5: elcheradikal folded before Flop (didn't bet)
Seat 6: Lorpugo collected ($0.05)



PokerStars Hand #239650364720:  Hold'em No Limit ($0.01/$0.02 USD) - 2022/11/04 16:11:07 ET
Table 'Shura III' 6-max Seat #3 is the button
Seat 2: gabinho20 ($2.02 in chips) 
Seat 3: stefaris1967 ($1.71 in chips) 
Seat 4: rkkn ($1.95 in chips) 
Seat 5: elcheradikal ($1.79 in chips) 
Seat 6: Lorpugo ($4.25 in chips) 
rkkn: posts small blind $0.01
elcheradikal: posts big blind $0.02
*** HOLE CARDS ***
Dealt to Lorpugo [Ah 4h]
Lorpugo: raises $0.02 to $0.04
gabinho20: folds 
stefaris1967: calls $0.04
rkkn: folds 
elcheradikal: calls $0.02
*** FLOP *** [Th Ts 4s]
elcheradikal: checks 
Lorpugo: bets $0.07
stefaris1967: folds 
elcheradikal: folds 
Uncalled bet ($0.07) returned to Lorpugo
Lorpugo collected $0.13 from pot
Lorpugo: doesn't show hand 
*** SUMMARY ***
Total pot $0.13 | Rake $0 
Board [Th Ts 4s]
Seat 2: gabinho20 folded before Flop (didn't bet)
Seat 3: stefaris1967 (button) folded on the Flop
Seat 4: rkkn (small blind) folded before Flop
Seat 5: elcheradikal (big blind) folded on the Flop
Seat 6: Lorpugo collected ($0.13)



PokerStars Hand #239650385802:  Hold'em No Limit ($0.01/$0.02 USD) - 2022/11/04 16:12:02 ET
Table 'Shura III' 6-max Seat #4 is the button
Seat 2: gabinho20 ($2.02 in chips) 
Seat 3: stefaris1967 ($1.67 in chips) 
Seat 4: rkkn ($1.94 in chips) 
Seat 5: elcheradikal ($1.75 in chips) 
Seat 6: Lorpugo ($4.34 in chips) 
elcheradikal: posts small blind $0.01
Lorpugo: posts big blind $0.02
*** HOLE CARDS ***
Dealt to Lorpugo [9s Js]
gabinho20: folds 
stefaris1967: folds 
rkkn: folds 
elcheradikal: raises $0.04 to $0.06
Lorpugo: calls $0.04
*** FLOP *** [3h Qh 7c]
elcheradikal: checks 
Lorpugo: bets $0.04
elcheradikal: folds 
Uncalled bet ($0.04) returned to Lorpugo
Lorpugo collected $0.12 from pot
Lorpugo: doesn't show hand 
*** SUMMARY ***
Total pot $0.12 | Rake $0 
Board [3h Qh 7c]
Seat 2: gabinho20 folded before Flop (didn't bet)
Seat 3: stefaris1967 folded before Flop (didn't bet)
Seat 4: rkkn (button) folded before Flop (didn't bet)
Seat 5: elcheradikal (small blind) folded on the Flop
Seat 6: Lorpugo (big blind) collected ($0.12)



PokerStars Hand #239650401669:  Hold'em No Limit ($0.01/$0.02 USD) - 2022/11/04 16:12:44 ET
Table 'Shura III' 6-max Seat #5 is the button
Seat 2: gabinho20 ($2.02 in chips) 
Seat 3: stefaris1967 ($1.67 in chips) 
Seat 4: rkkn ($1.94 in chips) 
Seat 5: elcheradikal ($1.69 in chips) 
Seat 6: Lorpugo ($4.40 in chips) 
Lorpugo: posts small blind $0.01
gabinho20: posts big blind $0.02
*** HOLE CARDS ***
Dealt to Lorpugo [7s Jc]
stefaris1967: folds 
rkkn: folds 
elcheradikal: folds 
Lorpugo: raises $0.04 to $0.06
gabinho20: folds 
Uncalled bet ($0.04) returned to Lorpugo
Lorpugo collected $0.04 from pot
Lorpugo: doesn't show hand 
*** SUMMARY ***
Total pot $0.04 | Rake $0 
Seat 2: gabinho20 (big blind) folded before Flop
Seat 3: stefaris1967 folded before Flop (didn't bet)
Seat 4: rkkn folded before Flop (didn't bet)
Seat 5: elcheradikal (button) folded before Flop (didn't bet)
Seat 6: Lorpugo (small blind) collected ($0.04)



PokerStars Hand #239650407521:  Hold'em No Limit ($0.01/$0.02 USD) - 2022/11/04 16:12:58 ET
Table 'Shura III' 6-max Seat #6 is the button
Seat 2: gabinho20 ($2 in chips) 
Seat 3: stefaris1967 ($1.67 in chips) 
Seat 4: rkkn ($1.94 in chips) 
Seat 5: elcheradikal ($1.69 in chips) 
Seat 6: Lorpugo ($4.42 in chips) 
gabinho20: posts small blind $0.01
stefaris1967: posts big blind $0.02
*** HOLE CARDS ***
Dealt to Lorpugo [5d 4s]
rkkn: folds 
elcheradikal: folds 
Lorpugo: folds 
gabinho20: raises $0.03 to $0.05
stefaris1967: raises $1.62 to $1.67 and is all-in
gabinho20: folds 
Uncalled bet ($1.62) returned to stefaris1967
stefaris1967 collected $0.10 from pot
stefaris1967: doesn't show hand 
*** SUMMARY ***
Total pot $0.10 | Rake $0 
Seat 2: gabinho20 (small blind) folded before Flop
Seat 3: stefaris1967 (big blind) collected ($0.10)
Seat 4: rkkn folded before Flop (didn't bet)
Seat 5: elcheradikal folded before Flop (didn't bet)
Seat 6: Lorpugo (button) folded before Flop (didn't bet)



PokerStars Hand #239650418337:  Hold'em No Limit ($0.01/$0.02 USD) - 2022/11/04 16:13:26 ET
Table 'Shura III' 6-max Seat #2 is the button
Seat 2: gabinho20 ($2 in chips) 
Seat 3: stefaris1967 ($1.72 in chips) 
Seat 4: rkkn ($1.94 in chips) 
Seat 5: elcheradikal ($1.69 in chips) 
Seat 6: Lorpugo ($4.42 in chips) 
stefaris1967: posts small blind $0.01
rkkn: posts big blind $0.02
*** HOLE CARDS ***
Dealt to Lorpugo [5s 5c]
elcheradikal: folds 
Lorpugo: raises $0.04 to $0.06
gabinho20: folds 
stefaris1967: folds 
rkkn: folds 
Uncalled bet ($0.04) returned to Lorpugo
Lorpugo collected $0.05 from pot
Lorpugo: doesn't show hand 
*** SUMMARY ***
Total pot $0.05 | Rake $0 
Seat 2: gabinho20 (button) folded before Flop (didn't bet)
Seat 3: stefaris1967 (small blind) folded before Flop
Seat 4: rkkn (big blind) folded before Flop
Seat 5: elcheradikal folded before Flop (didn't bet)
Seat 6: Lorpugo collected ($0.05)



PokerStars Hand #239650423734:  Hold'em No Limit ($0.01/$0.02 USD) - 2022/11/04 16:13:40 ET
Table 'Shura III' 6-max Seat #3 is the button
Seat 2: gabinho20 ($2 in chips) 
Seat 3: stefaris1967 ($1.71 in chips) 
Seat 4: rkkn ($1.92 in chips) 
Seat 5: elcheradikal ($1.69 in chips) 
Seat 6: Lorpugo ($4.45 in chips) 
rkkn: posts small blind $0.01
elcheradikal: posts big blind $0.02
*** HOLE CARDS ***
Dealt to Lorpugo [Ac Qs]
Lorpugo: raises $0.04 to $0.06
gabinho20: folds 
stefaris1967: folds 
rkkn: folds 
elcheradikal: calls $0.04
*** FLOP *** [9s 9d 8h]
elcheradikal: checks 
Lorpugo: bets $0.04
elcheradikal: folds 
Uncalled bet ($0.04) returned to Lorpugo
Lorpugo collected $0.13 from pot
Lorpugo: doesn't show hand 
*** SUMMARY ***
Total pot $0.13 | Rake $0 
Board [9s 9d 8h]
Seat 2: gabinho20 folded before Flop (didn't bet)
Seat 3: stefaris1967 (button) folded before Flop (didn't bet)
Seat 4: rkkn (small blind) folded before Flop
Seat 5: elcheradikal (big blind) folded on the Flop
Seat 6: Lorpugo collected ($0.13)



PokerStars Hand #239650440525:  Hold'em No Limit ($0.01/$0.02 USD) - 2022/11/04 16:14:24 ET
Table 'Shura III' 6-max Seat #4 is the button
Seat 2: gabinho20 ($2 in chips) 
Seat 3: stefaris1967 ($1.71 in chips) 
Seat 4: rkkn ($1.91 in chips) 
Seat 5: elcheradikal ($1.63 in chips) 
Seat 6: Lorpugo ($4.52 in chips) 
elcheradikal: posts small blind $0.01
Lorpugo: posts big blind $0.02
*** HOLE CARDS ***
Dealt to Lorpugo [5s Ah]
gabinho20: folds 
stefaris1967: raises $0.02 to $0.04
rkkn: folds 
elcheradikal: raises $0.10 to $0.14
Lorpugo: folds 
stefaris1967: calls $0.10
*** FLOP *** [5c 9h 3h]
elcheradikal: bets $0.10
stefaris1967: calls $0.10
*** TURN *** [5c 9h 3h] [Td]
elcheradikal: checks 
stefaris1967: bets $0.26
elcheradikal: folds 
Uncalled bet ($0.26) returned to stefaris1967
stefaris1967 collected $0.48 from pot
stefaris1967: doesn't show hand 
*** SUMMARY ***
Total pot $0.50 | Rake $0.02 
Board [5c 9h 3h Td]
Seat 2: gabinho20 folded before Flop (didn't bet)
Seat 3: stefaris1967 collected ($0.48)
Seat 4: rkkn (button) folded before Flop (didn't bet)
Seat 5: elcheradikal (small blind) folded on the Turn
Seat 6: Lorpugo (big blind) folded before Flop



PokerStars Hand #239650460913:  Hold'em No Limit ($0.01/$0.02 USD) - 2022/11/04 16:15:15 ET
Table 'Shura III' 6-max Seat #5 is the button
Seat 3: stefaris1967 ($1.95 in chips) 
Seat 4: rkkn ($1.91 in chips) 
Seat 5: elcheradikal ($1.39 in chips) 
Seat 6: Lorpugo ($4.50 in chips) 
Lorpugo: posts small blind $0.01
gabinho20: is sitting out 
stefaris1967: posts big blind $0.02
*** HOLE CARDS ***
Dealt to Lorpugo [6h 5c]
rkkn: folds 
elcheradikal: raises $0.03 to $0.05
gabinho20 leaves the table
Lorpugo: folds 
stefaris1967: calls $0.03
*** FLOP *** [2h Qd Js]
stefaris1967: checks 
elcheradikal: bets $0.07
stefaris1967: folds 
Uncalled bet ($0.07) returned to elcheradikal
elcheradikal collected $0.11 from pot
*** SUMMARY ***
Total pot $0.11 | Rake $0 
Board [2h Qd Js]
Seat 3: stefaris1967 (big blind) folded on the Flop
Seat 4: rkkn folded before Flop (didn't bet)
Seat 5: elcheradikal (button) collected ($0.11)
Seat 6: Lorpugo (small blind) folded before Flop



PokerStars Hand #239650470562:  Hold'em No Limit ($0.01/$0.02 USD) - 2022/11/04 16:15:39 ET
Table 'Shura III' 6-max Seat #6 is the button
Seat 3: stefaris1967 ($1.90 in chips) 
Seat 4: rkkn ($1.91 in chips) 
Seat 5: elcheradikal ($1.45 in chips) 
Seat 6: Lorpugo ($4.49 in chips) 
stefaris1967: posts small blind $0.01
rkkn: posts big blind $0.02
*** HOLE CARDS ***
Dealt to Lorpugo [3c Kc]
elcheradikal: folds 
Lorpugo: raises $0.04 to $0.06
stefaris1967: calls $0.05
rkkn: folds 
*** FLOP *** [Kh Jh Ah]
stefaris1967: checks 
Pasiluca503 joins the table at seat #2 
Lorpugo: bets $0.05
stefaris1967: folds 
Uncalled bet ($0.05) returned to Lorpugo
Lorpugo collected $0.14 from pot
Lorpugo: doesn't show hand 
*** SUMMARY ***
Total pot $0.14 | Rake $0 
Board [Kh Jh Ah]
Seat 3: stefaris1967 (small blind) folded on the Flop
Seat 4: rkkn (big blind) folded before Flop
Seat 5: elcheradikal folded before Flop (didn't bet)
Seat 6: Lorpugo (button) collected ($0.14)



PokerStars Hand #239650479820:  Hold'em No Limit ($0.01/$0.02 USD) - 2022/11/04 16:16:02 ET
Table 'Shura III' 6-max Seat #3 is the button
Seat 2: Pasiluca503 ($1.80 in chips) 
Seat 3: stefaris1967 ($1.84 in chips) 
Seat 4: rkkn ($1.89 in chips) 
Seat 5: elcheradikal ($1.45 in chips) 
Seat 6: Lorpugo ($4.57 in chips) 
rkkn: posts small blind $0.01
elcheradikal: posts big blind $0.02
Pasiluca503: posts big blind $0.02
*** HOLE CARDS ***
Dealt to Lorpugo [2c 7c]
Lorpugo: folds 
Pasiluca503: checks 
stefaris1967: folds 
rkkn: raises $0.06 to $0.08
elcheradikal: calls $0.06
Pasiluca503: folds 
*** FLOP *** [Qc 4s Tc]
rkkn: bets $0.06
elcheradikal: calls $0.06
*** TURN *** [Qc 4s Tc] [6s]
rkkn: checks 
elcheradikal: bets $0.19
rkkn: folds 
Uncalled bet ($0.19) returned to elcheradikal
elcheradikal collected $0.29 from pot
*** SUMMARY ***
Total pot $0.30 | Rake $0.01 
Board [Qc 4s Tc 6s]
Seat 2: Pasiluca503 folded before Flop (didn't bet)
Seat 3: stefaris1967 (button) folded before Flop (didn't bet)
Seat 4: rkkn (small blind) folded on the Turn
Seat 5: elcheradikal (big blind) collected ($0.29)
Seat 6: Lorpugo folded before Flop (didn't bet)



PokerStars Hand #239650518018:  Hold'em No Limit ($0.01/$0.02 USD) - 2022/11/04 16:17:37 ET
Table 'Shura III' 6-max Seat #4 is the button
Seat 2: Pasiluca503 ($1.78 in chips) 
Seat 3: stefaris1967 ($1.84 in chips) 
Seat 4: rkkn ($2 in chips) 
Seat 5: elcheradikal ($1.60 in chips) 
Seat 6: Lorpugo ($4.57 in chips) 
elcheradikal: posts small blind $0.01
Lorpugo: posts big blind $0.02
*** HOLE CARDS ***
Dealt to Lorpugo [As 6d]
Pasiluca503: folds 
stefaris1967: folds 
rkkn: raises $0.03 to $0.05
elcheradikal: folds 
Lorpugo: raises $0.11 to $0.16
rkkn: raises $0.30 to $0.46
Lorpugo: folds 
Uncalled bet ($0.30) returned to rkkn
rkkn collected $0.33 from pot
rkkn: doesn't show hand 
*** SUMMARY ***
Total pot $0.33 | Rake $0 
Seat 2: Pasiluca503 folded before Flop (didn't bet)
Seat 3: stefaris1967 folded before Flop (didn't bet)
Seat 4: rkkn (button) collected ($0.33)
Seat 5: elcheradikal (small blind) folded before Flop
Seat 6: Lorpugo (big blind) folded before Flop



PokerStars Hand #239650539026:  Hold'em No Limit ($0.01/$0.02 USD) - 2022/11/04 16:18:29 ET
Table 'Shura III' 6-max Seat #5 is the button
Seat 2: Pasiluca503 ($1.78 in chips) 
Seat 3: stefaris1967 ($1.84 in chips) 
Seat 4: rkkn ($2.17 in chips) 
Seat 5: elcheradikal ($1.59 in chips) 
Seat 6: Lorpugo ($4.41 in chips) 
Lorpugo: posts small blind $0.01
Pasiluca503: posts big blind $0.02
*** HOLE CARDS ***
Dealt to Lorpugo [8h 7s]
stefaris1967: raises $0.02 to $0.04
rkkn: folds 
elcheradikal: folds 
Lorpugo: folds 
Pasiluca503: calls $0.02
*** FLOP *** [5c Jh 7c]
Pasiluca503: checks 
stefaris1967: checks 
*** TURN *** [5c Jh 7c] [Tc]
Pasiluca503: checks 
stefaris1967: checks 
*** RIVER *** [5c Jh 7c Tc] [8c]
Pasiluca503: bets $0.06
stefaris1967: folds 
Uncalled bet ($0.06) returned to Pasiluca503
Pasiluca503 collected $0.09 from pot
rdantley leaves the table
Pasiluca503: doesn't show hand 
*** SUMMARY ***
Total pot $0.09 | Rake $0 
Board [5c Jh 7c Tc 8c]
Seat 2: Pasiluca503 (big blind) collected ($0.09)
Seat 3: stefaris1967 folded on the River
Seat 4: rkkn folded before Flop (didn't bet)
Seat 5: elcheradikal (button) folded before Flop (didn't bet)
Seat 6: Lorpugo (small blind) folded before Flop



PokerStars Hand #239650551310:  Hold'em No Limit ($0.01/$0.02 USD) - 2022/11/04 16:18:59 ET
Table 'Shura III' 6-max Seat #6 is the button
Seat 2: Pasiluca503 ($1.83 in chips) 
Seat 3: stefaris1967 ($1.80 in chips) 
Seat 4: rkkn ($2.17 in chips) 
Seat 5: elcheradikal ($1.59 in chips) 
Seat 6: Lorpugo ($4.40 in chips) 
Pasiluca503: posts small blind $0.01
stefaris1967: posts big blind $0.02
*** HOLE CARDS ***
Dealt to Lorpugo [2c 3h]
rkkn: folds 
elcheradikal: folds 
Lorpugo: folds 
Pasiluca503: raises $0.04 to $0.06
stefaris1967: raises $1.74 to $1.80 and is all-in
Pasiluca503: calls $1.74
AsterixLT joins the table at seat #1 
*** FLOP *** [4c Ah As]
*** TURN *** [4c Ah As] [3s]
*** RIVER *** [4c Ah As 3s] [6s]
*** SHOW DOWN ***
Pasiluca503: shows [8c 8h] (two pair, Aces and Eights)
stefaris1967: shows [5c 5d] (two pair, Aces and Fives)
Pasiluca503 cashed out the hand for $2.79 | Cash Out Fee $0.03
*** SUMMARY ***
Total pot $3.60 | Rake $0.13 
Board [4c Ah As 3s 6s]
Seat 2: Pasiluca503 (small blind) showed [8c 8h] and won ($3.47) with two pair, Aces and Eights (pot not awarded as player cashed out)
Seat 3: stefaris1967 (big blind) showed [5c 5d] and lost with two pair, Aces and Fives
Seat 4: rkkn folded before Flop (didn't bet)
Seat 5: elcheradikal folded before Flop (didn't bet)
Seat 6: Lorpugo (button) folded before Flop (didn't bet)



PokerStars Hand #239650562310:  Hold'em No Limit ($0.01/$0.02 USD) - 2022/11/04 16:19:26 ET
Table 'Shura III' 6-max Seat #2 is the button
Seat 2: Pasiluca503 ($2.82 in chips) 
Seat 4: rkkn ($2.17 in chips) 
Seat 5: elcheradikal ($1.59 in chips) 
Seat 6: Lorpugo ($4.40 in chips) 
rkkn: posts small blind $0.01
elcheradikal: posts big blind $0.02
AsterixLT: sits out 
*** HOLE CARDS ***
Dealt to Lorpugo [8d 8c]
Lorpugo: raises $0.04 to $0.06
Pasiluca503: calls $0.06
stefaris1967 leaves the table
rkkn: folds 
elcheradikal: folds 
*** FLOP *** [Ks 9c 7c]
Lorpugo: checks 
Pasiluca503: checks 
*** TURN *** [Ks 9c 7c] [5c]
Lorpugo: checks 
Pasiluca503: bets $0.06
Lorpugo: calls $0.06
*** RIVER *** [Ks 9c 7c 5c] [2d]
Lorpugo: checks 
Pasiluca503: checks 
*** SHOW DOWN ***
Lorpugo: shows [8d 8c] (a pair of Eights)
Pasiluca503: mucks hand 
Lorpugo collected $0.26 from pot
*** SUMMARY ***
Total pot $0.27 | Rake $0.01 
Board [Ks 9c 7c 5c 2d]
Seat 2: Pasiluca503 (button) mucked [Ad 2c]
Seat 4: rkkn (small blind) folded before Flop
Seat 5: elcheradikal (big blind) folded before Flop
Seat 6: Lorpugo showed [8d 8c] and won ($0.26) with a pair of Eights



PokerStars Hand #239650577885:  Hold'em No Limit ($0.01/$0.02 USD) - 2022/11/04 16:20:05 ET
Table 'Shura III' 6-max Seat #4 is the button
Seat 4: rkkn ($2.16 in chips) 
Seat 5: elcheradikal ($1.57 in chips) 
Seat 6: Lorpugo ($4.54 in chips) 
elcheradikal: posts small blind $0.01
Lorpugo: posts big blind $0.02
AsterixLT: sits out 
*** HOLE CARDS ***
Dealt to Lorpugo [3c Th]
4LemãØ joins the table at seat #3 
rkkn: folds 
Pasiluca503 leaves the table
elcheradikal: raises $0.04 to $0.06
Lorpugo: folds 
Uncalled bet ($0.04) returned to elcheradikal
elcheradikal collected $0.04 from pot
*** SUMMARY ***
Total pot $0.04 | Rake $0 
Seat 4: rkkn (button) folded before Flop (didn't bet)
Seat 5: elcheradikal (small blind) collected ($0.04)
Seat 6: Lorpugo (big blind) folded before Flop



PokerStars Hand #239650583884:  Hold'em No Limit ($0.01/$0.02 USD) - 2022/11/04 16:20:19 ET
Table 'Shura III' 6-max Seat #5 is the button
Seat 1: AsterixLT ($2 in chips) 
Seat 4: rkkn ($2.16 in chips) 
Seat 5: elcheradikal ($1.59 in chips) 
Seat 6: Lorpugo ($4.52 in chips) 
Lorpugo: posts small blind $0.01
AsterixLT: posts big blind $0.02
4LemãØ: sits out 
*** HOLE CARDS ***
Dealt to Lorpugo [Jd Kd]
rkkn: folds 
elcheradikal: raises $0.03 to $0.05
Lorpugo: raises $0.12 to $0.17
AsterixLT: folds 
elcheradikal: folds 
Uncalled bet ($0.12) returned to Lorpugo
Lorpugo collected $0.12 from pot
Lorpugo: doesn't show hand 
*** SUMMARY ***
Total pot $0.12 | Rake $0 
Seat 1: AsterixLT (big blind) folded before Flop
Seat 4: rkkn folded before Flop (didn't bet)
Seat 5: elcheradikal (button) folded before Flop
Seat 6: Lorpugo (small blind) collected ($0.12)



PokerStars Hand #239650589993:  Hold'em No Limit ($0.01/$0.02 USD) - 2022/11/04 16:20:34 ET
Table 'Shura III' 6-max Seat #6 is the button
Seat 1: AsterixLT ($2 in chips) 
Seat 3: 4LemãØ ($2 in chips) 
Seat 4: rkkn ($2.16 in chips) 
Seat 5: elcheradikal ($1.54 in chips) 
Seat 6: Lorpugo ($4.59 in chips) 
AsterixLT: posts small blind $0.01
4LemãØ: posts big blind $0.02
*** HOLE CARDS ***
Dealt to Lorpugo [8h 9s]
rkkn: folds 
elcheradikal: raises $0.03 to $0.05
Lorpugo: calls $0.05
AsterixLT: calls $0.04
4LemãØ: folds 
*** FLOP *** [Jh 2d Js]
AsterixLT: checks 
elcheradikal: checks 
Lorpugo: checks 
*** TURN *** [Jh 2d Js] [Qh]
AsterixLT: checks 
elcheradikal: bets $0.10
Lorpugo: folds 
AsterixLT: calls $0.10
*** RIVER *** [Jh 2d Js Qh] [Kd]
AsterixLT: checks 
elcheradikal: bets $0.23
AsterixLT: folds 
Uncalled bet ($0.23) returned to elcheradikal
elcheradikal collected $0.36 from pot
*** SUMMARY ***
Total pot $0.37 | Rake $0.01 
Board [Jh 2d Js Qh Kd]
Seat 1: AsterixLT (small blind) folded on the River
Seat 3: 4LemãØ (big blind) folded before Flop
Seat 4: rkkn folded before Flop (didn't bet)
Seat 5: elcheradikal collected ($0.36)
Seat 6: Lorpugo (button) folded on the Turn



PokerStars Hand #239650615844:  Hold'em No Limit ($0.01/$0.02 USD) - 2022/11/04 16:21:37 ET
Table 'Shura III' 6-max Seat #1 is the button
Seat 1: AsterixLT ($2 in chips) 
Seat 3: 4LemãØ ($2 in chips) 
Seat 4: rkkn ($2.16 in chips) 
Seat 5: elcheradikal ($1.75 in chips) 
Seat 6: Lorpugo ($4.54 in chips) 
4LemãØ: posts small blind $0.01
rkkn: posts big blind $0.02
*** HOLE CARDS ***
Dealt to Lorpugo [8h Th]
elcheradikal: raises $0.03 to $0.05
Lorpugo: calls $0.05
AsterixLT: folds 
4LemãØ: folds 
rkkn: folds 
*** FLOP *** [5h Kc 9c]
elcheradikal: bets $0.08
Lorpugo: folds 
Uncalled bet ($0.08) returned to elcheradikal
elcheradikal collected $0.13 from pot
*** SUMMARY ***
Total pot $0.13 | Rake $0 
Board [5h Kc 9c]
Seat 1: AsterixLT (button) folded before Flop (didn't bet)
Seat 3: 4LemãØ (small blind) folded before Flop
Seat 4: rkkn (big blind) folded before Flop
Seat 5: elcheradikal collected ($0.13)
Seat 6: Lorpugo folded on the Flop



PokerStars Hand #239650624047:  Hold'em No Limit ($0.01/$0.02 USD) - 2022/11/04 16:21:57 ET
Table 'Shura III' 6-max Seat #3 is the button
Seat 1: AsterixLT ($2 in chips) 
Seat 3: 4LemãØ ($2 in chips) 
Seat 4: rkkn ($2.14 in chips) 
Seat 5: elcheradikal ($1.83 in chips) 
Seat 6: Lorpugo ($4.49 in chips) 
rkkn: posts small blind $0.01
elcheradikal: posts big blind $0.02
*** HOLE CARDS ***
Dealt to Lorpugo [2s 7c]
Lorpugo: folds 
AsterixLT: folds 
4LemãØ: raises $0.04 to $0.06
rkkn: folds 
elcheradikal: folds 
Uncalled bet ($0.04) returned to 4LemãØ
4LemãØ collected $0.05 from pot
4LemãØ: doesn't show hand 
*** SUMMARY ***
Total pot $0.05 | Rake $0 
Seat 1: AsterixLT folded before Flop (didn't bet)
Seat 3: 4LemãØ (button) collected ($0.05)
Seat 4: rkkn (small blind) folded before Flop
Seat 5: elcheradikal (big blind) folded before Flop
Seat 6: Lorpugo folded before Flop (didn't bet)



PokerStars Hand #239650631098:  Hold'em No Limit ($0.01/$0.02 USD) - 2022/11/04 16:22:14 ET
Table 'Shura III' 6-max Seat #4 is the button
Seat 1: AsterixLT ($2 in chips) 
Seat 3: 4LemãØ ($2.03 in chips) 
Seat 4: rkkn ($2.13 in chips) 
Seat 5: elcheradikal ($1.81 in chips) 
Seat 6: Lorpugo ($4.49 in chips) 
elcheradikal: posts small blind $0.01
Lorpugo: posts big blind $0.02
*** HOLE CARDS ***
Dealt to Lorpugo [9h 9c]
AsterixLT: folds 
feluxe joins the table at seat #2 
4LemãØ: folds 
rkkn: folds 
elcheradikal: raises $0.04 to $0.06
Lorpugo: raises $0.12 to $0.18
elcheradikal: calls $0.12
*** FLOP *** [4s 5c 2h]
elcheradikal: checks 
Lorpugo: bets $4.31 and is all-in
elcheradikal: folds 
Uncalled bet ($4.31) returned to Lorpugo
Lorpugo collected $0.35 from pot
Lorpugo: doesn't show hand 
*** SUMMARY ***
Total pot $0.36 | Rake $0.01 
Board [4s 5c 2h]
Seat 1: AsterixLT folded before Flop (didn't bet)
Seat 3: 4LemãØ folded before Flop (didn't bet)
Seat 4: rkkn (button) folded before Flop (didn't bet)
Seat 5: elcheradikal (small blind) folded on the Flop
Seat 6: Lorpugo (big blind) collected ($0.35)



PokerStars Hand #239650651027:  Hold'em No Limit ($0.01/$0.02 USD) - 2022/11/04 16:23:03 ET
Table 'Shura III' 6-max Seat #5 is the button
Seat 1: AsterixLT ($2 in chips) 
Seat 3: 4LemãØ ($2.03 in chips) 
Seat 4: rkkn ($2.13 in chips) 
Seat 5: elcheradikal ($1.63 in chips) 
Seat 6: Lorpugo ($4.66 in chips) 
Lorpugo: posts small blind $0.01
AsterixLT: posts big blind $0.02
feluxe: sits out 
*** HOLE CARDS ***
Dealt to Lorpugo [9h 2d]
4LemãØ: raises $0.03 to $0.05
rkkn: folds 
elcheradikal: folds 
Lorpugo: folds 
AsterixLT: calls $0.03
*** FLOP *** [4c Kh 7h]
AsterixLT: checks 
4LemãØ: bets $0.03
AsterixLT: folds 
Uncalled bet ($0.03) returned to 4LemãØ
4LemãØ collected $0.11 from pot
4LemãØ: doesn't show hand 
*** SUMMARY ***
Total pot $0.11 | Rake $0 
Board [4c Kh 7h]
Seat 1: AsterixLT (big blind) folded on the Flop
Seat 3: 4LemãØ collected ($0.11)
Seat 4: rkkn folded before Flop (didn't bet)
Seat 5: elcheradikal (button) folded before Flop (didn't bet)
Seat 6: Lorpugo (small blind) folded before Flop



PokerStars Hand #239650664736:  Hold'em No Limit ($0.01/$0.02 USD) - 2022/11/04 16:23:36 ET
Table 'Shura III' 6-max Seat #6 is the button
Seat 1: AsterixLT ($2 in chips) 
Seat 2: feluxe ($2 in chips) 
Seat 3: 4LemãØ ($2.09 in chips) 
Seat 4: rkkn ($2.13 in chips) 
Seat 5: elcheradikal ($1.63 in chips) 
Seat 6: Lorpugo ($4.65 in chips) 
AsterixLT: posts small blind $0.01
feluxe: posts big blind $0.02
*** HOLE CARDS ***
Dealt to Lorpugo [8c 3s]
4LemãØ: folds 
rkkn: folds 
elcheradikal: raises $0.03 to $0.05
Lorpugo: folds 
AsterixLT: folds 
feluxe: calls $0.03
*** FLOP *** [9h 6s Js]
feluxe: bets $0.04
elcheradikal: raises $0.12 to $0.16
feluxe: folds 
Uncalled bet ($0.12) returned to elcheradikal
elcheradikal collected $0.18 from pot
*** SUMMARY ***
Total pot $0.19 | Rake $0.01 
Board [9h 6s Js]
Seat 1: AsterixLT (small blind) folded before Flop
Seat 2: feluxe (big blind) folded on the Flop
Seat 3: 4LemãØ folded before Flop (didn't bet)
Seat 4: rkkn folded before Flop (didn't bet)
Seat 5: elcheradikal collected ($0.18)
Seat 6: Lorpugo (button) folded before Flop (didn't bet)



PokerStars Hand #239650679695:  Hold'em No Limit ($0.01/$0.02 USD) - 2022/11/04 16:24:13 ET
Table 'Shura III' 6-max Seat #1 is the button
Seat 1: AsterixLT ($2 in chips) 
Seat 2: feluxe ($1.91 in chips) 
Seat 3: 4LemãØ ($2.09 in chips) 
Seat 4: rkkn ($2.13 in chips) 
Seat 5: elcheradikal ($1.72 in chips) 
Seat 6: Lorpugo ($4.65 in chips) 
feluxe: posts small blind $0.01
4LemãØ: posts big blind $0.02
*** HOLE CARDS ***
Dealt to Lorpugo [Ad 9h]
rkkn: folds 
elcheradikal: folds 
Lorpugo: raises $0.04 to $0.06
AsterixLT: folds 
feluxe: folds 
4LemãØ: folds 
Uncalled bet ($0.04) returned to Lorpugo
Lorpugo collected $0.05 from pot
Lorpugo: doesn't show hand 
*** SUMMARY ***
Total pot $0.05 | Rake $0 
Seat 1: AsterixLT (button) folded before Flop (didn't bet)
Seat 2: feluxe (small blind) folded before Flop
Seat 3: 4LemãØ (big blind) folded before Flop
Seat 4: rkkn folded before Flop (didn't bet)
Seat 5: elcheradikal folded before Flop (didn't bet)
Seat 6: Lorpugo collected ($0.05)



PokerStars Hand #239650689540:  Hold'em No Limit ($0.01/$0.02 USD) - 2022/11/04 16:24:36 ET
Table 'Shura III' 6-max Seat #2 is the button
Seat 1: AsterixLT ($2 in chips) 
Seat 2: feluxe ($1.90 in chips) 
Seat 3: 4LemãØ ($2.07 in chips) 
Seat 4: rkkn ($2.13 in chips) 
Seat 5: elcheradikal ($1.72 in chips) 
Seat 6: Lorpugo ($4.68 in chips) 
4LemãØ: posts small blind $0.01
rkkn: posts big blind $0.02
*** HOLE CARDS ***
Dealt to Lorpugo [5c 7s]
elcheradikal: folds 
Lorpugo: folds 
AsterixLT: raises $0.03 to $0.05
feluxe: calls $0.05
4LemãØ: folds 
rkkn: folds 
*** FLOP *** [4c Ts 6c]
AsterixLT: checks 
feluxe: bets $0.13
AsterixLT: folds 
Uncalled bet ($0.13) returned to feluxe
feluxe collected $0.13 from pot
*** SUMMARY ***
Total pot $0.13 | Rake $0 
Board [4c Ts 6c]
Seat 1: AsterixLT folded on the Flop
Seat 2: feluxe (button) collected ($0.13)
Seat 3: 4LemãØ (small blind) folded before Flop
Seat 4: rkkn (big blind) folded before Flop
Seat 5: elcheradikal folded before Flop (didn't bet)
Seat 6: Lorpugo folded before Flop (didn't bet)



PokerStars Hand #239650707644:  Hold'em No Limit ($0.01/$0.02 USD) - 2022/11/04 16:25:21 ET
Table 'Shura III' 6-max Seat #3 is the button
Seat 1: AsterixLT ($2 in chips) 
Seat 2: feluxe ($1.98 in chips) 
Seat 3: 4LemãØ ($2.06 in chips) 
Seat 4: rkkn ($2.11 in chips) 
Seat 5: elcheradikal ($1.72 in chips) 
Seat 6: Lorpugo ($4.68 in chips) 
rkkn: posts small blind $0.01
elcheradikal: posts big blind $0.02
*** HOLE CARDS ***
Dealt to Lorpugo [Ah 6s]
Lorpugo: folds 
AsterixLT: folds 
feluxe: folds 
4LemãØ: raises $0.04 to $0.06
rkkn: folds 
elcheradikal: calls $0.04
*** FLOP *** [6c 8c Qd]
elcheradikal: checks 
4LemãØ: bets $0.04
elcheradikal: calls $0.04
*** TURN *** [6c 8c Qd] [Kh]
elcheradikal: checks 
4LemãØ: checks 
*** RIVER *** [6c 8c Qd Kh] [2d]
elcheradikal: checks 
4LemãØ: bets $0.13
elcheradikal: folds 
Uncalled bet ($0.13) returned to 4LemãØ
4LemãØ collected $0.20 from pot
4LemãØ: doesn't show hand 
*** SUMMARY ***
Total pot $0.21 | Rake $0.01 
Board [6c 8c Qd Kh 2d]
Seat 1: AsterixLT folded before Flop (didn't bet)
Seat 2: feluxe folded before Flop (didn't bet)
Seat 3: 4LemãØ (button) collected ($0.20)
Seat 4: rkkn (small blind) folded before Flop
Seat 5: elcheradikal (big blind) folded on the River
Seat 6: Lorpugo folded before Flop (didn't bet)



PokerStars Hand #239650749059:  Hold'em No Limit ($0.01/$0.02 USD) - 2022/11/04 16:27:02 ET
Table 'Shura III' 6-max Seat #4 is the button
Seat 1: AsterixLT ($2 in chips) 
Seat 2: feluxe ($1.98 in chips) 
Seat 3: 4LemãØ ($2.16 in chips) 
Seat 4: rkkn ($2.10 in chips) 
Seat 5: elcheradikal ($1.62 in chips) 
Seat 6: Lorpugo ($4.68 in chips) 
elcheradikal: posts small blind $0.01
Lorpugo: posts big blind $0.02
*** HOLE CARDS ***
Dealt to Lorpugo [Td Th]
AsterixLT: folds 
feluxe: calls $0.02
4LemãØ: raises $0.06 to $0.08
rkkn: folds 
elcheradikal: calls $0.07
Lorpugo: calls $0.06
feluxe: calls $0.06
*** FLOP *** [5d Jc 5h]
elcheradikal: checks 
Lorpugo: bets $0.20
feluxe: calls $0.20
4LemãØ: calls $0.20
elcheradikal: folds 
*** TURN *** [5d Jc 5h] [6d]
Lorpugo: checks 
feluxe: bets $0.89
4LemãØ: folds 
Lorpugo: folds 
Uncalled bet ($0.89) returned to feluxe
feluxe collected $0.88 from pot
*** SUMMARY ***
Total pot $0.92 | Rake $0.04 
Board [5d Jc 5h 6d]
Seat 1: AsterixLT folded before Flop (didn't bet)
Seat 2: feluxe collected ($0.88)
Seat 3: 4LemãØ folded on the Turn
Seat 4: rkkn (button) folded before Flop (didn't bet)
Seat 5: elcheradikal (small blind) folded on the Flop
Seat 6: Lorpugo (big blind) folded on the Turn



PokerStars Hand #239650792528:  Hold'em No Limit ($0.01/$0.02 USD) - 2022/11/04 16:28:49 ET
Table 'Shura III' 6-max Seat #5 is the button
Seat 1: AsterixLT ($2 in chips) 
Seat 2: feluxe ($2.58 in chips) 
Seat 3: 4LemãØ ($2 in chips) 
Seat 4: rkkn ($2.10 in chips) 
Seat 5: elcheradikal ($1.54 in chips) 
Seat 6: Lorpugo ($4.40 in chips) 
Lorpugo: posts small blind $0.01
AsterixLT: posts big blind $0.02
*** HOLE CARDS ***
Dealt to Lorpugo [7c Ac]
feluxe: calls $0.02
4LemãØ: folds 
rkkn: raises $0.06 to $0.08
elcheradikal: calls $0.08
Lorpugo: calls $0.07
AsterixLT: folds 
feluxe: calls $0.06
*** FLOP *** [9s 7s 2h]
Lorpugo: checks 
feluxe: bets $0.17
rkkn: folds 
elcheradikal: calls $0.17
Lorpugo: folds 
*** TURN *** [9s 7s 2h] [5s]
feluxe: checks 
elcheradikal: bets $0.43
feluxe: folds 
Uncalled bet ($0.43) returned to elcheradikal
elcheradikal collected $0.66 from pot
*** SUMMARY ***
Total pot $0.68 | Rake $0.02 
Board [9s 7s 2h 5s]
Seat 1: AsterixLT (big blind) folded before Flop
Seat 2: feluxe folded on the Turn
Seat 3: 4LemãØ folded before Flop (didn't bet)
Seat 4: rkkn folded on the Flop
Seat 5: elcheradikal (button) collected ($0.66)
Seat 6: Lorpugo (small blind) folded on the Flop



PokerStars Hand #239650820745:  Hold'em No Limit ($0.01/$0.02 USD) - 2022/11/04 16:29:58 ET
Table 'Shura III' 6-max Seat #6 is the button
Seat 1: AsterixLT ($2 in chips) 
Seat 2: feluxe ($2.33 in chips) 
Seat 3: 4LemãØ ($2 in chips) 
Seat 4: rkkn ($2.02 in chips) 
Seat 5: elcheradikal ($1.95 in chips) 
Seat 6: Lorpugo ($4.32 in chips) 
AsterixLT: posts small blind $0.01
feluxe: posts big blind $0.02
*** HOLE CARDS ***
Dealt to Lorpugo [Th 9c]
4LemãØ: folds 
rkkn: folds 
elcheradikal: raises $0.03 to $0.05
Lorpugo: calls $0.05
AsterixLT: folds 
feluxe: calls $0.03
*** FLOP *** [Js 3d 7s]
feluxe: bets $0.04
elcheradikal: raises $0.10 to $0.14
Lorpugo: folds 
feluxe: folds 
Uncalled bet ($0.10) returned to elcheradikal
elcheradikal collected $0.23 from pot
*** SUMMARY ***
Total pot $0.24 | Rake $0.01 
Board [Js 3d 7s]
Seat 1: AsterixLT (small blind) folded before Flop
Seat 2: feluxe (big blind) folded on the Flop
Seat 3: 4LemãØ folded before Flop (didn't bet)
Seat 4: rkkn folded before Flop (didn't bet)
Seat 5: elcheradikal collected ($0.23)
Seat 6: Lorpugo (button) folded on the Flop



PokerStars Hand #239650845715:  Hold'em No Limit ($0.01/$0.02 USD) - 2022/11/04 16:31:00 ET
Table 'Shura III' 6-max Seat #1 is the button
Seat 1: AsterixLT ($2 in chips) 
Seat 2: feluxe ($2.24 in chips) 
Seat 3: 4LemãØ ($2 in chips) 
Seat 4: rkkn ($2.02 in chips) 
Seat 5: elcheradikal ($2.09 in chips) 
Seat 6: Lorpugo ($4.27 in chips) 
feluxe: posts small blind $0.01
4LemãØ: posts big blind $0.02
*** HOLE CARDS ***
Dealt to Lorpugo [2c 2h]
rkkn: folds 
elcheradikal: folds 
elcheradikal leaves the table
Lorpugo: raises $0.02 to $0.04
AsterixLT: folds 
Fishermen877 joins the table at seat #5 
feluxe: calls $0.03
4LemãØ: folds 
*** FLOP *** [9h 4c 5h]
feluxe: bets $0.10
Lorpugo: folds 
Uncalled bet ($0.10) returned to feluxe
feluxe collected $0.10 from pot
*** SUMMARY ***
Total pot $0.10 | Rake $0 
Board [9h 4c 5h]
Seat 1: AsterixLT (button) folded before Flop (didn't bet)
Seat 2: feluxe (small blind) collected ($0.10)
Seat 3: 4LemãØ (big blind) folded before Flop
Seat 4: rkkn folded before Flop (didn't bet)
Seat 5: elcheradikal folded before Flop (didn't bet)
Seat 6: Lorpugo folded on the Flop



PokerStars Hand #239650860200:  Hold'em No Limit ($0.01/$0.02 USD) - 2022/11/04 16:31:35 ET
Table 'Shura III' 6-max Seat #2 is the button
Seat 1: AsterixLT ($2 in chips) 
Seat 2: feluxe ($2.30 in chips) 
Seat 3: 4LemãØ ($2 in chips) 
Seat 4: rkkn ($2.02 in chips) 
Seat 6: Lorpugo ($4.23 in chips) 
4LemãØ: posts small blind $0.01
rkkn: posts big blind $0.02
Fishermen877: sits out 
*** HOLE CARDS ***
Dealt to Lorpugo [5d 8h]
Lorpugo: folds 
AsterixLT: raises $0.03 to $0.05
feluxe: folds 
4LemãØ: folds 
rkkn: folds 
Uncalled bet ($0.03) returned to AsterixLT
AsterixLT collected $0.05 from pot
AsterixLT: doesn't show hand 
*** SUMMARY ***
Total pot $0.05 | Rake $0 
Seat 1: AsterixLT collected ($0.05)
Seat 2: feluxe (button) folded before Flop (didn't bet)
Seat 3: 4LemãØ (small blind) folded before Flop
Seat 4: rkkn (big blind) folded before Flop
Seat 6: Lorpugo folded before Flop (didn't bet)



