PokerStars Hand #239690971512:  Hold'em No Limit ($0.01/$0.02 USD) - 2022/11/06 12:36:23 ET
Table 'Tethys III' 6-max Seat #6 is the button
Seat 1: powe23 ($1.62 in chips) 
Seat 2: Lorpugo ($1.60 in chips) 
Seat 4: lauti214 ($1.98 in chips) 
Seat 6: Celso_Nasc ($2 in chips) 
powe23: posts small blind $0.01
Lorpugo: posts big blind $0.02
xx-BeS-xx: sits out 
concealed_m: sits out 
*** HOLE CARDS ***
Dealt to Lorpugo [5d Qc]
lauti214: folds 
Celso_Nasc: folds 
powe23: calls $0.01
Lorpugo: checks 
*** FLOP *** [2s 4h Jc]
powe23: checks 
Lorpugo: bets $0.02
powe23: calls $0.02
*** TURN *** [2s 4h Jc] [2h]
powe23: checks 
Lorpugo: checks 
*** RIVER *** [2s 4h Jc 2h] [2c]
powe23: bets $0.06
Lorpugo: folds 
Uncalled bet ($0.06) returned to powe23
powe23 collected $0.08 from pot
*** SUMMARY ***
Total pot $0.08 | Rake $0 
Board [2s 4h Jc 2h 2c]
Seat 1: powe23 (small blind) collected ($0.08)
Seat 2: Lorpugo (big blind) folded on the River
Seat 4: lauti214 folded before Flop (didn't bet)
Seat 6: Celso_Nasc (button) folded before Flop (didn't bet)



PokerStars Hand #239690985807:  Hold'em No Limit ($0.01/$0.02 USD) - 2022/11/06 12:36:54 ET
Table 'Tethys III' 6-max Seat #1 is the button
Seat 1: powe23 ($1.66 in chips) 
Seat 2: Lorpugo ($1.56 in chips) 
Seat 3: xx-BeS-xx ($2 in chips) 
Seat 4: lauti214 ($1.98 in chips) 
Seat 6: Celso_Nasc ($2 in chips) 
Lorpugo: posts small blind $0.01
xx-BeS-xx: posts big blind $0.02
concealed_m: sits out 
*** HOLE CARDS ***
Dealt to Lorpugo [Ad Jh]
lauti214: folds 
Celso_Nasc: folds 
powe23: calls $0.02
Lorpugo: raises $0.08 to $0.10
xx-BeS-xx: calls $0.08
powe23: folds 
*** FLOP *** [3s Jc Qd]
Lorpugo: checks 
xx-BeS-xx: bets $0.11
Lorpugo: calls $0.11
*** TURN *** [3s Jc Qd] [3h]
Lorpugo: checks 
xx-BeS-xx: checks 
*** RIVER *** [3s Jc Qd 3h] [Kh]
Lorpugo: checks 
xx-BeS-xx: checks 
*** SHOW DOWN ***
Lorpugo: shows [Ad Jh] (two pair, Jacks and Threes)
xx-BeS-xx: mucks hand 
Lorpugo collected $0.42 from pot
*** SUMMARY ***
Total pot $0.44 | Rake $0.02 
Board [3s Jc Qd 3h Kh]
Seat 1: powe23 (button) folded before Flop
Seat 2: Lorpugo (small blind) showed [Ad Jh] and won ($0.42) with two pair, Jacks and Threes
Seat 3: xx-BeS-xx (big blind) mucked [5c 7s]
Seat 4: lauti214 folded before Flop (didn't bet)
Seat 6: Celso_Nasc folded before Flop (didn't bet)



PokerStars Hand #239691010174:  Hold'em No Limit ($0.01/$0.02 USD) - 2022/11/06 12:37:46 ET
Table 'Tethys III' 6-max Seat #2 is the button
Seat 1: powe23 ($1.64 in chips) 
Seat 2: Lorpugo ($1.77 in chips) 
Seat 3: xx-BeS-xx ($1.79 in chips) 
Seat 4: lauti214 ($1.98 in chips) 
Seat 6: Celso_Nasc ($2 in chips) 
xx-BeS-xx: posts small blind $0.01
lauti214: posts big blind $0.02
concealed_m: sits out 
*** HOLE CARDS ***
Dealt to Lorpugo [Ks Ad]
Celso_Nasc: raises $0.04 to $0.06
powe23: folds 
Lorpugo: calls $0.06
xx-BeS-xx: folds 
lauti214: calls $0.04
*** FLOP *** [Ah 5h 8d]
lauti214: checks 
Celso_Nasc: bets $0.07
Lorpugo: calls $0.07
lauti214: folds 
*** TURN *** [Ah 5h 8d] [Ac]
Celso_Nasc: bets $0.22
Lorpugo: raises $0.38 to $0.60
Celso_Nasc: raises $1.27 to $1.87 and is all-in
Lorpugo: calls $1.04 and is all-in
Uncalled bet ($0.23) returned to Celso_Nasc
*** RIVER *** [Ah 5h 8d Ac] [4s]
*** SHOW DOWN ***
Celso_Nasc: shows [As Tc] (three of a kind, Aces)
Lorpugo: shows [Ks Ad] (three of a kind, Aces - King kicker)
Lorpugo collected $3.48 from pot
*** SUMMARY ***
Total pot $3.61 | Rake $0.13 
Board [Ah 5h 8d Ac 4s]
Seat 1: powe23 folded before Flop (didn't bet)
Seat 2: Lorpugo (button) showed [Ks Ad] and won ($3.48) with three of a kind, Aces
Seat 3: xx-BeS-xx (small blind) folded before Flop
Seat 4: lauti214 (big blind) folded on the Flop
Seat 6: Celso_Nasc showed [As Tc] and lost with three of a kind, Aces



PokerStars Hand #239691048912:  Hold'em No Limit ($0.01/$0.02 USD) - 2022/11/06 12:39:10 ET
Table 'Tethys III' 6-max Seat #3 is the button
Seat 1: powe23 ($1.64 in chips) 
Seat 2: Lorpugo ($3.48 in chips) 
Seat 3: xx-BeS-xx ($1.78 in chips) 
Seat 4: lauti214 ($1.92 in chips) 
Seat 5: concealed_m ($2 in chips) 
Seat 6: Celso_Nasc ($2 in chips) 
lauti214: posts small blind $0.01
concealed_m: posts big blind $0.02
*** HOLE CARDS ***
Dealt to Lorpugo [Kd Ks]
Celso_Nasc: folds 
powe23: calls $0.02
Lorpugo: raises $0.08 to $0.10
xx-BeS-xx: calls $0.10
lauti214: folds 
concealed_m: folds 
powe23: calls $0.08
*** FLOP *** [4h Jh Kc]
powe23: bets $0.02
Lorpugo: raises $0.20 to $0.22
xx-BeS-xx: calls $0.22
powe23: calls $0.20
*** TURN *** [4h Jh Kc] [7h]
powe23: bets $0.04
Lorpugo: calls $0.04
xx-BeS-xx: raises $0.54 to $0.58
powe23: folds 
Lorpugo: calls $0.54
*** RIVER *** [4h Jh Kc 7h] [5h]
Lorpugo: checks 
xx-BeS-xx: checks 
*** SHOW DOWN ***
Lorpugo: shows [Kd Ks] (three of a kind, Kings)
xx-BeS-xx: shows [6h Th] (a flush, Jack high)
xx-BeS-xx collected $2.09 from pot
*** SUMMARY ***
Total pot $2.19 | Rake $0.10 
Board [4h Jh Kc 7h 5h]
Seat 1: powe23 folded on the Turn
Seat 2: Lorpugo showed [Kd Ks] and lost with three of a kind, Kings
Seat 3: xx-BeS-xx (button) showed [6h Th] and won ($2.09) with a flush, Jack high
Seat 4: lauti214 (small blind) folded before Flop
Seat 5: concealed_m (big blind) folded before Flop
Seat 6: Celso_Nasc folded before Flop (didn't bet)



PokerStars Hand #239691084412:  Hold'em No Limit ($0.01/$0.02 USD) - 2022/11/06 12:40:27 ET
Table 'Tethys III' 6-max Seat #4 is the button
Seat 1: powe23 ($1.28 in chips) 
Seat 2: Lorpugo ($2.58 in chips) 
Seat 3: xx-BeS-xx ($2.97 in chips) 
Seat 4: lauti214 ($1.91 in chips) 
Seat 5: concealed_m ($2 in chips) 
Seat 6: Celso_Nasc ($2 in chips) 
concealed_m: posts small blind $0.01
Celso_Nasc: posts big blind $0.02
*** HOLE CARDS ***
Dealt to Lorpugo [9c Qs]
powe23: calls $0.02
Lorpugo: folds 
xx-BeS-xx: folds 
lauti214: folds 
concealed_m: folds 
Celso_Nasc: checks 
*** FLOP *** [3c 2c 7d]
Celso_Nasc: checks 
powe23: checks 
*** TURN *** [3c 2c 7d] [Kc]
Celso_Nasc: checks 
powe23: checks 
*** RIVER *** [3c 2c 7d Kc] [Kd]
Celso_Nasc: checks 
powe23: checks 
*** SHOW DOWN ***
Celso_Nasc: shows [5s 8s] (a pair of Kings)
powe23: shows [9h 4c] (a pair of Kings - Nine kicker)
powe23 collected $0.05 from pot
*** SUMMARY ***
Total pot $0.05 | Rake $0 
Board [3c 2c 7d Kc Kd]
Seat 1: powe23 showed [9h 4c] and won ($0.05) with a pair of Kings
Seat 2: Lorpugo folded before Flop (didn't bet)
Seat 3: xx-BeS-xx folded before Flop (didn't bet)
Seat 4: lauti214 (button) folded before Flop (didn't bet)
Seat 5: concealed_m (small blind) folded before Flop
Seat 6: Celso_Nasc (big blind) showed [5s 8s] and lost with a pair of Kings



PokerStars Hand #239691101227:  Hold'em No Limit ($0.01/$0.02 USD) - 2022/11/06 12:41:03 ET
Table 'Tethys III' 6-max Seat #5 is the button
Seat 1: powe23 ($1.31 in chips) 
Seat 2: Lorpugo ($2.58 in chips) 
Seat 3: xx-BeS-xx ($2.97 in chips) 
Seat 4: lauti214 ($1.91 in chips) 
Seat 5: concealed_m ($2 in chips) 
powe23: posts small blind $0.01
Lorpugo: posts big blind $0.02
*** HOLE CARDS ***
Dealt to Lorpugo [3h Ks]
xx-BeS-xx: folds 
lauti214: raises $0.04 to $0.06
concealed_m: folds 
powe23: calls $0.05
Lorpugo: folds 
*** FLOP *** [5h 9c 3d]
powe23: checks 
lauti214: bets $0.07
powe23: folds 
Uncalled bet ($0.07) returned to lauti214
lauti214 collected $0.14 from pot
lauti214: doesn't show hand 
*** SUMMARY ***
Total pot $0.14 | Rake $0 
Board [5h 9c 3d]
Seat 1: powe23 (small blind) folded on the Flop
Seat 2: Lorpugo (big blind) folded before Flop
Seat 3: xx-BeS-xx folded before Flop (didn't bet)
Seat 4: lauti214 collected ($0.14)
Seat 5: concealed_m (button) folded before Flop (didn't bet)



PokerStars Hand #239691118701:  Hold'em No Limit ($0.01/$0.02 USD) - 2022/11/06 12:41:41 ET
Table 'Tethys III' 6-max Seat #1 is the button
Seat 1: powe23 ($1.25 in chips) 
Seat 2: Lorpugo ($2.56 in chips) 
Seat 3: xx-BeS-xx ($2.97 in chips) 
Seat 4: lauti214 ($1.99 in chips) 
Seat 5: concealed_m ($2 in chips) 
Lorpugo: posts small blind $0.01
xx-BeS-xx: posts big blind $0.02
Celso_Nasc: sits out 
*** HOLE CARDS ***
Dealt to Lorpugo [2s Kd]
lauti214: folds 
concealed_m: folds 
powe23: calls $0.02
Lorpugo: calls $0.01
xx-BeS-xx: checks 
*** FLOP *** [4s Tc 7h]
Lorpugo: checks 
xx-BeS-xx: checks 
powe23: checks 
*** TURN *** [4s Tc 7h] [7c]
Lorpugo: bets $0.04
xx-BeS-xx: folds 
powe23: folds 
Uncalled bet ($0.04) returned to Lorpugo
Lorpugo collected $0.06 from pot
Lorpugo: doesn't show hand 
*** SUMMARY ***
Total pot $0.06 | Rake $0 
Board [4s Tc 7h 7c]
Seat 1: powe23 (button) folded on the Turn
Seat 2: Lorpugo (small blind) collected ($0.06)
Seat 3: xx-BeS-xx (big blind) folded on the Turn
Seat 4: lauti214 folded before Flop (didn't bet)
Seat 5: concealed_m folded before Flop (didn't bet)



PokerStars Hand #239691135944:  Hold'em No Limit ($0.01/$0.02 USD) - 2022/11/06 12:42:17 ET
Table 'Tethys III' 6-max Seat #2 is the button
Seat 1: powe23 ($1.23 in chips) 
Seat 2: Lorpugo ($2.60 in chips) 
Seat 3: xx-BeS-xx ($2.95 in chips) 
Seat 4: lauti214 ($1.99 in chips) 
Seat 5: concealed_m ($2 in chips) 
xx-BeS-xx: posts small blind $0.01
lauti214: posts big blind $0.02
Celso_Nasc: sits out 
*** HOLE CARDS ***
Dealt to Lorpugo [9h 8c]
concealed_m: raises $0.04 to $0.06
powe23: calls $0.06
Lorpugo: folds 
xx-BeS-xx: calls $0.05
lauti214: calls $0.04
*** FLOP *** [Ks 5s Qh]
xx-BeS-xx: checks 
lauti214: checks 
concealed_m: checks 
powe23: checks 
*** TURN *** [Ks 5s Qh] [3h]
xx-BeS-xx: checks 
lauti214: checks 
concealed_m: bets $0.19
powe23: folds 
xx-BeS-xx: calls $0.19
lauti214: folds 
*** RIVER *** [Ks 5s Qh 3h] [Jc]
xx-BeS-xx: checks 
concealed_m: bets $0.49
xx-BeS-xx: calls $0.49
*** SHOW DOWN ***
concealed_m: shows [3d 3c] (three of a kind, Threes)
xx-BeS-xx: mucks hand 
concealed_m collected $1.54 from pot
*** SUMMARY ***
Total pot $1.60 | Rake $0.06 
Board [Ks 5s Qh 3h Jc]
Seat 1: powe23 folded on the Turn
Seat 2: Lorpugo (button) folded before Flop (didn't bet)
Seat 3: xx-BeS-xx (small blind) mucked [Qs Jd]
Seat 4: lauti214 (big blind) folded on the Turn
Seat 5: concealed_m showed [3d 3c] and won ($1.54) with three of a kind, Threes



PokerStars Hand #239691176921:  Hold'em No Limit ($0.01/$0.02 USD) - 2022/11/06 12:43:46 ET
Table 'Tethys III' 6-max Seat #3 is the button
Seat 1: powe23 ($1.17 in chips) 
Seat 2: Lorpugo ($2.60 in chips) 
Seat 3: xx-BeS-xx ($2.21 in chips) 
Seat 4: lauti214 ($1.93 in chips) 
Seat 5: concealed_m ($2.80 in chips) 
Seat 6: Celso_Nasc ($2 in chips) 
lauti214: posts small blind $0.01
concealed_m: posts big blind $0.02
Celso_Nasc: posts small blind $0.01
*** HOLE CARDS ***
Dealt to Lorpugo [Kd Th]
Celso_Nasc: folds 
powe23: calls $0.02
Lorpugo: calls $0.02
xx-BeS-xx: calls $0.02
lauti214: raises $1.91 to $1.93 and is all-in
concealed_m: folds 
powe23: folds 
Lorpugo: folds 
xx-BeS-xx: folds 
Uncalled bet ($1.91) returned to lauti214
lauti214 collected $0.11 from pot
lauti214: doesn't show hand 
*** SUMMARY ***
Total pot $0.11 | Rake $0 
Seat 1: powe23 folded before Flop
Seat 2: Lorpugo folded before Flop
Seat 3: xx-BeS-xx (button) folded before Flop
Seat 4: lauti214 (small blind) collected ($0.11)
Seat 5: concealed_m (big blind) folded before Flop
Seat 6: Celso_Nasc folded before Flop (didn't bet)



PokerStars Hand #239691194142:  Hold'em No Limit ($0.01/$0.02 USD) - 2022/11/06 12:44:23 ET
Table 'Tethys III' 6-max Seat #4 is the button
Seat 1: powe23 ($1.15 in chips) 
Seat 2: Lorpugo ($2.58 in chips) 
Seat 3: xx-BeS-xx ($2.19 in chips) 
Seat 4: lauti214 ($2.02 in chips) 
Seat 5: concealed_m ($2.78 in chips) 
Seat 6: Celso_Nasc ($2 in chips) 
concealed_m: posts small blind $0.01
Celso_Nasc: posts big blind $0.02
*** HOLE CARDS ***
Dealt to Lorpugo [2c 2h]
powe23: calls $0.02
Lorpugo: calls $0.02
xx-BeS-xx: folds 
lauti214: folds 
concealed_m: raises $0.08 to $0.10
Celso_Nasc: folds 
powe23: calls $0.08
Lorpugo: calls $0.08
*** FLOP *** [Qd 6h Ks]
concealed_m: bets $0.25
powe23: folds 
Lorpugo: folds 
Uncalled bet ($0.25) returned to concealed_m
concealed_m collected $0.31 from pot
*** SUMMARY ***
Total pot $0.32 | Rake $0.01 
Board [Qd 6h Ks]
Seat 1: powe23 folded on the Flop
Seat 2: Lorpugo folded on the Flop
Seat 3: xx-BeS-xx folded before Flop (didn't bet)
Seat 4: lauti214 (button) folded before Flop (didn't bet)
Seat 5: concealed_m (small blind) collected ($0.31)
Seat 6: Celso_Nasc (big blind) folded before Flop



PokerStars Hand #239691217898:  Hold'em No Limit ($0.01/$0.02 USD) - 2022/11/06 12:45:14 ET
Table 'Tethys III' 6-max Seat #5 is the button
Seat 1: powe23 ($1.05 in chips) 
Seat 2: Lorpugo ($2.48 in chips) 
Seat 3: xx-BeS-xx ($2.19 in chips) 
Seat 4: lauti214 ($2.02 in chips) 
Seat 5: concealed_m ($2.99 in chips) 
Seat 6: Celso_Nasc ($2 in chips) 
Celso_Nasc: posts small blind $0.01
powe23: posts big blind $0.02
*** HOLE CARDS ***
Dealt to Lorpugo [3c 2d]
Lorpugo: folds 
xx-BeS-xx: folds 
lauti214: folds 
concealed_m: folds 
Celso_Nasc: folds 
Uncalled bet ($0.01) returned to powe23
powe23 collected $0.02 from pot
*** SUMMARY ***
Total pot $0.02 | Rake $0 
Seat 1: powe23 (big blind) collected ($0.02)
Seat 2: Lorpugo folded before Flop (didn't bet)
Seat 3: xx-BeS-xx folded before Flop (didn't bet)
Seat 4: lauti214 folded before Flop (didn't bet)
Seat 5: concealed_m (button) folded before Flop (didn't bet)
Seat 6: Celso_Nasc (small blind) folded before Flop



PokerStars Hand #239691231288:  Hold'em No Limit ($0.01/$0.02 USD) - 2022/11/06 12:45:43 ET
Table 'Tethys III' 6-max Seat #6 is the button
Seat 1: powe23 ($1.06 in chips) 
Seat 2: Lorpugo ($2.48 in chips) 
Seat 3: xx-BeS-xx ($2.19 in chips) 
Seat 4: lauti214 ($2.02 in chips) 
Seat 5: concealed_m ($2.99 in chips) 
Seat 6: Celso_Nasc ($2 in chips) 
powe23: posts small blind $0.01
Lorpugo: posts big blind $0.02
*** HOLE CARDS ***
Dealt to Lorpugo [As 2c]
xx-BeS-xx: folds 
lauti214: folds 
concealed_m: folds 
Celso_Nasc: raises $0.04 to $0.06
powe23: calls $0.05
Lorpugo: calls $0.04
*** FLOP *** [5s Jc Js]
powe23: checks 
Lorpugo: bets $0.09
Celso_Nasc: raises $0.14 to $0.23
powe23: folds 
Lorpugo: folds 
Uncalled bet ($0.14) returned to Celso_Nasc
Celso_Nasc collected $0.35 from pot
Celso_Nasc: doesn't show hand 
*** SUMMARY ***
Total pot $0.36 | Rake $0.01 
Board [5s Jc Js]
Seat 1: powe23 (small blind) folded on the Flop
Seat 2: Lorpugo (big blind) folded on the Flop
Seat 3: xx-BeS-xx folded before Flop (didn't bet)
Seat 4: lauti214 folded before Flop (didn't bet)
Seat 5: concealed_m folded before Flop (didn't bet)
Seat 6: Celso_Nasc (button) collected ($0.35)



PokerStars Hand #239691251573:  Hold'em No Limit ($0.01/$0.02 USD) - 2022/11/06 12:46:26 ET
Table 'Tethys III' 6-max Seat #1 is the button
Seat 1: powe23 ($1 in chips) 
Seat 2: Lorpugo ($2.33 in chips) 
Seat 3: xx-BeS-xx ($2.19 in chips) 
Seat 4: lauti214 ($2.02 in chips) 
Seat 5: concealed_m ($2.99 in chips) 
Seat 6: Celso_Nasc ($2.20 in chips) 
Lorpugo: posts small blind $0.01
xx-BeS-xx: posts big blind $0.02
*** HOLE CARDS ***
Dealt to Lorpugo [3h 4h]
lauti214: folds 
concealed_m: folds 
Celso_Nasc: folds 
powe23: calls $0.02
Lorpugo: calls $0.01
xx-BeS-xx: checks 
*** FLOP *** [Ac As 7c]
Lorpugo: checks 
xx-BeS-xx: checks 
powe23: checks 
*** TURN *** [Ac As 7c] [3s]
Lorpugo: bets $0.02
xx-BeS-xx: folds 
powe23: folds 
Uncalled bet ($0.02) returned to Lorpugo
Lorpugo collected $0.06 from pot
Lorpugo: doesn't show hand 
*** SUMMARY ***
Total pot $0.06 | Rake $0 
Board [Ac As 7c 3s]
Seat 1: powe23 (button) folded on the Turn
Seat 2: Lorpugo (small blind) collected ($0.06)
Seat 3: xx-BeS-xx (big blind) folded on the Turn
Seat 4: lauti214 folded before Flop (didn't bet)
Seat 5: concealed_m folded before Flop (didn't bet)
Seat 6: Celso_Nasc folded before Flop (didn't bet)



PokerStars Hand #239691271086:  Hold'em No Limit ($0.01/$0.02 USD) - 2022/11/06 12:47:08 ET
Table 'Tethys III' 6-max Seat #2 is the button
Seat 1: powe23 ($0.98 in chips) 
Seat 2: Lorpugo ($2.37 in chips) 
Seat 3: xx-BeS-xx ($2.17 in chips) 
Seat 4: lauti214 ($2.02 in chips) 
Seat 5: concealed_m ($2.99 in chips) 
Seat 6: Celso_Nasc ($2.20 in chips) 
xx-BeS-xx: posts small blind $0.01
lauti214: posts big blind $0.02
*** HOLE CARDS ***
Dealt to Lorpugo [8d 3s]
concealed_m has timed out
concealed_m: folds 
Celso_Nasc: folds 
powe23: calls $0.02
Lorpugo: folds 
xx-BeS-xx: folds 
lauti214: checks 
*** FLOP *** [6c Js 6h]
lauti214: checks 
powe23: checks 
*** TURN *** [6c Js 6h] [7c]
lauti214: bets $0.03
powe23: calls $0.03
*** RIVER *** [6c Js 6h 7c] [6d]
lauti214: bets $0.08
powe23: calls $0.08
*** SHOW DOWN ***
lauti214: shows [6s 8s] (four of a kind, Sixes)
powe23: mucks hand 
lauti214 collected $0.26 from pot
*** SUMMARY ***
Total pot $0.27 | Rake $0.01 
Board [6c Js 6h 7c 6d]
Seat 1: powe23 mucked [7d 4h]
Seat 2: Lorpugo (button) folded before Flop (didn't bet)
Seat 3: xx-BeS-xx (small blind) folded before Flop
Seat 4: lauti214 (big blind) showed [6s 8s] and won ($0.26) with four of a kind, Sixes
Seat 5: concealed_m folded before Flop (didn't bet)
Seat 6: Celso_Nasc folded before Flop (didn't bet)



PokerStars Hand #239691299172:  Hold'em No Limit ($0.01/$0.02 USD) - 2022/11/06 12:48:09 ET
Table 'Tethys III' 6-max Seat #3 is the button
Seat 1: powe23 ($0.85 in chips) 
Seat 2: Lorpugo ($2.37 in chips) 
Seat 3: xx-BeS-xx ($2.16 in chips) 
Seat 4: lauti214 ($2.15 in chips) 
Seat 5: concealed_m ($2.99 in chips) 
Seat 6: Celso_Nasc ($2.20 in chips) 
lauti214: posts small blind $0.01
concealed_m: posts big blind $0.02
*** HOLE CARDS ***
Dealt to Lorpugo [Qs 4s]
Celso_Nasc: folds 
powe23: calls $0.02
Lorpugo: folds 
xx-BeS-xx: calls $0.02
lauti214: folds 
concealed_m: checks 
*** FLOP *** [8c 7d 3c]
lauti214 leaves the table
concealed_m: checks 
Makos0117 joins the table at seat #4 
powe23: checks 
xx-BeS-xx: checks 
*** TURN *** [8c 7d 3c] [2c]
concealed_m: checks 
powe23: checks 
xx-BeS-xx: checks 
*** RIVER *** [8c 7d 3c 2c] [8d]
concealed_m: bets $0.12
powe23: folds 
xx-BeS-xx: folds 
Uncalled bet ($0.12) returned to concealed_m
concealed_m collected $0.07 from pot
*** SUMMARY ***
Total pot $0.07 | Rake $0 
Board [8c 7d 3c 2c 8d]
Seat 1: powe23 folded on the River
Seat 2: Lorpugo folded before Flop (didn't bet)
Seat 3: xx-BeS-xx (button) folded on the River
Seat 4: lauti214 (small blind) folded before Flop
Seat 5: concealed_m (big blind) collected ($0.07)
Seat 6: Celso_Nasc folded before Flop (didn't bet)



PokerStars Hand #239691329429:  Hold'em No Limit ($0.01/$0.02 USD) - 2022/11/06 12:49:15 ET
Table 'Tethys III' 6-max Seat #5 is the button
Seat 1: powe23 ($0.83 in chips) 
Seat 2: Lorpugo ($2.37 in chips) 
Seat 3: xx-BeS-xx ($2.14 in chips) 
Seat 4: Makos0117 ($1.48 in chips) 
Seat 5: concealed_m ($3.04 in chips) 
Seat 6: Celso_Nasc ($2.20 in chips) 
Celso_Nasc: posts small blind $0.01
powe23: posts big blind $0.02
Makos0117: posts big blind $0.02
*** HOLE CARDS ***
Dealt to Lorpugo [Td Qs]
Lorpugo: folds 
xx-BeS-xx: raises $0.02 to $0.04
Makos0117: calls $0.02
concealed_m: folds 
Celso_Nasc: folds 
powe23: calls $0.02
*** FLOP *** [5s 8h 9s]
powe23: bets $0.02
xx-BeS-xx: calls $0.02
Makos0117: calls $0.02
*** TURN *** [5s 8h 9s] [Jd]
powe23: bets $0.77 and is all-in
xx-BeS-xx: calls $0.77
Makos0117: folds 
*** RIVER *** [5s 8h 9s Jd] [3h]
*** SHOW DOWN ***
powe23: shows [7d Th] (a straight, Seven to Jack)
xx-BeS-xx: shows [Qd Ts] (a straight, Eight to Queen)
xx-BeS-xx collected $1.65 from pot
powe23 cashed out the hand for $0.06
*** SUMMARY ***
Total pot $1.73 | Rake $0.08 
Board [5s 8h 9s Jd 3h]
Seat 1: powe23 (big blind) showed [7d Th] and lost with a straight, Seven to Jack (cashed out).
Seat 2: Lorpugo folded before Flop (didn't bet)
Seat 3: xx-BeS-xx showed [Qd Ts] and won ($1.65) with a straight, Eight to Queen
Seat 4: Makos0117 folded on the Turn
Seat 5: concealed_m (button) folded before Flop (didn't bet)
Seat 6: Celso_Nasc (small blind) folded before Flop



PokerStars Hand #239691356045:  Hold'em No Limit ($0.01/$0.02 USD) - 2022/11/06 12:50:13 ET
Table 'Tethys III' 6-max Seat #1 is the button
Seat 1: powe23 ($0.06 in chips) 
Seat 2: Lorpugo ($2.37 in chips) 
Seat 3: xx-BeS-xx ($2.96 in chips) 
Seat 4: Makos0117 ($1.42 in chips) 
Seat 5: concealed_m ($3.04 in chips) 
Lorpugo: posts small blind $0.01
xx-BeS-xx: posts big blind $0.02
*** HOLE CARDS ***
Dealt to Lorpugo [6d Ks]
Makos0117: calls $0.02
concealed_m: folds 
powe23: calls $0.02
Lorpugo: folds 
xx-BeS-xx: checks 
*** FLOP *** [3h 9s 5d]
xx-BeS-xx: checks 
Makos0117: checks 
powe23: checks 
*** TURN *** [3h 9s 5d] [Kd]
xx-BeS-xx: checks 
Makos0117: checks 
powe23: checks 
*** RIVER *** [3h 9s 5d Kd] [9c]
xx-BeS-xx: checks 
Makos0117: checks 
powe23: checks 
*** SHOW DOWN ***
xx-BeS-xx: shows [2s Ts] (a pair of Nines)
Makos0117: shows [Qs 7c] (a pair of Nines - King+Queen kicker)
powe23: shows [Ah Th] (a pair of Nines - Ace kicker)
powe23 collected $0.07 from pot
*** SUMMARY ***
Total pot $0.07 | Rake $0 
Board [3h 9s 5d Kd 9c]
Seat 1: powe23 (button) showed [Ah Th] and won ($0.07) with a pair of Nines
Seat 2: Lorpugo (small blind) folded before Flop
Seat 3: xx-BeS-xx (big blind) showed [2s Ts] and lost with a pair of Nines
Seat 4: Makos0117 showed [Qs 7c] and lost with a pair of Nines
Seat 5: concealed_m folded before Flop (didn't bet)



PokerStars Hand #239691386075:  Hold'em No Limit ($0.01/$0.02 USD) - 2022/11/06 12:51:19 ET
Table 'Tethys III' 6-max Seat #2 is the button
Seat 1: powe23 ($0.95 in chips) 
Seat 2: Lorpugo ($2.36 in chips) 
Seat 3: xx-BeS-xx ($2.94 in chips) 
Seat 4: Makos0117 ($1.40 in chips) 
Seat 5: concealed_m ($3.04 in chips) 
Seat 6: Celso_Nasc ($2.19 in chips) 
xx-BeS-xx: posts small blind $0.01
Makos0117: posts big blind $0.02
*** HOLE CARDS ***
Dealt to Lorpugo [Th 3c]
concealed_m: folds 
Celso_Nasc: folds 
powe23: calls $0.02
Lorpugo: folds 
xx-BeS-xx: calls $0.01
Makos0117: checks 
*** FLOP *** [7d Td As]
xx-BeS-xx: checks 
Makos0117: checks 
powe23: bets $0.08
xx-BeS-xx: calls $0.08
Makos0117: calls $0.08
*** TURN *** [7d Td As] [Qd]
xx-BeS-xx: checks 
Makos0117: checks 
powe23: bets $0.85 and is all-in
xx-BeS-xx: folds 
Makos0117: folds 
Uncalled bet ($0.85) returned to powe23
powe23 collected $0.29 from pot
*** SUMMARY ***
Total pot $0.30 | Rake $0.01 
Board [7d Td As Qd]
Seat 1: powe23 collected ($0.29)
Seat 2: Lorpugo (button) folded before Flop (didn't bet)
Seat 3: xx-BeS-xx (small blind) folded on the Turn
Seat 4: Makos0117 (big blind) folded on the Turn
Seat 5: concealed_m folded before Flop (didn't bet)
Seat 6: Celso_Nasc folded before Flop (didn't bet)



PokerStars Hand #239691415464:  Hold'em No Limit ($0.01/$0.02 USD) - 2022/11/06 12:52:24 ET
Table 'Tethys III' 6-max Seat #3 is the button
Seat 1: powe23 ($1.14 in chips) 
Seat 2: Lorpugo ($2.36 in chips) 
Seat 3: xx-BeS-xx ($2.84 in chips) 
Seat 4: Makos0117 ($1.30 in chips) 
Seat 5: concealed_m ($3.04 in chips) 
Seat 6: Celso_Nasc ($2.19 in chips) 
Makos0117: posts small blind $0.01
concealed_m: posts big blind $0.02
*** HOLE CARDS ***
Dealt to Lorpugo [9s 7d]
Celso_Nasc: folds 
powe23: calls $0.02
Lorpugo: folds 
xx-BeS-xx: folds 
Makos0117: calls $0.01
concealed_m: raises $0.06 to $0.08
powe23: calls $0.06
Makos0117: folds 
*** FLOP *** [5h Jh 8c]
concealed_m: checks 
powe23: bets $0.02
concealed_m: folds 
Uncalled bet ($0.02) returned to powe23
powe23 collected $0.17 from pot
*** SUMMARY ***
Total pot $0.18 | Rake $0.01 
Board [5h Jh 8c]
Seat 1: powe23 collected ($0.17)
Seat 2: Lorpugo folded before Flop (didn't bet)
Seat 3: xx-BeS-xx (button) folded before Flop (didn't bet)
Seat 4: Makos0117 (small blind) folded before Flop
Seat 5: concealed_m (big blind) folded on the Flop
Seat 6: Celso_Nasc folded before Flop (didn't bet)



PokerStars Hand #239691440185:  Hold'em No Limit ($0.01/$0.02 USD) - 2022/11/06 12:53:18 ET
Table 'Tethys III' 6-max Seat #4 is the button
Seat 1: powe23 ($1.23 in chips) 
Seat 2: Lorpugo ($2.36 in chips) 
Seat 3: xx-BeS-xx ($2.84 in chips) 
Seat 4: Makos0117 ($1.28 in chips) 
Seat 5: concealed_m ($2.96 in chips) 
Seat 6: Celso_Nasc ($2.19 in chips) 
concealed_m: posts small blind $0.01
Celso_Nasc: posts big blind $0.02
*** HOLE CARDS ***
Dealt to Lorpugo [5s 4s]
powe23: calls $0.02
Lorpugo: folds 
xx-BeS-xx: folds 
Makos0117: calls $0.02
concealed_m: folds 
Celso_Nasc: checks 
*** FLOP *** [Kd 9s 6c]
Celso_Nasc: checks 
powe23: checks 
Makos0117: checks 
*** TURN *** [Kd 9s 6c] [Qh]
Celso_Nasc: bets $0.07
powe23: folds 
powe23 leaves the table
Makos0117: folds 
Uncalled bet ($0.07) returned to Celso_Nasc
Celso_Nasc collected $0.07 from pot
Celso_Nasc: doesn't show hand 
*** SUMMARY ***
Total pot $0.07 | Rake $0 
Board [Kd 9s 6c Qh]
Seat 1: powe23 folded on the Turn
Seat 2: Lorpugo folded before Flop (didn't bet)
Seat 3: xx-BeS-xx folded before Flop (didn't bet)
Seat 4: Makos0117 (button) folded on the Turn
Seat 5: concealed_m (small blind) folded before Flop
Seat 6: Celso_Nasc (big blind) collected ($0.07)



PokerStars Hand #239691451626:  Hold'em No Limit ($0.01/$0.02 USD) - 2022/11/06 12:53:43 ET
Table 'Tethys III' 6-max Seat #5 is the button
Seat 2: Lorpugo ($2.36 in chips) 
Seat 3: xx-BeS-xx ($2.84 in chips) 
Seat 4: Makos0117 ($1.26 in chips) 
Seat 5: concealed_m ($2.95 in chips) 
Seat 6: Celso_Nasc ($2.24 in chips) 
Celso_Nasc: posts small blind $0.01
Lorpugo: posts big blind $0.02
*** HOLE CARDS ***
Dealt to Lorpugo [8s Qc]
Riano21 joins the table at seat #1 
xx-BeS-xx: raises $0.02 to $0.04
Makos0117: folds 
concealed_m: folds 
Celso_Nasc: folds 
Lorpugo: calls $0.02
*** FLOP *** [Ts 6s Kd]
Lorpugo: checks 
xx-BeS-xx: checks 
*** TURN *** [Ts 6s Kd] [Th]
Lorpugo: bets $0.05
xx-BeS-xx: folds 
Uncalled bet ($0.05) returned to Lorpugo
Lorpugo collected $0.09 from pot
Lorpugo: doesn't show hand 
*** SUMMARY ***
Total pot $0.09 | Rake $0 
Board [Ts 6s Kd Th]
Seat 2: Lorpugo (big blind) collected ($0.09)
Seat 3: xx-BeS-xx folded on the Turn
Seat 4: Makos0117 folded before Flop (didn't bet)
Seat 5: concealed_m (button) folded before Flop (didn't bet)
Seat 6: Celso_Nasc (small blind) folded before Flop



PokerStars Hand #239691468463:  Hold'em No Limit ($0.01/$0.02 USD) - 2022/11/06 12:54:21 ET
Table 'Tethys III' 6-max Seat #6 is the button
Seat 2: Lorpugo ($2.41 in chips) 
Seat 3: xx-BeS-xx ($2.80 in chips) 
Seat 4: Makos0117 ($1.26 in chips) 
Seat 5: concealed_m ($2.95 in chips) 
Seat 6: Celso_Nasc ($2.23 in chips) 
Lorpugo: posts small blind $0.01
xx-BeS-xx: posts big blind $0.02
*** HOLE CARDS ***
Dealt to Lorpugo [Jc 8c]
Makos0117: calls $0.02
concealed_m: raises $0.06 to $0.08
Celso_Nasc: folds 
Lorpugo: folds 
xx-BeS-xx: folds 
Makos0117: calls $0.06
*** FLOP *** [2h 5s 8h]
Makos0117: checks 
concealed_m: checks 
*** TURN *** [2h 5s 8h] [7h]
Makos0117: checks 
concealed_m: checks 
*** RIVER *** [2h 5s 8h 7h] [8s]
Makos0117: checks 
concealed_m: checks 
*** SHOW DOWN ***
Makos0117: shows [9c Jd] (a pair of Eights)
concealed_m: shows [Ac 7c] (two pair, Eights and Sevens)
concealed_m collected $0.18 from pot
*** SUMMARY ***
Total pot $0.19 | Rake $0.01 
Board [2h 5s 8h 7h 8s]
Seat 2: Lorpugo (small blind) folded before Flop
Seat 3: xx-BeS-xx (big blind) folded before Flop
Seat 4: Makos0117 showed [9c Jd] and lost with a pair of Eights
Seat 5: concealed_m showed [Ac 7c] and won ($0.18) with two pair, Eights and Sevens
Seat 6: Celso_Nasc (button) folded before Flop (didn't bet)



PokerStars Hand #239691487160:  Hold'em No Limit ($0.01/$0.02 USD) - 2022/11/06 12:55:02 ET
Table 'Tethys III' 6-max Seat #2 is the button
Seat 2: Lorpugo ($2.40 in chips) 
Seat 3: xx-BeS-xx ($2.78 in chips) 
Seat 4: Makos0117 ($1.18 in chips) 
Seat 5: concealed_m ($3.05 in chips) 
Seat 6: Celso_Nasc ($2.23 in chips) 
xx-BeS-xx: posts small blind $0.01
Makos0117: posts big blind $0.02
Riano21: sits out 
*** HOLE CARDS ***
Dealt to Lorpugo [2c 4d]
concealed_m: raises $0.04 to $0.06
Celso_Nasc: folds 
Lorpugo: folds 
xx-BeS-xx: raises $0.04 to $0.10
Makos0117: raises $0.04 to $0.14
concealed_m: folds 
xx-BeS-xx: calls $0.04
*** FLOP *** [Ts 5c Jc]
xx-BeS-xx: checks 
Makos0117: bets $0.17
xx-BeS-xx: raises $2.47 to $2.64 and is all-in
Makos0117: calls $0.87 and is all-in
Uncalled bet ($1.60) returned to xx-BeS-xx
*** TURN *** [Ts 5c Jc] [2h]
*** RIVER *** [Ts 5c Jc 2h] [3d]
*** SHOW DOWN ***
xx-BeS-xx: shows [Ac Jd] (a pair of Jacks)
Makos0117: shows [Ks Ad] (high card Ace)
xx-BeS-xx collected $2.32 from pot
*** SUMMARY ***
Total pot $2.42 | Rake $0.10 
Board [Ts 5c Jc 2h 3d]
Seat 2: Lorpugo (button) folded before Flop (didn't bet)
Seat 3: xx-BeS-xx (small blind) showed [Ac Jd] and won ($2.32) with a pair of Jacks
Seat 4: Makos0117 (big blind) showed [Ks Ad] and lost with high card Ace
Seat 5: concealed_m folded before Flop
Seat 6: Celso_Nasc folded before Flop (didn't bet)



PokerStars Hand #239691500730:  Hold'em No Limit ($0.01/$0.02 USD) - 2022/11/06 12:55:52 ET
Table 'Tethys III' 6-max Seat #3 is the button
Seat 2: Lorpugo ($2.40 in chips) 
Seat 3: xx-BeS-xx ($3.92 in chips) 
Seat 5: concealed_m ($2.99 in chips) 
Seat 6: Celso_Nasc ($2.23 in chips) 
concealed_m: posts small blind $0.01
Celso_Nasc: posts big blind $0.02
Riano21: sits out 
*** HOLE CARDS ***
Dealt to Lorpugo [9s 8d]
Lorpugo: folds 
xx-BeS-xx: raises $0.02 to $0.04
concealed_m: folds 
Celso_Nasc: calls $0.02
*** FLOP *** [2c Qh Jc]
Celso_Nasc: checks 
xx-BeS-xx: checks 
*** TURN *** [2c Qh Jc] [3h]
Celso_Nasc: bets $0.12
xx-BeS-xx: calls $0.12
*** RIVER *** [2c Qh Jc 3h] [Kh]
Celso_Nasc: checks 
xx-BeS-xx: bets $3.76 and is all-in
Celso_Nasc: folds 
Uncalled bet ($3.76) returned to xx-BeS-xx
xx-BeS-xx collected $0.32 from pot
xx-BeS-xx: doesn't show hand 
*** SUMMARY ***
Total pot $0.33 | Rake $0.01 
Board [2c Qh Jc 3h Kh]
Seat 2: Lorpugo folded before Flop (didn't bet)
Seat 3: xx-BeS-xx (button) collected ($0.32)
Seat 5: concealed_m (small blind) folded before Flop
Seat 6: Celso_Nasc (big blind) folded on the River



PokerStars Hand #239691512813:  Hold'em No Limit ($0.01/$0.02 USD) - 2022/11/06 12:56:36 ET
Table 'Tethys III' 6-max Seat #5 is the button
Seat 1: Riano21 ($2 in chips) 
Seat 2: Lorpugo ($2.40 in chips) 
Seat 3: xx-BeS-xx ($4.08 in chips) 
Seat 4: Makos0117 ($2 in chips) 
Seat 5: concealed_m ($2.98 in chips) 
Seat 6: Celso_Nasc ($2.07 in chips) 
Celso_Nasc: posts small blind $0.01
Riano21: posts big blind $0.02
Makos0117: posts small blind $0.01
*** HOLE CARDS ***
Dealt to Lorpugo [6d Qs]
Lorpugo: folds 
xx-BeS-xx: folds 
Makos0117: calls $0.02
concealed_m: folds 
Celso_Nasc: folds 
Riano21: checks 
*** FLOP *** [Qc 6c 4d]
Riano21: checks 
Makos0117: checks 
*** TURN *** [Qc 6c 4d] [Ah]
Riano21: checks 
Makos0117: checks 
*** RIVER *** [Qc 6c 4d Ah] [8h]
Riano21: checks 
Makos0117: checks 
*** SHOW DOWN ***
Riano21: shows [Qh Js] (a pair of Queens)
Makos0117: mucks hand 
Riano21 collected $0.06 from pot
*** SUMMARY ***
Total pot $0.06 | Rake $0 
Board [Qc 6c 4d Ah 8h]
Seat 1: Riano21 (big blind) showed [Qh Js] and won ($0.06) with a pair of Queens
Seat 2: Lorpugo folded before Flop (didn't bet)
Seat 3: xx-BeS-xx folded before Flop (didn't bet)
Seat 4: Makos0117 mucked [4s Jh]
Seat 5: concealed_m (button) folded before Flop (didn't bet)
Seat 6: Celso_Nasc (small blind) folded before Flop



PokerStars Hand #239691522255:  Hold'em No Limit ($0.01/$0.02 USD) - 2022/11/06 12:57:11 ET
Table 'Tethys III' 6-max Seat #6 is the button
Seat 1: Riano21 ($2.04 in chips) 
Seat 2: Lorpugo ($2.40 in chips) 
Seat 3: xx-BeS-xx ($4.08 in chips) 
Seat 4: Makos0117 ($1.97 in chips) 
Seat 5: concealed_m ($2.98 in chips) 
Seat 6: Celso_Nasc ($2.06 in chips) 
Riano21: posts small blind $0.01
Lorpugo: posts big blind $0.02
*** HOLE CARDS ***
Dealt to Lorpugo [2h Jh]
xx-BeS-xx: folds 
Makos0117: folds 
concealed_m: raises $0.04 to $0.06
Celso_Nasc: folds 
Riano21: folds 
Lorpugo: folds 
Uncalled bet ($0.04) returned to concealed_m
concealed_m collected $0.05 from pot
*** SUMMARY ***
Total pot $0.05 | Rake $0 
Seat 1: Riano21 (small blind) folded before Flop
Seat 2: Lorpugo (big blind) folded before Flop
Seat 3: xx-BeS-xx folded before Flop (didn't bet)
Seat 4: Makos0117 folded before Flop (didn't bet)
Seat 5: concealed_m collected ($0.05)
Seat 6: Celso_Nasc (button) folded before Flop (didn't bet)



PokerStars Hand #239691529849:  Hold'em No Limit ($0.01/$0.02 USD) - 2022/11/06 12:57:38 ET
Table 'Tethys III' 6-max Seat #1 is the button
Seat 1: Riano21 ($2.03 in chips) 
Seat 2: Lorpugo ($2.38 in chips) 
Seat 3: xx-BeS-xx ($4.08 in chips) 
Seat 4: Makos0117 ($1.97 in chips) 
Seat 5: concealed_m ($3.01 in chips) 
Seat 6: Celso_Nasc ($2.06 in chips) 
Lorpugo: posts small blind $0.01
xx-BeS-xx: posts big blind $0.02
*** HOLE CARDS ***
Dealt to Lorpugo [Jh Qc]
Makos0117: calls $0.02
concealed_m: folds 
Celso_Nasc: raises $0.06 to $0.08
Riano21: folds 
Lorpugo: calls $0.07
xx-BeS-xx: folds 
Makos0117: raises $0.06 to $0.14
Celso_Nasc: calls $0.06
Lorpugo: calls $0.06
*** FLOP *** [8d 2s 8h]
Lorpugo: checks 
Makos0117: bets $0.42
Celso_Nasc: folds 
Lorpugo: folds 
Uncalled bet ($0.42) returned to Makos0117
Makos0117 collected $0.42 from pot
*** SUMMARY ***
Total pot $0.44 | Rake $0.02 
Board [8d 2s 8h]
Seat 1: Riano21 (button) folded before Flop (didn't bet)
Seat 2: Lorpugo (small blind) folded on the Flop
Seat 3: xx-BeS-xx (big blind) folded before Flop
Seat 4: Makos0117 collected ($0.42)
Seat 5: concealed_m folded before Flop (didn't bet)
Seat 6: Celso_Nasc folded on the Flop



PokerStars Hand #239691546281:  Hold'em No Limit ($0.01/$0.02 USD) - 2022/11/06 12:58:37 ET
Table 'Tethys III' 6-max Seat #2 is the button
Seat 1: Riano21 ($2.03 in chips) 
Seat 2: Lorpugo ($2.24 in chips) 
Seat 3: xx-BeS-xx ($4.06 in chips) 
Seat 4: Makos0117 ($2.25 in chips) 
Seat 5: concealed_m ($3.01 in chips) 
Seat 6: Celso_Nasc ($2 in chips) 
xx-BeS-xx: posts small blind $0.01
Makos0117: posts big blind $0.02
*** HOLE CARDS ***
Dealt to Lorpugo [3c 4s]
concealed_m: folds 
Celso_Nasc: folds 
Riano21: folds 
Lorpugo: folds 
xx-BeS-xx: folds 
Uncalled bet ($0.01) returned to Makos0117
Makos0117 collected $0.02 from pot
*** SUMMARY ***
Total pot $0.02 | Rake $0 
Seat 1: Riano21 folded before Flop (didn't bet)
Seat 2: Lorpugo (button) folded before Flop (didn't bet)
Seat 3: xx-BeS-xx (small blind) folded before Flop
Seat 4: Makos0117 (big blind) collected ($0.02)
Seat 5: concealed_m folded before Flop (didn't bet)
Seat 6: Celso_Nasc folded before Flop (didn't bet)



PokerStars Hand #239691549894:  Hold'em No Limit ($0.01/$0.02 USD) - 2022/11/06 12:58:50 ET
Table 'Tethys III' 6-max Seat #3 is the button
Seat 1: Riano21 ($2.03 in chips) 
Seat 2: Lorpugo ($2.24 in chips) 
Seat 3: xx-BeS-xx ($4.05 in chips) 
Seat 4: Makos0117 ($2.26 in chips) 
Seat 5: concealed_m ($3.01 in chips) 
Seat 6: Celso_Nasc ($2 in chips) 
Makos0117: posts small blind $0.01
concealed_m: posts big blind $0.02
*** HOLE CARDS ***
Dealt to Lorpugo [7c Ts]
Celso_Nasc: folds 
Riano21: folds 
Lorpugo: folds 
xx-BeS-xx: folds 
Makos0117: calls $0.01
concealed_m: raises $0.06 to $0.08
Makos0117: calls $0.06
*** FLOP *** [As 6s 6d]
Makos0117: checks 
concealed_m: checks 
*** TURN *** [As 6s 6d] [Ah]
Makos0117: checks 
concealed_m: checks 
*** RIVER *** [As 6s 6d Ah] [Qs]
Makos0117: checks 
concealed_m: checks 
*** SHOW DOWN ***
Makos0117: shows [9h 4d] (two pair, Aces and Sixes)
concealed_m: shows [5d Kh] (two pair, Aces and Sixes - King kicker)
concealed_m collected $0.15 from pot
*** SUMMARY ***
Total pot $0.16 | Rake $0.01 
Board [As 6s 6d Ah Qs]
Seat 1: Riano21 folded before Flop (didn't bet)
Seat 2: Lorpugo folded before Flop (didn't bet)
Seat 3: xx-BeS-xx (button) folded before Flop (didn't bet)
Seat 4: Makos0117 (small blind) showed [9h 4d] and lost with two pair, Aces and Sixes
Seat 5: concealed_m (big blind) showed [5d Kh] and won ($0.15) with two pair, Aces and Sixes
Seat 6: Celso_Nasc folded before Flop (didn't bet)



PokerStars Hand #239691561260:  Hold'em No Limit ($0.01/$0.02 USD) - 2022/11/06 12:59:31 ET
Table 'Tethys III' 6-max Seat #4 is the button
Seat 1: Riano21 ($2.03 in chips) 
Seat 2: Lorpugo ($2.24 in chips) 
Seat 3: xx-BeS-xx ($4.05 in chips) 
Seat 4: Makos0117 ($2.18 in chips) 
Seat 5: concealed_m ($3.08 in chips) 
Seat 6: Celso_Nasc ($2 in chips) 
concealed_m: posts small blind $0.01
Celso_Nasc: posts big blind $0.02
*** HOLE CARDS ***
Dealt to Lorpugo [9s 7d]
Riano21: folds 
Lorpugo: folds 
xx-BeS-xx: raises $0.02 to $0.04
Makos0117: calls $0.04
concealed_m: folds 
Celso_Nasc: folds 
*** FLOP *** [2h Ah Th]
xx-BeS-xx: checks 
Makos0117: bets $0.02
xx-BeS-xx: calls $0.02
*** TURN *** [2h Ah Th] [6c]
xx-BeS-xx: checks 
Makos0117: checks 
*** RIVER *** [2h Ah Th 6c] [2d]
xx-BeS-xx: checks 
Makos0117: checks 
*** SHOW DOWN ***
xx-BeS-xx: shows [5d 5s] (two pair, Fives and Deuces)
Makos0117: shows [Kd Ks] (two pair, Kings and Deuces)
Makos0117 collected $0.14 from pot
*** SUMMARY ***
Total pot $0.15 | Rake $0.01 
Board [2h Ah Th 6c 2d]
Seat 1: Riano21 folded before Flop (didn't bet)
Seat 2: Lorpugo folded before Flop (didn't bet)
Seat 3: xx-BeS-xx showed [5d 5s] and lost with two pair, Fives and Deuces
Seat 4: Makos0117 (button) showed [Kd Ks] and won ($0.14) with two pair, Kings and Deuces
Seat 5: concealed_m (small blind) folded before Flop
Seat 6: Celso_Nasc (big blind) folded before Flop



PokerStars Hand #239691575554:  Hold'em No Limit ($0.01/$0.02 USD) - 2022/11/06 13:00:18 ET
Table 'Tethys III' 6-max Seat #5 is the button
Seat 1: Riano21 ($2.03 in chips) 
Seat 2: Lorpugo ($2.24 in chips) 
Seat 3: xx-BeS-xx ($3.99 in chips) 
Seat 4: Makos0117 ($2.26 in chips) 
Seat 5: concealed_m ($3.07 in chips) 
Seat 6: Celso_Nasc ($2 in chips) 
Celso_Nasc: posts small blind $0.01
Riano21: posts big blind $0.02
*** HOLE CARDS ***
Dealt to Lorpugo [8h Js]
Lorpugo: folds 
xx-BeS-xx: calls $0.02
Makos0117: folds 
concealed_m: folds 
Celso_Nasc: folds 
Riano21: checks 
*** FLOP *** [9c 7s 5c]
Riano21: checks 
xx-BeS-xx: checks 
*** TURN *** [9c 7s 5c] [Tc]
Riano21: checks 
xx-BeS-xx: checks 
*** RIVER *** [9c 7s 5c Tc] [Th]
Riano21: checks 
xx-BeS-xx: checks 
*** SHOW DOWN ***
Riano21: shows [Jd 2s] (a pair of Tens)
xx-BeS-xx: shows [3s 3c] (two pair, Tens and Threes)
xx-BeS-xx collected $0.05 from pot
*** SUMMARY ***
Total pot $0.05 | Rake $0 
Board [9c 7s 5c Tc Th]
Seat 1: Riano21 (big blind) showed [Jd 2s] and lost with a pair of Tens
Seat 2: Lorpugo folded before Flop (didn't bet)
Seat 3: xx-BeS-xx showed [3s 3c] and won ($0.05) with two pair, Tens and Threes
Seat 4: Makos0117 folded before Flop (didn't bet)
Seat 5: concealed_m (button) folded before Flop (didn't bet)
Seat 6: Celso_Nasc (small blind) folded before Flop



PokerStars Hand #239691592906:  Hold'em No Limit ($0.01/$0.02 USD) - 2022/11/06 13:01:09 ET
Table 'Tethys III' 6-max Seat #6 is the button
Seat 1: Riano21 ($2.01 in chips) 
Seat 2: Lorpugo ($2.24 in chips) 
Seat 3: xx-BeS-xx ($4.02 in chips) 
Seat 4: Makos0117 ($2.26 in chips) 
Seat 5: concealed_m ($3.07 in chips) 
Seat 6: Celso_Nasc ($2 in chips) 
Riano21: posts small blind $0.01
Lorpugo: posts big blind $0.02
*** HOLE CARDS ***
Dealt to Lorpugo [2s 2d]
xx-BeS-xx: raises $0.02 to $0.04
Makos0117 is disconnected 
Makos0117 has timed out while disconnected
Makos0117: folds 
concealed_m: folds 
Celso_Nasc: folds 
Riano21: raises $0.14 to $0.18
Lorpugo: folds 
xx-BeS-xx: calls $0.14
*** FLOP *** [6s 6c 4h]
Riano21: bets $0.19
xx-BeS-xx: calls $0.19
*** TURN *** [6s 6c 4h] [Kd]
Riano21: bets $0.37
xx-BeS-xx: calls $0.37
*** RIVER *** [6s 6c 4h Kd] [7c]
Riano21: bets $1.09
xx-BeS-xx: folds 
Uncalled bet ($1.09) returned to Riano21
Riano21 collected $1.45 from pot
Riano21: doesn't show hand 
*** SUMMARY ***
Total pot $1.50 | Rake $0.05 
Board [6s 6c 4h Kd 7c]
Seat 1: Riano21 (small blind) collected ($1.45)
Seat 2: Lorpugo (big blind) folded before Flop
Seat 3: xx-BeS-xx folded on the River
Seat 4: Makos0117 folded before Flop (didn't bet)
Seat 5: concealed_m folded before Flop (didn't bet)
Seat 6: Celso_Nasc (button) folded before Flop (didn't bet)



PokerStars Hand #239691615685:  Hold'em No Limit ($0.01/$0.02 USD) - 2022/11/06 13:02:08 ET
Table 'Tethys III' 6-max Seat #1 is the button
Seat 1: Riano21 ($2.72 in chips) 
Seat 2: Lorpugo ($2.22 in chips) 
Seat 3: xx-BeS-xx ($3.28 in chips) 
Seat 5: concealed_m ($3.07 in chips) 
Seat 6: Celso_Nasc ($2 in chips) 
Lorpugo: posts small blind $0.01
xx-BeS-xx: posts big blind $0.02
*** HOLE CARDS ***
Dealt to Lorpugo [6h 3h]
concealed_m: folds 
Celso_Nasc: raises $0.05 to $0.07
Riano21: raises $0.18 to $0.25
Lorpugo: folds 
xx-BeS-xx: folds 
Celso_Nasc: folds 
Uncalled bet ($0.18) returned to Riano21
Riano21 collected $0.17 from pot
Riano21: doesn't show hand 
*** SUMMARY ***
Total pot $0.17 | Rake $0 
Seat 1: Riano21 (button) collected ($0.17)
Seat 2: Lorpugo (small blind) folded before Flop
Seat 3: xx-BeS-xx (big blind) folded before Flop
Seat 5: concealed_m folded before Flop (didn't bet)
Seat 6: Celso_Nasc folded before Flop



PokerStars Hand #239691629897:  Hold'em No Limit ($0.01/$0.02 USD) - 2022/11/06 13:02:38 ET
Table 'Tethys III' 6-max Seat #2 is the button
Seat 1: Riano21 ($2.82 in chips) 
Seat 2: Lorpugo ($2.21 in chips) 
Seat 3: xx-BeS-xx ($3.26 in chips) 
Seat 5: concealed_m ($3.07 in chips) 
Seat 6: Celso_Nasc ($2 in chips) 
xx-BeS-xx: posts small blind $0.01
concealed_m: posts big blind $0.02
*** HOLE CARDS ***
Dealt to Lorpugo [2s 9h]
Celso_Nasc: folds 
Riano21: folds 
Lorpugo: folds 
xx-BeS-xx: raises $0.02 to $0.04
concealed_m: folds 
Uncalled bet ($0.02) returned to xx-BeS-xx
xx-BeS-xx collected $0.04 from pot
xx-BeS-xx: doesn't show hand 
*** SUMMARY ***
Total pot $0.04 | Rake $0 
Seat 1: Riano21 folded before Flop (didn't bet)
Seat 2: Lorpugo (button) folded before Flop (didn't bet)
Seat 3: xx-BeS-xx (small blind) collected ($0.04)
Seat 5: concealed_m (big blind) folded before Flop
Seat 6: Celso_Nasc folded before Flop (didn't bet)



PokerStars Hand #239691634535:  Hold'em No Limit ($0.01/$0.02 USD) - 2022/11/06 13:02:50 ET
Table 'Tethys III' 6-max Seat #3 is the button
Seat 1: Riano21 ($2.82 in chips) 
Seat 2: Lorpugo ($2.21 in chips) 
Seat 3: xx-BeS-xx ($3.28 in chips) 
Seat 5: concealed_m ($3.05 in chips) 
Seat 6: Celso_Nasc ($2 in chips) 
concealed_m: posts small blind $0.01
Celso_Nasc: posts big blind $0.02
*** HOLE CARDS ***
Dealt to Lorpugo [9h 3s]
Riano21: folds 
Lorpugo: folds 
xx-BeS-xx: folds 
concealed_m: folds 
Uncalled bet ($0.01) returned to Celso_Nasc
Celso_Nasc collected $0.02 from pot
Celso_Nasc: doesn't show hand 
*** SUMMARY ***
Total pot $0.02 | Rake $0 
Seat 1: Riano21 folded before Flop (didn't bet)
Seat 2: Lorpugo folded before Flop (didn't bet)
Seat 3: xx-BeS-xx (button) folded before Flop (didn't bet)
Seat 5: concealed_m (small blind) folded before Flop
Seat 6: Celso_Nasc (big blind) collected ($0.02)



PokerStars Hand #239691640210:  Hold'em No Limit ($0.01/$0.02 USD) - 2022/11/06 13:03:03 ET
Table 'Tethys III' 6-max Seat #5 is the button
Seat 1: Riano21 ($2.82 in chips) 
Seat 2: Lorpugo ($2.21 in chips) 
Seat 3: xx-BeS-xx ($3.28 in chips) 
Seat 5: concealed_m ($3.04 in chips) 
Seat 6: Celso_Nasc ($2.01 in chips) 
Celso_Nasc: posts small blind $0.01
Riano21: posts big blind $0.02
*** HOLE CARDS ***
Dealt to Lorpugo [9c Qh]
Lorpugo: folds 
xx-BeS-xx: folds 
concealed_m: raises $0.04 to $0.06
Celso_Nasc: folds 
Riano21: folds 
Uncalled bet ($0.04) returned to concealed_m
concealed_m collected $0.05 from pot
*** SUMMARY ***
Total pot $0.05 | Rake $0 
Seat 1: Riano21 (big blind) folded before Flop
Seat 2: Lorpugo folded before Flop (didn't bet)
Seat 3: xx-BeS-xx folded before Flop (didn't bet)
Seat 5: concealed_m (button) collected ($0.05)
Seat 6: Celso_Nasc (small blind) folded before Flop



PokerStars Hand #239691649952:  Hold'em No Limit ($0.01/$0.02 USD) - 2022/11/06 13:03:21 ET
Table 'Tethys III' 6-max Seat #6 is the button
Seat 1: Riano21 ($2.80 in chips) 
Seat 2: Lorpugo ($2.21 in chips) 
Seat 3: xx-BeS-xx ($3.28 in chips) 
Seat 5: concealed_m ($3.07 in chips) 
Seat 6: Celso_Nasc ($2 in chips) 
Riano21: posts small blind $0.01
Lorpugo: posts big blind $0.02
*** HOLE CARDS ***
Dealt to Lorpugo [4c 6d]
xx-BeS-xx: folds 
concealed_m: raises $0.04 to $0.06
Celso_Nasc: folds 
Riano21: folds 
Lorpugo: folds 
Uncalled bet ($0.04) returned to concealed_m
concealed_m collected $0.05 from pot
*** SUMMARY ***
Total pot $0.05 | Rake $0 
Seat 1: Riano21 (small blind) folded before Flop
Seat 2: Lorpugo (big blind) folded before Flop
Seat 3: xx-BeS-xx folded before Flop (didn't bet)
Seat 5: concealed_m collected ($0.05)
Seat 6: Celso_Nasc (button) folded before Flop (didn't bet)



PokerStars Hand #239691657954:  Hold'em No Limit ($0.01/$0.02 USD) - 2022/11/06 13:03:39 ET
Table 'Tethys III' 6-max Seat #1 is the button
Seat 1: Riano21 ($2.79 in chips) 
Seat 2: Lorpugo ($2.19 in chips) 
Seat 3: xx-BeS-xx ($3.28 in chips) 
Seat 5: concealed_m ($3.10 in chips) 
Seat 6: Celso_Nasc ($2 in chips) 
Lorpugo: posts small blind $0.01
xx-BeS-xx: posts big blind $0.02
*** HOLE CARDS ***
Dealt to Lorpugo [3d Kd]
concealed_m: raises $0.04 to $0.06
Celso_Nasc: folds 
Riano21: folds 
Lorpugo: folds 
xx-BeS-xx: calls $0.04
*** FLOP *** [Jh 5h 7d]
xx-BeS-xx: checks 
concealed_m: checks 
*** TURN *** [Jh 5h 7d] [8c]
xx-BeS-xx: checks 
concealed_m: checks 
*** RIVER *** [Jh 5h 7d 8c] [Js]
xx-BeS-xx: checks 
concealed_m: checks 
*** SHOW DOWN ***
xx-BeS-xx: shows [6c Ah] (a pair of Jacks)
concealed_m: mucks hand 
xx-BeS-xx collected $0.13 from pot
*** SUMMARY ***
Total pot $0.13 | Rake $0 
Board [Jh 5h 7d 8c Js]
Seat 1: Riano21 (button) folded before Flop (didn't bet)
Seat 2: Lorpugo (small blind) folded before Flop
Seat 3: xx-BeS-xx (big blind) showed [6c Ah] and won ($0.13) with a pair of Jacks
Seat 5: concealed_m mucked [Qd Td]
Seat 6: Celso_Nasc folded before Flop (didn't bet)



PokerStars Hand #239691683594:  Hold'em No Limit ($0.01/$0.02 USD) - 2022/11/06 13:04:32 ET
Table 'Tethys III' 6-max Seat #2 is the button
Seat 1: Riano21 ($2.79 in chips) 
Seat 2: Lorpugo ($2.18 in chips) 
Seat 3: xx-BeS-xx ($3.35 in chips) 
Seat 5: concealed_m ($3.04 in chips) 
Seat 6: Celso_Nasc ($2 in chips) 
xx-BeS-xx: posts small blind $0.01
concealed_m: posts big blind $0.02
*** HOLE CARDS ***
Dealt to Lorpugo [Kd Kh]
Celso_Nasc: folds 
Riano21: folds 
Lorpugo: raises $0.04 to $0.06
xx-BeS-xx: folds 
concealed_m: folds 
Uncalled bet ($0.04) returned to Lorpugo
Lorpugo collected $0.05 from pot
Lorpugo: doesn't show hand 
*** SUMMARY ***
Total pot $0.05 | Rake $0 
Seat 1: Riano21 folded before Flop (didn't bet)
Seat 2: Lorpugo (button) collected ($0.05)
Seat 3: xx-BeS-xx (small blind) folded before Flop
Seat 5: concealed_m (big blind) folded before Flop
Seat 6: Celso_Nasc folded before Flop (didn't bet)



PokerStars Hand #239691691289:  Hold'em No Limit ($0.01/$0.02 USD) - 2022/11/06 13:04:49 ET
Table 'Tethys III' 6-max Seat #3 is the button
Seat 1: Riano21 ($2.79 in chips) 
Seat 2: Lorpugo ($2.21 in chips) 
Seat 3: xx-BeS-xx ($3.34 in chips) 
Seat 5: concealed_m ($3.02 in chips) 
Seat 6: Celso_Nasc ($2 in chips) 
concealed_m: posts small blind $0.01
Celso_Nasc: posts big blind $0.02
*** HOLE CARDS ***
Dealt to Lorpugo [Kh Th]
Riano21: folds 
Lorpugo: raises $0.04 to $0.06
xx-BeS-xx: folds 
concealed_m: folds 
Celso_Nasc: folds 
Uncalled bet ($0.04) returned to Lorpugo
Lorpugo collected $0.05 from pot
Lorpugo: doesn't show hand 
*** SUMMARY ***
Total pot $0.05 | Rake $0 
Seat 1: Riano21 folded before Flop (didn't bet)
Seat 2: Lorpugo collected ($0.05)
Seat 3: xx-BeS-xx (button) folded before Flop (didn't bet)
Seat 5: concealed_m (small blind) folded before Flop
Seat 6: Celso_Nasc (big blind) folded before Flop



PokerStars Hand #239691699978:  Hold'em No Limit ($0.01/$0.02 USD) - 2022/11/06 13:05:06 ET
Table 'Tethys III' 6-max Seat #5 is the button
Seat 1: Riano21 ($2.79 in chips) 
Seat 2: Lorpugo ($2.24 in chips) 
Seat 3: xx-BeS-xx ($3.34 in chips) 
Seat 5: concealed_m ($3.01 in chips) 
Seat 6: Celso_Nasc ($2 in chips) 
Celso_Nasc: posts small blind $0.01
Riano21: posts big blind $0.02
*** HOLE CARDS ***
Dealt to Lorpugo [Kc Kd]
Lorpugo: raises $0.04 to $0.06
xx-BeS-xx: calls $0.06
concealed_m: raises $0.18 to $0.24
Celso_Nasc: folds 
Riano21: folds 
Lorpugo: calls $0.18
xx-BeS-xx: calls $0.18
*** FLOP *** [Ah 5h 2s]
Lorpugo: checks 
xx-BeS-xx: checks 
concealed_m: checks 
*** TURN *** [Ah 5h 2s] [6c]
Lorpugo: bets $0.24
xx-BeS-xx: calls $0.24
concealed_m: calls $0.24
*** RIVER *** [Ah 5h 2s 6c] [Qh]
Lorpugo: checks 
xx-BeS-xx: checks 
concealed_m: checks 
*** SHOW DOWN ***
Lorpugo: shows [Kc Kd] (a pair of Kings)
xx-BeS-xx: mucks hand 
concealed_m: mucks hand 
Lorpugo collected $1.42 from pot
*** SUMMARY ***
Total pot $1.47 | Rake $0.05 
Board [Ah 5h 2s 6c Qh]
Seat 1: Riano21 (big blind) folded before Flop
Seat 2: Lorpugo showed [Kc Kd] and won ($1.42) with a pair of Kings
Seat 3: xx-BeS-xx mucked [Qd 4d]
Seat 5: concealed_m (button) mucked [9c 9h]
Seat 6: Celso_Nasc (small blind) folded before Flop



PokerStars Hand #239691738020:  Hold'em No Limit ($0.01/$0.02 USD) - 2022/11/06 13:06:26 ET
Table 'Tethys III' 6-max Seat #6 is the button
Seat 1: Riano21 ($2.77 in chips) 
Seat 2: Lorpugo ($3.18 in chips) 
Seat 3: xx-BeS-xx ($2.86 in chips) 
Seat 5: concealed_m ($2.53 in chips) 
Seat 6: Celso_Nasc ($2 in chips) 
Riano21: posts small blind $0.01
Lorpugo: posts big blind $0.02
*** HOLE CARDS ***
Dealt to Lorpugo [3d 4h]
xx-BeS-xx: calls $0.02
concealed_m: folds 
Celso_Nasc: folds 
Riano21: calls $0.01
Lorpugo: checks 
*** FLOP *** [3h 9c 8c]
Riano21: checks 
Lorpugo: checks 
xx-BeS-xx: checks 
*** TURN *** [3h 9c 8c] [7c]
Riano21: checks 
Lorpugo: checks 
xx-BeS-xx: checks 
*** RIVER *** [3h 9c 8c 7c] [Qd]
Riano21: checks 
Lorpugo: checks 
xx-BeS-xx: checks 
*** SHOW DOWN ***
Riano21: shows [Qs Ad] (a pair of Queens)
Lorpugo: mucks hand 
xx-BeS-xx: mucks hand 
Riano21 collected $0.06 from pot
*** SUMMARY ***
Total pot $0.06 | Rake $0 
Board [3h 9c 8c 7c Qd]
Seat 1: Riano21 (small blind) showed [Qs Ad] and won ($0.06) with a pair of Queens
Seat 2: Lorpugo (big blind) mucked [3d 4h]
Seat 3: xx-BeS-xx mucked [Ac 4d]
Seat 5: concealed_m folded before Flop (didn't bet)
Seat 6: Celso_Nasc (button) folded before Flop (didn't bet)



PokerStars Hand #239691773438:  Hold'em No Limit ($0.01/$0.02 USD) - 2022/11/06 13:07:40 ET
Table 'Tethys III' 6-max Seat #1 is the button
Seat 1: Riano21 ($2.81 in chips) 
Seat 2: Lorpugo ($3.16 in chips) 
Seat 3: xx-BeS-xx ($2.84 in chips) 
Seat 5: concealed_m ($2.53 in chips) 
Seat 6: Celso_Nasc ($2 in chips) 
Lorpugo: posts small blind $0.01
xx-BeS-xx: posts big blind $0.02
*** HOLE CARDS ***
Dealt to Lorpugo [8d 4s]
concealed_m: folds 
Celso_Nasc: folds 
Riano21: folds 
Lorpugo: folds 
Uncalled bet ($0.01) returned to xx-BeS-xx
xx-BeS-xx collected $0.02 from pot
xx-BeS-xx: doesn't show hand 
*** SUMMARY ***
Total pot $0.02 | Rake $0 
Seat 1: Riano21 (button) folded before Flop (didn't bet)
Seat 2: Lorpugo (small blind) folded before Flop
Seat 3: xx-BeS-xx (big blind) collected ($0.02)
Seat 5: concealed_m folded before Flop (didn't bet)
Seat 6: Celso_Nasc folded before Flop (didn't bet)



PokerStars Hand #239691781663:  Hold'em No Limit ($0.01/$0.02 USD) - 2022/11/06 13:07:57 ET
Table 'Tethys III' 6-max Seat #2 is the button
Seat 1: Riano21 ($2.81 in chips) 
Seat 2: Lorpugo ($3.15 in chips) 
Seat 3: xx-BeS-xx ($2.85 in chips) 
Seat 5: concealed_m ($2.53 in chips) 
Seat 6: Celso_Nasc ($2 in chips) 
xx-BeS-xx: posts small blind $0.01
concealed_m: posts big blind $0.02
*** HOLE CARDS ***
Dealt to Lorpugo [Tc Js]
Celso_Nasc: folds 
Riano21: folds 
Lorpugo: raises $0.04 to $0.06
xx-BeS-xx: folds 
concealed_m: raises $0.18 to $0.24
Lorpugo: calls $0.18
*** FLOP *** [6h Ah 2h]
concealed_m: checks 
Lorpugo: checks 
*** TURN *** [6h Ah 2h] [8c]
concealed_m: bets $0.26
Lorpugo: folds 
Uncalled bet ($0.26) returned to concealed_m
concealed_m collected $0.47 from pot
*** SUMMARY ***
Total pot $0.49 | Rake $0.02 
Board [6h Ah 2h 8c]
Seat 1: Riano21 folded before Flop (didn't bet)
Seat 2: Lorpugo (button) folded on the Turn
Seat 3: xx-BeS-xx (small blind) folded before Flop
Seat 5: concealed_m (big blind) collected ($0.47)
Seat 6: Celso_Nasc folded before Flop (didn't bet)



PokerStars Hand #239691799970:  Hold'em No Limit ($0.01/$0.02 USD) - 2022/11/06 13:08:35 ET
Table 'Tethys III' 6-max Seat #3 is the button
Seat 1: Riano21 ($2.81 in chips) 
Seat 2: Lorpugo ($2.91 in chips) 
Seat 3: xx-BeS-xx ($2.84 in chips) 
Seat 5: concealed_m ($2.76 in chips) 
Seat 6: Celso_Nasc ($2 in chips) 
concealed_m: posts small blind $0.01
Celso_Nasc: posts big blind $0.02
*** HOLE CARDS ***
Dealt to Lorpugo [9d 7h]
Riano21: folds 
Lorpugo: raises $0.04 to $0.06
xx-BeS-xx: folds 
concealed_m: raises $0.18 to $0.24
Celso_Nasc: folds 
Lorpugo: calls $0.18
*** FLOP *** [9s 7d 3c]
concealed_m: bets $0.39
Lorpugo: raises $0.63 to $1.02
concealed_m: calls $0.63
*** TURN *** [9s 7d 3c] [Qc]
concealed_m: checks 
Lorpugo: bets $1.65 and is all-in
concealed_m: calls $1.50 and is all-in
Uncalled bet ($0.15) returned to Lorpugo
*** FIRST RIVER *** [9s 7d 3c Qc] [Ad]
*** SECOND RIVER *** [9s 7d 3c Qc] [Jd]
*** FIRST SHOW DOWN ***
concealed_m: shows [9c Ac] (two pair, Aces and Nines)
Lorpugo: shows [9d 7h] (two pair, Nines and Sevens)
concealed_m collected $2.68 from pot
*** SECOND SHOW DOWN ***
concealed_m: shows [9c Ac] (a pair of Nines)
Lorpugo: shows [9d 7h] (two pair, Nines and Sevens)
Lorpugo collected $2.67 from pot
*** SUMMARY ***
Total pot $5.54 | Rake $0.19 
Hand was run twice
FIRST Board [9s 7d 3c Qc Ad]
SECOND Board [9s 7d 3c Qc Jd]
Seat 1: Riano21 folded before Flop (didn't bet)
Seat 2: Lorpugo showed [9d 7h] and lost with two pair, Nines and Sevens, and won ($2.67) with two pair, Nines and Sevens
Seat 3: xx-BeS-xx (button) folded before Flop (didn't bet)
Seat 5: concealed_m (small blind) showed [9c Ac] and won ($2.68) with two pair, Aces and Nines, and lost with a pair of Nines
Seat 6: Celso_Nasc (big blind) folded before Flop



PokerStars Hand #239691833388:  Hold'em No Limit ($0.01/$0.02 USD) - 2022/11/06 13:09:45 ET
Table 'Tethys III' 6-max Seat #5 is the button
Seat 1: Riano21 ($2.81 in chips) 
Seat 2: Lorpugo ($2.82 in chips) 
Seat 3: xx-BeS-xx ($2.84 in chips) 
Seat 5: concealed_m ($2.68 in chips) 
Seat 6: Celso_Nasc ($2 in chips) 
Celso_Nasc: posts small blind $0.01
Riano21: posts big blind $0.02
*** HOLE CARDS ***
Dealt to Lorpugo [9h 4d]
Lorpugo: folds 
xx-BeS-xx: folds 
concealed_m: folds 
Celso_Nasc: folds 
Uncalled bet ($0.01) returned to Riano21
Riano21 collected $0.02 from pot
Riano21: doesn't show hand 
*** SUMMARY ***
Total pot $0.02 | Rake $0 
Seat 1: Riano21 (big blind) collected ($0.02)
Seat 2: Lorpugo folded before Flop (didn't bet)
Seat 3: xx-BeS-xx folded before Flop (didn't bet)
Seat 5: concealed_m (button) folded before Flop (didn't bet)
Seat 6: Celso_Nasc (small blind) folded before Flop



PokerStars Hand #239691839099:  Hold'em No Limit ($0.01/$0.02 USD) - 2022/11/06 13:09:57 ET
Table 'Tethys III' 6-max Seat #6 is the button
Seat 1: Riano21 ($2.82 in chips) 
Seat 2: Lorpugo ($2.82 in chips) 
Seat 3: xx-BeS-xx ($2.84 in chips) 
Seat 5: concealed_m ($2.68 in chips) 
Seat 6: Celso_Nasc ($2 in chips) 
Riano21: posts small blind $0.01
Lorpugo: posts big blind $0.02
*** HOLE CARDS ***
Dealt to Lorpugo [4d Qh]
xx-BeS-xx: folds 
concealed_m: raises $0.04 to $0.06
Celso_Nasc: folds 
Riano21: folds 
Lorpugo: folds 
Uncalled bet ($0.04) returned to concealed_m
concealed_m collected $0.05 from pot
*** SUMMARY ***
Total pot $0.05 | Rake $0 
Seat 1: Riano21 (small blind) folded before Flop
Seat 2: Lorpugo (big blind) folded before Flop
Seat 3: xx-BeS-xx folded before Flop (didn't bet)
Seat 5: concealed_m collected ($0.05)
Seat 6: Celso_Nasc (button) folded before Flop (didn't bet)



PokerStars Hand #239691847504:  Hold'em No Limit ($0.01/$0.02 USD) - 2022/11/06 13:10:14 ET
Table 'Tethys III' 6-max Seat #1 is the button
Seat 1: Riano21 ($2.81 in chips) 
Seat 2: Lorpugo ($2.80 in chips) 
Seat 3: xx-BeS-xx ($2.84 in chips) 
Seat 5: concealed_m ($2.71 in chips) 
Seat 6: Celso_Nasc ($2 in chips) 
Lorpugo: posts small blind $0.01
xx-BeS-xx: posts big blind $0.02
*** HOLE CARDS ***
Dealt to Lorpugo [Ad 5c]
concealed_m has timed out
concealed_m: folds 
Celso_Nasc: folds 
Riano21: raises $0.04 to $0.06
Lorpugo: calls $0.05
xx-BeS-xx: calls $0.04
*** FLOP *** [As 6c Jc]
Lorpugo: checks 
xx-BeS-xx: checks 
Riano21: checks 
*** TURN *** [As 6c Jc] [9c]
Lorpugo: bets $0.09
xx-BeS-xx: folds 
Makos0117 leaves the table
DevilFish1976 joins the table at seat #4 
Riano21: folds 
Uncalled bet ($0.09) returned to Lorpugo
Lorpugo collected $0.17 from pot
Lorpugo: doesn't show hand 
*** SUMMARY ***
Total pot $0.18 | Rake $0.01 
Board [As 6c Jc 9c]
Seat 1: Riano21 (button) folded on the Turn
Seat 2: Lorpugo (small blind) collected ($0.17)
Seat 3: xx-BeS-xx (big blind) folded on the Turn
Seat 5: concealed_m folded before Flop (didn't bet)
Seat 6: Celso_Nasc folded before Flop (didn't bet)



PokerStars Hand #239691892491:  Hold'em No Limit ($0.01/$0.02 USD) - 2022/11/06 13:11:50 ET
Table 'Tethys III' 6-max Seat #2 is the button
Seat 1: Riano21 ($2.75 in chips) 
Seat 2: Lorpugo ($2.91 in chips) 
Seat 3: xx-BeS-xx ($2.78 in chips) 
Seat 4: DevilFish1976 ($2 in chips) 
Seat 5: concealed_m ($2.71 in chips) 
Seat 6: Celso_Nasc ($2 in chips) 
xx-BeS-xx: posts small blind $0.01
DevilFish1976: posts big blind $0.02
*** HOLE CARDS ***
Dealt to Lorpugo [2s As]
concealed_m: folds 
Celso_Nasc: folds 
Riano21: folds 
Lorpugo: raises $0.04 to $0.06
xx-BeS-xx: folds 
DevilFish1976: folds 
Uncalled bet ($0.04) returned to Lorpugo
Lorpugo collected $0.05 from pot
Lorpugo: doesn't show hand 
*** SUMMARY ***
Total pot $0.05 | Rake $0 
Seat 1: Riano21 folded before Flop (didn't bet)
Seat 2: Lorpugo (button) collected ($0.05)
Seat 3: xx-BeS-xx (small blind) folded before Flop
Seat 4: DevilFish1976 (big blind) folded before Flop
Seat 5: concealed_m folded before Flop (didn't bet)
Seat 6: Celso_Nasc folded before Flop (didn't bet)



PokerStars Hand #239691898609:  Hold'em No Limit ($0.01/$0.02 USD) - 2022/11/06 13:12:03 ET
Table 'Tethys III' 6-max Seat #3 is the button
Seat 1: Riano21 ($2.75 in chips) 
Seat 2: Lorpugo ($2.94 in chips) 
Seat 3: xx-BeS-xx ($2.77 in chips) 
Seat 4: DevilFish1976 ($2 in chips) 
Seat 5: concealed_m ($2.71 in chips) 
Seat 6: Celso_Nasc ($2 in chips) 
DevilFish1976: posts small blind $0.01
concealed_m: posts big blind $0.02
*** HOLE CARDS ***
Dealt to Lorpugo [2d Kh]
Celso_Nasc: folds 
Riano21: folds 
Lorpugo: folds 
xx-BeS-xx: raises $0.02 to $0.04
DevilFish1976: folds 
concealed_m: folds 
Uncalled bet ($0.02) returned to xx-BeS-xx
xx-BeS-xx collected $0.05 from pot
xx-BeS-xx: doesn't show hand 
*** SUMMARY ***
Total pot $0.05 | Rake $0 
Seat 1: Riano21 folded before Flop (didn't bet)
Seat 2: Lorpugo folded before Flop (didn't bet)
Seat 3: xx-BeS-xx (button) collected ($0.05)
Seat 4: DevilFish1976 (small blind) folded before Flop
Seat 5: concealed_m (big blind) folded before Flop
Seat 6: Celso_Nasc folded before Flop (didn't bet)



PokerStars Hand #239691907522:  Hold'em No Limit ($0.01/$0.02 USD) - 2022/11/06 13:12:22 ET
Table 'Tethys III' 6-max Seat #4 is the button
Seat 1: Riano21 ($2.75 in chips) 
Seat 2: Lorpugo ($2.94 in chips) 
Seat 3: xx-BeS-xx ($2.80 in chips) 
Seat 4: DevilFish1976 ($2 in chips) 
Seat 5: concealed_m ($2.69 in chips) 
Seat 6: Celso_Nasc ($2 in chips) 
concealed_m: posts small blind $0.01
Celso_Nasc: posts big blind $0.02
*** HOLE CARDS ***
Dealt to Lorpugo [Th 9c]
Riano21: folds 
Lorpugo: folds 
xx-BeS-xx: folds 
DevilFish1976: folds 
concealed_m: raises $0.06 to $0.08
Celso_Nasc: folds 
Uncalled bet ($0.06) returned to concealed_m
concealed_m collected $0.04 from pot
*** SUMMARY ***
Total pot $0.04 | Rake $0 
Seat 1: Riano21 folded before Flop (didn't bet)
Seat 2: Lorpugo folded before Flop (didn't bet)
Seat 3: xx-BeS-xx folded before Flop (didn't bet)
Seat 4: DevilFish1976 (button) folded before Flop (didn't bet)
Seat 5: concealed_m (small blind) collected ($0.04)
Seat 6: Celso_Nasc (big blind) folded before Flop



PokerStars Hand #239691915258:  Hold'em No Limit ($0.01/$0.02 USD) - 2022/11/06 13:12:39 ET
Table 'Tethys III' 6-max Seat #5 is the button
Seat 1: Riano21 ($2.75 in chips) 
Seat 2: Lorpugo ($2.94 in chips) 
Seat 3: xx-BeS-xx ($2.80 in chips) 
Seat 4: DevilFish1976 ($2 in chips) 
Seat 5: concealed_m ($2.71 in chips) 
Seat 6: Celso_Nasc ($2 in chips) 
Celso_Nasc: posts small blind $0.01
Riano21: posts big blind $0.02
*** HOLE CARDS ***
Dealt to Lorpugo [2s Td]
Lorpugo: folds 
xx-BeS-xx: raises $0.02 to $0.04
DevilFish1976: folds 
concealed_m: folds 
Celso_Nasc: folds 
Riano21: calls $0.02
*** FLOP *** [6c 3d 9c]
Riano21: checks 
xx-BeS-xx: bets $0.20
Riano21: folds 
Uncalled bet ($0.20) returned to xx-BeS-xx
xx-BeS-xx collected $0.09 from pot
xx-BeS-xx: doesn't show hand 
*** SUMMARY ***
Total pot $0.09 | Rake $0 
Board [6c 3d 9c]
Seat 1: Riano21 (big blind) folded on the Flop
Seat 2: Lorpugo folded before Flop (didn't bet)
Seat 3: xx-BeS-xx collected ($0.09)
Seat 4: DevilFish1976 folded before Flop (didn't bet)
Seat 5: concealed_m (button) folded before Flop (didn't bet)
Seat 6: Celso_Nasc (small blind) folded before Flop



PokerStars Hand #239691934620:  Hold'em No Limit ($0.01/$0.02 USD) - 2022/11/06 13:13:18 ET
Table 'Tethys III' 6-max Seat #6 is the button
Seat 1: Riano21 ($2.71 in chips) 
Seat 2: Lorpugo ($2.94 in chips) 
Seat 3: xx-BeS-xx ($2.85 in chips) 
Seat 4: DevilFish1976 ($2 in chips) 
Seat 5: concealed_m ($2.71 in chips) 
Seat 6: Celso_Nasc ($2 in chips) 
Riano21: posts small blind $0.01
Lorpugo: posts big blind $0.02
*** HOLE CARDS ***
Dealt to Lorpugo [Kc 9d]
xx-BeS-xx: folds 
DevilFish1976: folds 
concealed_m: folds 
Celso_Nasc: folds 
Riano21: calls $0.01
Lorpugo: raises $0.08 to $0.10
Riano21: folds 
Uncalled bet ($0.08) returned to Lorpugo
Lorpugo collected $0.04 from pot
Lorpugo: doesn't show hand 
*** SUMMARY ***
Total pot $0.04 | Rake $0 
Seat 1: Riano21 (small blind) folded before Flop
Seat 2: Lorpugo (big blind) collected ($0.04)
Seat 3: xx-BeS-xx folded before Flop (didn't bet)
Seat 4: DevilFish1976 folded before Flop (didn't bet)
Seat 5: concealed_m folded before Flop (didn't bet)
Seat 6: Celso_Nasc (button) folded before Flop (didn't bet)



PokerStars Hand #239691948436:  Hold'em No Limit ($0.01/$0.02 USD) - 2022/11/06 13:13:48 ET
Table 'Tethys III' 6-max Seat #1 is the button
Seat 1: Riano21 ($2.69 in chips) 
Seat 2: Lorpugo ($2.96 in chips) 
Seat 3: xx-BeS-xx ($2.85 in chips) 
Seat 4: DevilFish1976 ($2 in chips) 
Seat 5: concealed_m ($2.71 in chips) 
Seat 6: Celso_Nasc ($2 in chips) 
Lorpugo: posts small blind $0.01
xx-BeS-xx: posts big blind $0.02
*** HOLE CARDS ***
Dealt to Lorpugo [4h 4s]
DevilFish1976 has timed out
DevilFish1976: folds 
concealed_m: folds 
Celso_Nasc: folds 
Riano21: raises $0.04 to $0.06
Lorpugo: calls $0.05
xx-BeS-xx: folds 
*** FLOP *** [8s 7d 9c]
Lorpugo: checks 
Riano21: bets $0.04
Lorpugo: folds 
Uncalled bet ($0.04) returned to Riano21
Riano21 collected $0.14 from pot
Riano21: doesn't show hand 
*** SUMMARY ***
Total pot $0.14 | Rake $0 
Board [8s 7d 9c]
Seat 1: Riano21 (button) collected ($0.14)
Seat 2: Lorpugo (small blind) folded on the Flop
Seat 3: xx-BeS-xx (big blind) folded before Flop
Seat 4: DevilFish1976 folded before Flop (didn't bet)
Seat 5: concealed_m folded before Flop (didn't bet)
Seat 6: Celso_Nasc folded before Flop (didn't bet)



PokerStars Hand #239691966143:  Hold'em No Limit ($0.01/$0.02 USD) - 2022/11/06 13:14:24 ET
Table 'Tethys III' 6-max Seat #2 is the button
Seat 1: Riano21 ($2.77 in chips) 
Seat 2: Lorpugo ($2.90 in chips) 
Seat 3: xx-BeS-xx ($2.83 in chips) 
Seat 4: DevilFish1976 ($2 in chips) 
Seat 5: concealed_m ($2.71 in chips) 
Seat 6: Celso_Nasc ($2 in chips) 
xx-BeS-xx: posts small blind $0.01
DevilFish1976: posts big blind $0.02
*** HOLE CARDS ***
Dealt to Lorpugo [9d Ac]
concealed_m: folds 
Celso_Nasc: calls $0.02
Riano21: raises $0.07 to $0.09
Lorpugo: calls $0.09
xx-BeS-xx: folds 
DevilFish1976: folds 
Celso_Nasc: folds 
*** FLOP *** [3h 8h 2h]
Riano21: bets $0.11
Lorpugo: folds 
Uncalled bet ($0.11) returned to Riano21
Riano21 collected $0.22 from pot
Riano21: doesn't show hand 
*** SUMMARY ***
Total pot $0.23 | Rake $0.01 
Board [3h 8h 2h]
Seat 1: Riano21 collected ($0.22)
Seat 2: Lorpugo (button) folded on the Flop
Seat 3: xx-BeS-xx (small blind) folded before Flop
Seat 4: DevilFish1976 (big blind) folded before Flop
Seat 5: concealed_m folded before Flop (didn't bet)
Seat 6: Celso_Nasc folded before Flop



PokerStars Hand #239691990397:  Hold'em No Limit ($0.01/$0.02 USD) - 2022/11/06 13:15:14 ET
Table 'Tethys III' 6-max Seat #3 is the button
Seat 1: Riano21 ($2.90 in chips) 
Seat 2: Lorpugo ($2.81 in chips) 
Seat 3: xx-BeS-xx ($2.82 in chips) 
Seat 4: DevilFish1976 ($2 in chips) 
Seat 5: concealed_m ($2.71 in chips) 
Seat 6: Celso_Nasc ($2 in chips) 
DevilFish1976: posts small blind $0.01
concealed_m: posts big blind $0.02
*** HOLE CARDS ***
Dealt to Lorpugo [Ac 7h]
Celso_Nasc: folds 
Riano21: folds 
Lorpugo: raises $0.04 to $0.06
xx-BeS-xx: folds 
DevilFish1976: folds 
concealed_m: folds 
Uncalled bet ($0.04) returned to Lorpugo
Lorpugo collected $0.05 from pot
Lorpugo: doesn't show hand 
*** SUMMARY ***
Total pot $0.05 | Rake $0 
Seat 1: Riano21 folded before Flop (didn't bet)
Seat 2: Lorpugo collected ($0.05)
Seat 3: xx-BeS-xx (button) folded before Flop (didn't bet)
Seat 4: DevilFish1976 (small blind) folded before Flop
Seat 5: concealed_m (big blind) folded before Flop
Seat 6: Celso_Nasc folded before Flop (didn't bet)



PokerStars Hand #239692008803:  Hold'em No Limit ($0.01/$0.02 USD) - 2022/11/06 13:15:52 ET
Table 'Tethys III' 6-max Seat #4 is the button
Seat 1: Riano21 ($2.90 in chips) 
Seat 2: Lorpugo ($2.84 in chips) 
Seat 3: xx-BeS-xx ($2.82 in chips) 
Seat 4: DevilFish1976 ($2 in chips) 
Seat 5: concealed_m ($2.69 in chips) 
Seat 6: Celso_Nasc ($2 in chips) 
concealed_m: posts small blind $0.01
Celso_Nasc: posts big blind $0.02
*** HOLE CARDS ***
Dealt to Lorpugo [9d 5c]
Riano21: folds 
Lorpugo: folds 
xx-BeS-xx: folds 
DevilFish1976: folds 
concealed_m: folds 
Uncalled bet ($0.01) returned to Celso_Nasc
Celso_Nasc collected $0.02 from pot
Celso_Nasc: doesn't show hand 
*** SUMMARY ***
Total pot $0.02 | Rake $0 
Seat 1: Riano21 folded before Flop (didn't bet)
Seat 2: Lorpugo folded before Flop (didn't bet)
Seat 3: xx-BeS-xx folded before Flop (didn't bet)
Seat 4: DevilFish1976 (button) folded before Flop (didn't bet)
Seat 5: concealed_m (small blind) folded before Flop
Seat 6: Celso_Nasc (big blind) collected ($0.02)



PokerStars Hand #239692019157:  Hold'em No Limit ($0.01/$0.02 USD) - 2022/11/06 13:16:13 ET
Table 'Tethys III' 6-max Seat #5 is the button
Seat 2: Lorpugo ($2.84 in chips) 
Seat 3: xx-BeS-xx ($2.82 in chips) 
Seat 4: DevilFish1976 ($2 in chips) 
Seat 5: concealed_m ($2.68 in chips) 
Seat 6: Celso_Nasc ($2.01 in chips) 
Celso_Nasc: posts small blind $0.01
Riano21: is sitting out 
Lorpugo: posts big blind $0.02
*** HOLE CARDS ***
Dealt to Lorpugo [6c Kd]
Riano21 leaves the table
xx-BeS-xx: raises $0.02 to $0.04
DevilFish1976: folds 
concealed_m: folds 
Celso_Nasc: calls $0.03
Lorpugo: calls $0.02
*** FLOP *** [8h 9c 5c]
Celso_Nasc: checks 
TammyFs joins the table at seat #1 
Lorpugo: checks 
xx-BeS-xx: checks 
*** TURN *** [8h 9c 5c] [Ac]
Celso_Nasc: bets $0.04
Lorpugo: calls $0.04
xx-BeS-xx: calls $0.04
*** RIVER *** [8h 9c 5c Ac] [3s]
Celso_Nasc: checks 
Lorpugo: checks 
xx-BeS-xx: checks 
*** SHOW DOWN ***
Celso_Nasc: shows [Td Qc] (high card Ace)
Lorpugo: shows [6c Kd] (high card Ace - King kicker)
xx-BeS-xx: shows [Qs 8s] (a pair of Eights)
xx-BeS-xx collected $0.23 from pot
*** SUMMARY ***
Total pot $0.24 | Rake $0.01 
Board [8h 9c 5c Ac 3s]
Seat 2: Lorpugo (big blind) showed [6c Kd] and lost with high card Ace
Seat 3: xx-BeS-xx showed [Qs 8s] and won ($0.23) with a pair of Eights
Seat 4: DevilFish1976 folded before Flop (didn't bet)
Seat 5: concealed_m (button) folded before Flop (didn't bet)
Seat 6: Celso_Nasc (small blind) showed [Td Qc] and lost with high card Ace



PokerStars Hand #239692052904:  Hold'em No Limit ($0.01/$0.02 USD) - 2022/11/06 13:17:22 ET
Table 'Tethys III' 6-max Seat #6 is the button
Seat 2: Lorpugo ($2.76 in chips) 
Seat 3: xx-BeS-xx ($2.97 in chips) 
Seat 4: DevilFish1976 ($2 in chips) 
Seat 5: concealed_m ($2.68 in chips) 
Seat 6: Celso_Nasc ($2 in chips) 
Lorpugo: posts small blind $0.01
xx-BeS-xx: posts big blind $0.02
*** HOLE CARDS ***
Dealt to Lorpugo [Jh 6d]
DevilFish1976 has timed out
DevilFish1976: folds 
concealed_m: raises $0.04 to $0.06
Celso_Nasc: folds 
Lorpugo: folds 
xx-BeS-xx: calls $0.04
*** FLOP *** [2s 7h Jc]
xx-BeS-xx: checks 
concealed_m: checks 
*** TURN *** [2s 7h Jc] [Kc]
xx-BeS-xx: checks 
concealed_m: checks 
*** RIVER *** [2s 7h Jc Kc] [6c]
xx-BeS-xx: checks 
concealed_m: checks 
*** SHOW DOWN ***
xx-BeS-xx: shows [8s Tc] (high card King)
concealed_m: shows [5c 5d] (a pair of Fives)
concealed_m collected $0.13 from pot
*** SUMMARY ***
Total pot $0.13 | Rake $0 
Board [2s 7h Jc Kc 6c]
Seat 2: Lorpugo (small blind) folded before Flop
Seat 3: xx-BeS-xx (big blind) showed [8s Tc] and lost with high card King
Seat 4: DevilFish1976 folded before Flop (didn't bet)
Seat 5: concealed_m showed [5c 5d] and won ($0.13) with a pair of Fives
Seat 6: Celso_Nasc (button) folded before Flop (didn't bet)



PokerStars Hand #239692072540:  Hold'em No Limit ($0.01/$0.02 USD) - 2022/11/06 13:18:02 ET
Table 'Tethys III' 6-max Seat #2 is the button
Seat 2: Lorpugo ($2.75 in chips) 
Seat 3: xx-BeS-xx ($2.91 in chips) 
Seat 4: DevilFish1976 ($2 in chips) 
Seat 5: concealed_m ($2.75 in chips) 
Seat 6: Celso_Nasc ($2 in chips) 
xx-BeS-xx: posts small blind $0.01
DevilFish1976: posts big blind $0.02
TammyFs: sits out 
*** HOLE CARDS ***
Dealt to Lorpugo [Kc Qh]
concealed_m: folds 
Celso_Nasc: calls $0.02
Lorpugo: raises $0.08 to $0.10
xx-BeS-xx: folds 
DevilFish1976: calls $0.08
Celso_Nasc: folds 
*** FLOP *** [9d 3d 5d]
DevilFish1976: checks 
Lorpugo: bets $0.02
DevilFish1976: raises $0.13 to $0.15
Lorpugo: folds 
Uncalled bet ($0.13) returned to DevilFish1976
DevilFish1976 collected $0.26 from pot
DevilFish1976: doesn't show hand 
*** SUMMARY ***
Total pot $0.27 | Rake $0.01 
Board [9d 3d 5d]
Seat 2: Lorpugo (button) folded on the Flop
Seat 3: xx-BeS-xx (small blind) folded before Flop
Seat 4: DevilFish1976 (big blind) collected ($0.26)
Seat 5: concealed_m folded before Flop (didn't bet)
Seat 6: Celso_Nasc folded before Flop



PokerStars Hand #239692092828:  Hold'em No Limit ($0.01/$0.02 USD) - 2022/11/06 13:18:45 ET
Table 'Tethys III' 6-max Seat #3 is the button
Seat 2: Lorpugo ($2.63 in chips) 
Seat 3: xx-BeS-xx ($2.90 in chips) 
Seat 4: DevilFish1976 ($2.14 in chips) 
Seat 5: concealed_m ($2.75 in chips) 
Seat 6: Celso_Nasc ($2 in chips) 
DevilFish1976: posts small blind $0.01
concealed_m: posts big blind $0.02
TammyFs: sits out 
*** HOLE CARDS ***
Dealt to Lorpugo [5s Kd]
Celso_Nasc: folds 
Lorpugo: folds 
xx-BeS-xx: folds 
DevilFish1976: folds 
Uncalled bet ($0.01) returned to concealed_m
concealed_m collected $0.02 from pot
*** SUMMARY ***
Total pot $0.02 | Rake $0 
Seat 2: Lorpugo folded before Flop (didn't bet)
Seat 3: xx-BeS-xx (button) folded before Flop (didn't bet)
Seat 4: DevilFish1976 (small blind) folded before Flop
Seat 5: concealed_m (big blind) collected ($0.02)
Seat 6: Celso_Nasc folded before Flop (didn't bet)



PokerStars Hand #239692098428:  Hold'em No Limit ($0.01/$0.02 USD) - 2022/11/06 13:18:56 ET
Table 'Tethys III' 6-max Seat #4 is the button
Seat 2: Lorpugo ($2.63 in chips) 
Seat 3: xx-BeS-xx ($2.90 in chips) 
Seat 4: DevilFish1976 ($2.13 in chips) 
Seat 5: concealed_m ($2.76 in chips) 
Seat 6: Celso_Nasc ($2 in chips) 
concealed_m: posts small blind $0.01
Celso_Nasc: posts big blind $0.02
TammyFs: sits out 
*** HOLE CARDS ***
Dealt to Lorpugo [5c 4c]
Lorpugo: folds 
xx-BeS-xx: folds 
DevilFish1976: folds 
concealed_m: folds 
Uncalled bet ($0.01) returned to Celso_Nasc
Celso_Nasc collected $0.02 from pot
Celso_Nasc: doesn't show hand 
*** SUMMARY ***
Total pot $0.02 | Rake $0 
Seat 2: Lorpugo folded before Flop (didn't bet)
Seat 3: xx-BeS-xx folded before Flop (didn't bet)
Seat 4: DevilFish1976 (button) folded before Flop (didn't bet)
Seat 5: concealed_m (small blind) folded before Flop
Seat 6: Celso_Nasc (big blind) collected ($0.02)



PokerStars Hand #239692105587:  Hold'em No Limit ($0.01/$0.02 USD) - 2022/11/06 13:19:11 ET
Table 'Tethys III' 6-max Seat #5 is the button
Seat 1: TammyFs ($2 in chips) 
Seat 2: Lorpugo ($2.63 in chips) 
Seat 3: xx-BeS-xx ($2.90 in chips) 
Seat 4: DevilFish1976 ($2.13 in chips) 
Seat 5: concealed_m ($2.75 in chips) 
Seat 6: Celso_Nasc ($2.01 in chips) 
Celso_Nasc: posts small blind $0.01
TammyFs: posts big blind $0.02
*** HOLE CARDS ***
Dealt to Lorpugo [Tc 3s]
Lorpugo: folds 
xx-BeS-xx: calls $0.02
DevilFish1976: folds 
concealed_m: folds 
Celso_Nasc: raises $0.08 to $0.10
TammyFs: folds 
xx-BeS-xx: calls $0.08
*** FLOP *** [6s 9d Jd]
Celso_Nasc: bets $0.08
xx-BeS-xx: calls $0.08
*** TURN *** [6s 9d Jd] [2h]
Celso_Nasc: bets $0.30
xx-BeS-xx: folds 
Uncalled bet ($0.30) returned to Celso_Nasc
Celso_Nasc collected $0.37 from pot
Celso_Nasc: doesn't show hand 
*** SUMMARY ***
Total pot $0.38 | Rake $0.01 
Board [6s 9d Jd 2h]
Seat 1: TammyFs (big blind) folded before Flop
Seat 2: Lorpugo folded before Flop (didn't bet)
Seat 3: xx-BeS-xx folded on the Turn
Seat 4: DevilFish1976 folded before Flop (didn't bet)
Seat 5: concealed_m (button) folded before Flop (didn't bet)
Seat 6: Celso_Nasc (small blind) collected ($0.37)



PokerStars Hand #239692129675:  Hold'em No Limit ($0.01/$0.02 USD) - 2022/11/06 13:20:01 ET
Table 'Tethys III' 6-max Seat #6 is the button
Seat 1: TammyFs ($1.98 in chips) 
Seat 2: Lorpugo ($2.63 in chips) 
Seat 3: xx-BeS-xx ($2.72 in chips) 
Seat 4: DevilFish1976 ($2.13 in chips) 
Seat 5: concealed_m ($2.75 in chips) 
Seat 6: Celso_Nasc ($2.20 in chips) 
TammyFs: posts small blind $0.01
Lorpugo: posts big blind $0.02
*** HOLE CARDS ***
Dealt to Lorpugo [9d 6s]
xx-BeS-xx: folds 
DevilFish1976: folds 
concealed_m: folds 
Celso_Nasc: folds 
TammyFs: calls $0.01
Lorpugo: checks 
*** FLOP *** [Ah Jc Ac]
TammyFs: bets $0.02
Lorpugo: folds 
Uncalled bet ($0.02) returned to TammyFs
TammyFs collected $0.04 from pot
*** SUMMARY ***
Total pot $0.04 | Rake $0 
Board [Ah Jc Ac]
Seat 1: TammyFs (small blind) collected ($0.04)
Seat 2: Lorpugo (big blind) folded on the Flop
Seat 3: xx-BeS-xx folded before Flop (didn't bet)
Seat 4: DevilFish1976 folded before Flop (didn't bet)
Seat 5: concealed_m folded before Flop (didn't bet)
Seat 6: Celso_Nasc (button) folded before Flop (didn't bet)



PokerStars Hand #239692145204:  Hold'em No Limit ($0.01/$0.02 USD) - 2022/11/06 13:20:33 ET
Table 'Tethys III' 6-max Seat #1 is the button
Seat 1: TammyFs ($2 in chips) 
Seat 2: Lorpugo ($2.61 in chips) 
Seat 3: xx-BeS-xx ($2.72 in chips) 
Seat 4: DevilFish1976 ($2.13 in chips) 
Seat 5: concealed_m ($2.75 in chips) 
Seat 6: Celso_Nasc ($2.20 in chips) 
Lorpugo: posts small blind $0.01
xx-BeS-xx: posts big blind $0.02
*** HOLE CARDS ***
Dealt to Lorpugo [Th 2c]
DevilFish1976: folds 
concealed_m: raises $0.04 to $0.06
Celso_Nasc: folds 
TammyFs: calls $0.06
Lorpugo: folds 
xx-BeS-xx: calls $0.04
*** FLOP *** [Tc 5h 4d]
xx-BeS-xx: checks 
concealed_m: bets $0.15
TammyFs: folds 
xx-BeS-xx: calls $0.15
*** TURN *** [Tc 5h 4d] [8s]
xx-BeS-xx: checks 
concealed_m: bets $0.39
xx-BeS-xx: calls $0.39
*** RIVER *** [Tc 5h 4d 8s] [Ts]
xx-BeS-xx: checks 
concealed_m: bets $0.86
xx-BeS-xx: folds 
Uncalled bet ($0.86) returned to concealed_m
concealed_m collected $1.23 from pot
*** SUMMARY ***
Total pot $1.27 | Rake $0.04 
Board [Tc 5h 4d 8s Ts]
Seat 1: TammyFs (button) folded on the Flop
Seat 2: Lorpugo (small blind) folded before Flop
Seat 3: xx-BeS-xx (big blind) folded on the River
Seat 4: DevilFish1976 folded before Flop (didn't bet)
Seat 5: concealed_m collected ($1.23)
Seat 6: Celso_Nasc folded before Flop (didn't bet)



PokerStars Hand #239692168217:  Hold'em No Limit ($0.01/$0.02 USD) - 2022/11/06 13:21:21 ET
Table 'Tethys III' 6-max Seat #2 is the button
Seat 1: TammyFs ($1.94 in chips) 
Seat 2: Lorpugo ($2.60 in chips) 
Seat 3: xx-BeS-xx ($2.12 in chips) 
Seat 4: DevilFish1976 ($2.13 in chips) 
Seat 5: concealed_m ($3.38 in chips) 
Seat 6: Celso_Nasc ($2.20 in chips) 
xx-BeS-xx: posts small blind $0.01
DevilFish1976: posts big blind $0.02
*** HOLE CARDS ***
Dealt to Lorpugo [Td 7d]
concealed_m: folds 
Celso_Nasc: folds 
TammyFs: calls $0.02
Lorpugo: calls $0.02
xx-BeS-xx: folds 
DevilFish1976: raises $0.06 to $0.08
TammyFs: folds 
Lorpugo: calls $0.06
*** FLOP *** [6c 3h Th]
DevilFish1976: bets $0.09
Lorpugo: calls $0.09
*** TURN *** [6c 3h Th] [5s]
DevilFish1976: bets $0.18
Lorpugo: calls $0.18
*** RIVER *** [6c 3h Th 5s] [4h]
DevilFish1976: checks 
Lorpugo: bets $0.35
DevilFish1976: folds 
Uncalled bet ($0.35) returned to Lorpugo
Lorpugo collected $0.70 from pot
Lorpugo: doesn't show hand 
*** SUMMARY ***
Total pot $0.73 | Rake $0.03 
Board [6c 3h Th 5s 4h]
Seat 1: TammyFs folded before Flop
Seat 2: Lorpugo (button) collected ($0.70)
Seat 3: xx-BeS-xx (small blind) folded before Flop
Seat 4: DevilFish1976 (big blind) folded on the River
Seat 5: concealed_m folded before Flop (didn't bet)
Seat 6: Celso_Nasc folded before Flop (didn't bet)



PokerStars Hand #239692203475:  Hold'em No Limit ($0.01/$0.02 USD) - 2022/11/06 13:22:34 ET
Table 'Tethys III' 6-max Seat #3 is the button
Seat 1: TammyFs ($1.92 in chips) 
Seat 2: Lorpugo ($2.95 in chips) 
Seat 3: xx-BeS-xx ($2.11 in chips) 
Seat 4: DevilFish1976 ($2 in chips) 
Seat 5: concealed_m ($3.38 in chips) 
Seat 6: Celso_Nasc ($2.20 in chips) 
DevilFish1976: posts small blind $0.01
concealed_m: posts big blind $0.02
*** HOLE CARDS ***
Dealt to Lorpugo [As 7h]
Celso_Nasc: folds 
TammyFs: calls $0.02
Lorpugo has timed out
Lorpugo: folds 
xx-BeS-xx: folds 
DevilFish1976: folds 
concealed_m: raises $0.06 to $0.08
TammyFs: calls $0.06
*** FLOP *** [Qd 9h 6c]
concealed_m: bets $0.13
TammyFs: calls $0.13
*** TURN *** [Qd 9h 6c] [5s]
concealed_m: bets $0.34
TammyFs: calls $0.34
*** RIVER *** [Qd 9h 6c 5s] [2h]
concealed_m: bets $0.88
TammyFs: raises $0.49 to $1.37 and is all-in
concealed_m: calls $0.49
*** SHOW DOWN ***
TammyFs: shows [Td Qs] (a pair of Queens)
concealed_m: shows [Qc Jc] (a pair of Queens - Jack kicker)
concealed_m collected $3.72 from pot
*** SUMMARY ***
Total pot $3.85 | Rake $0.13 
Board [Qd 9h 6c 5s 2h]
Seat 1: TammyFs showed [Td Qs] and lost with a pair of Queens
Seat 2: Lorpugo folded before Flop (didn't bet)
Seat 3: xx-BeS-xx (button) folded before Flop (didn't bet)
Seat 4: DevilFish1976 (small blind) folded before Flop
Seat 5: concealed_m (big blind) showed [Qc Jc] and won ($3.72) with a pair of Queens
Seat 6: Celso_Nasc folded before Flop (didn't bet)



PokerStars Hand #239692229592:  Hold'em No Limit ($0.01/$0.02 USD) - 2022/11/06 13:23:28 ET
Table 'Tethys III' 6-max Seat #4 is the button
Seat 2: Lorpugo ($2.95 in chips) 
Seat 3: xx-BeS-xx ($2.11 in chips) 
Seat 4: DevilFish1976 ($2 in chips) 
Seat 5: concealed_m ($5.18 in chips) 
Seat 6: Celso_Nasc ($2.20 in chips) 
concealed_m: posts small blind $0.01
Celso_Nasc: posts big blind $0.02
*** HOLE CARDS ***
Dealt to Lorpugo [2h Qd]
Lorpugo: folds 
TammyFs is disconnected 
xx-BeS-xx: raises $0.05 to $0.07
DevilFish1976: raises $0.09 to $0.16
concealed_m: folds 
Celso_Nasc: folds 
xx-BeS-xx: calls $0.09
*** FLOP *** [Kc As 5h]
xx-BeS-xx: checks 
DevilFish1976: bets $0.17
xx-BeS-xx: calls $0.17
*** TURN *** [Kc As 5h] [5d]
xx-BeS-xx: checks 
DevilFish1976: bets $0.34
xx-BeS-xx: calls $0.34
*** RIVER *** [Kc As 5h 5d] [Kh]
xx-BeS-xx: checks 
DevilFish1976: bets $0.66
xx-BeS-xx: folds 
Uncalled bet ($0.66) returned to DevilFish1976
DevilFish1976 collected $1.32 from pot
DevilFish1976: doesn't show hand 
*** SUMMARY ***
Total pot $1.37 | Rake $0.05 
Board [Kc As 5h 5d Kh]
Seat 2: Lorpugo folded before Flop (didn't bet)
Seat 3: xx-BeS-xx folded on the River
Seat 4: DevilFish1976 (button) collected ($1.32)
Seat 5: concealed_m (small blind) folded before Flop
Seat 6: Celso_Nasc (big blind) folded before Flop



PokerStars Hand #239692257768:  Hold'em No Limit ($0.01/$0.02 USD) - 2022/11/06 13:24:26 ET
Table 'Tethys III' 6-max Seat #5 is the button
Seat 2: Lorpugo ($2.95 in chips) 
Seat 3: xx-BeS-xx ($1.44 in chips) 
Seat 4: DevilFish1976 ($2.65 in chips) 
Seat 5: concealed_m ($5.17 in chips) 
Seat 6: Celso_Nasc ($2.18 in chips) 
Celso_Nasc: posts small blind $0.01
Lorpugo: posts big blind $0.02
*** HOLE CARDS ***
Dealt to Lorpugo [2s 5h]
xx-BeS-xx: raises $1.42 to $1.44 and is all-in
DevilFish1976: folds 
concealed_m: folds 
Celso_Nasc: folds 
Lorpugo: folds 
Uncalled bet ($1.42) returned to xx-BeS-xx
xx-BeS-xx collected $0.05 from pot
xx-BeS-xx: doesn't show hand 
*** SUMMARY ***
Total pot $0.05 | Rake $0 
Seat 2: Lorpugo (big blind) folded before Flop
Seat 3: xx-BeS-xx collected ($0.05)
Seat 4: DevilFish1976 folded before Flop (didn't bet)
Seat 5: concealed_m (button) folded before Flop (didn't bet)
Seat 6: Celso_Nasc (small blind) folded before Flop



PokerStars Hand #239692266067:  Hold'em No Limit ($0.01/$0.02 USD) - 2022/11/06 13:24:43 ET
Table 'Tethys III' 6-max Seat #6 is the button
Seat 2: Lorpugo ($2.93 in chips) 
Seat 4: DevilFish1976 ($2.65 in chips) 
Seat 5: concealed_m ($5.17 in chips) 
Seat 6: Celso_Nasc ($2.17 in chips) 
Lorpugo: posts small blind $0.01
xx-BeS-xx: is sitting out 
DevilFish1976: posts big blind $0.02
*** HOLE CARDS ***
Dealt to Lorpugo [6d Qh]
concealed_m: raises $0.04 to $0.06
Celso_Nasc: folds 
Lorpugo: folds 
DevilFish1976: folds 
Uncalled bet ($0.04) returned to concealed_m
concealed_m collected $0.05 from pot
*** SUMMARY ***
Total pot $0.05 | Rake $0 
Seat 2: Lorpugo (small blind) folded before Flop
Seat 4: DevilFish1976 (big blind) folded before Flop
Seat 5: concealed_m collected ($0.05)
Seat 6: Celso_Nasc (button) folded before Flop (didn't bet)



PokerStars Hand #239692274593:  Hold'em No Limit ($0.01/$0.02 USD) - 2022/11/06 13:25:01 ET
Table 'Tethys III' 6-max Seat #2 is the button
Seat 2: Lorpugo ($2.92 in chips) 
Seat 4: DevilFish1976 ($2.63 in chips) 
Seat 5: concealed_m ($5.20 in chips) 
Seat 6: Celso_Nasc ($2.17 in chips) 
DevilFish1976: posts small blind $0.01
concealed_m: posts big blind $0.02
*** HOLE CARDS ***
Dealt to Lorpugo [3c 3h]
Celso_Nasc: folds 
Lorpugo: raises $0.04 to $0.06
DevilFish1976: folds 
concealed_m: raises $0.18 to $0.24
Lorpugo: folds 
Uncalled bet ($0.18) returned to concealed_m
concealed_m collected $0.13 from pot
*** SUMMARY ***
Total pot $0.13 | Rake $0 
Seat 2: Lorpugo (button) folded before Flop
Seat 4: DevilFish1976 (small blind) folded before Flop
Seat 5: concealed_m (big blind) collected ($0.13)
Seat 6: Celso_Nasc folded before Flop (didn't bet)



PokerStars Hand #239692287432:  Hold'em No Limit ($0.01/$0.02 USD) - 2022/11/06 13:25:28 ET
Table 'Tethys III' 6-max Seat #4 is the button
Seat 2: Lorpugo ($2.86 in chips) 
Seat 3: xx-BeS-xx ($1.47 in chips) 
Seat 4: DevilFish1976 ($2.62 in chips) 
Seat 5: concealed_m ($5.27 in chips) 
Seat 6: Celso_Nasc ($2.17 in chips) 
concealed_m: posts small blind $0.01
Celso_Nasc: posts big blind $0.02
xx-BeS-xx: posts small & big blinds $0.03
*** HOLE CARDS ***
Dealt to Lorpugo [Ah 4d]
Lorpugo: folds 
xx-BeS-xx: checks 
DevilFish1976: raises $0.06 to $0.08
concealed_m: raises $0.32 to $0.40
Celso_Nasc: folds 
xx-BeS-xx: folds 
DevilFish1976: folds 
Uncalled bet ($0.32) returned to concealed_m
concealed_m collected $0.21 from pot
*** SUMMARY ***
Total pot $0.21 | Rake $0 
Seat 2: Lorpugo folded before Flop (didn't bet)
Seat 3: xx-BeS-xx folded before Flop (didn't bet)
Seat 4: DevilFish1976 (button) folded before Flop
Seat 5: concealed_m (small blind) collected ($0.21)
Seat 6: Celso_Nasc (big blind) folded before Flop



