PokerStars Hand #239564473727:  Hold'em No Limit ($0.01/$0.02 USD) - 2022/10/31 11:40:15 ET
Table 'Zellner II' 6-max Seat #3 is the button
Seat 1: dancardman90 ($0.82 in chips) 
Seat 2: AlderSack ($0.81 in chips) 
Seat 3: bueninnN ($2 in chips) 
Seat 4: ximaru ($2.03 in chips) 
Seat 5: Lorpugo ($1.60 in chips) 
Seat 6: EWM93 ($1.99 in chips) 
ximaru: posts small blind $0.01
Lorpugo: posts big blind $0.02
*** HOLE CARDS ***
Dealt to Lorpugo [5h Ts]
EWM93: folds 
dancardman90: raises $0.04 to $0.06
AlderSack: folds 
bueninnN: folds 
ximaru: folds 
Lorpugo: folds 
Uncalled bet ($0.04) returned to dancardman90
dancardman90 collected $0.05 from pot
dancardman90: doesn't show hand 
*** SUMMARY ***
Total pot $0.05 | Rake $0 
Seat 1: dancardman90 collected ($0.05)
Seat 2: AlderSack folded before Flop (didn't bet)
Seat 3: bueninnN (button) folded before Flop (didn't bet)
Seat 4: ximaru (small blind) folded before Flop
Seat 5: Lorpugo (big blind) folded before Flop
Seat 6: EWM93 folded before Flop (didn't bet)



PokerStars Hand #239564477681:  Hold'em No Limit ($0.01/$0.02 USD) - 2022/10/31 11:40:30 ET
Table 'Zellner II' 6-max Seat #4 is the button
Seat 1: dancardman90 ($0.85 in chips) 
Seat 2: AlderSack ($0.81 in chips) 
Seat 3: bueninnN ($2 in chips) 
Seat 4: ximaru ($2.02 in chips) 
Seat 5: Lorpugo ($1.58 in chips) 
Seat 6: EWM93 ($1.99 in chips) 
Lorpugo: posts small blind $0.01
EWM93: posts big blind $0.02
*** HOLE CARDS ***
Dealt to Lorpugo [5h 7c]
dancardman90: calls $0.02
AlderSack is disconnected 
AlderSack has timed out while being disconnected
AlderSack: folds 
bueninnN: folds 
ximaru: raises $0.08 to $0.10
Lorpugo: folds 
EWM93: folds 
dancardman90: folds 
Uncalled bet ($0.08) returned to ximaru
ximaru collected $0.07 from pot
ximaru: doesn't show hand 
*** SUMMARY ***
Total pot $0.07 | Rake $0 
Seat 1: dancardman90 folded before Flop
Seat 2: AlderSack folded before Flop (didn't bet)
Seat 3: bueninnN folded before Flop (didn't bet)
Seat 4: ximaru (button) collected ($0.07)
Seat 5: Lorpugo (small blind) folded before Flop
Seat 6: EWM93 (big blind) folded before Flop



PokerStars Hand #239564489434:  Hold'em No Limit ($0.01/$0.02 USD) - 2022/10/31 11:41:14 ET
Table 'Zellner II' 6-max Seat #5 is the button
Seat 1: dancardman90 ($0.83 in chips) 
Seat 2: AlderSack ($0.81 in chips) 
Seat 3: bueninnN ($2 in chips) 
Seat 4: ximaru ($2.07 in chips) 
Seat 5: Lorpugo ($1.57 in chips) 
Seat 6: EWM93 ($1.97 in chips) 
EWM93: posts small blind $0.01
dancardman90: posts big blind $0.02
*** HOLE CARDS ***
Dealt to Lorpugo [Th Kh]
AlderSack: folds 
bueninnN: folds 
ximaru: folds 
Lorpugo: raises $0.04 to $0.06
EWM93: folds 
dancardman90: raises $0.10 to $0.16
Lorpugo: folds 
Uncalled bet ($0.10) returned to dancardman90
dancardman90 collected $0.13 from pot
dancardman90: doesn't show hand 
*** SUMMARY ***
Total pot $0.13 | Rake $0 
Seat 1: dancardman90 (big blind) collected ($0.13)
Seat 2: AlderSack folded before Flop (didn't bet)
Seat 3: bueninnN folded before Flop (didn't bet)
Seat 4: ximaru folded before Flop (didn't bet)
Seat 5: Lorpugo (button) folded before Flop
Seat 6: EWM93 (small blind) folded before Flop



PokerStars Hand #239564498196:  Hold'em No Limit ($0.01/$0.02 USD) - 2022/10/31 11:41:46 ET
Table 'Zellner II' 6-max Seat #6 is the button
Seat 1: dancardman90 ($0.90 in chips) 
Seat 3: bueninnN ($2 in chips) 
Seat 4: ximaru ($2.07 in chips) 
Seat 5: Lorpugo ($1.51 in chips) 
Seat 6: EWM93 ($1.96 in chips) 
dancardman90: posts small blind $0.01
bueninnN: posts big blind $0.02
*** HOLE CARDS ***
Dealt to Lorpugo [As 2s]
ximaru: folds 
Lorpugo: raises $0.04 to $0.06
EWM93: calls $0.06
dancardman90: folds 
bueninnN: folds 
*** FLOP *** [6c Tc Ah]
Lorpugo: checks 
EWM93: bets $0.07
Lorpugo: calls $0.07
*** TURN *** [6c Tc Ah] [2h]
Lorpugo: checks 
EWM93: bets $0.14
Lorpugo: raises $0.32 to $0.46
EWM93: calls $0.32
*** RIVER *** [6c Tc Ah 2h] [9h]
Lorpugo: bets $0.92 and is all-in
EWM93: calls $0.92
*** SHOW DOWN ***
Lorpugo: shows [As 2s] (two pair, Aces and Deuces)
EWM93: shows [Jh Ad] (a pair of Aces)
Lorpugo collected $2.94 from pot
*** SUMMARY ***
Total pot $3.05 | Rake $0.11 
Board [6c Tc Ah 2h 9h]
Seat 1: dancardman90 (small blind) folded before Flop
Seat 3: bueninnN (big blind) folded before Flop
Seat 4: ximaru folded before Flop (didn't bet)
Seat 5: Lorpugo showed [As 2s] and won ($2.94) with two pair, Aces and Deuces
Seat 6: EWM93 (button) showed [Jh Ad] and lost with a pair of Aces



PokerStars Hand #239564512527:  Hold'em No Limit ($0.01/$0.02 USD) - 2022/10/31 11:42:40 ET
Table 'Zellner II' 6-max Seat #1 is the button
Seat 1: dancardman90 ($0.89 in chips) 
Seat 3: bueninnN ($2 in chips) 
Seat 4: ximaru ($2.07 in chips) 
Seat 5: Lorpugo ($2.94 in chips) 
Seat 6: EWM93 ($0.45 in chips) 
bueninnN: posts small blind $0.01
ximaru: posts big blind $0.02
*** HOLE CARDS ***
Dealt to Lorpugo [3c 9h]
Lorpugo: folds 
EWM93: folds 
dancardman90: folds 
bueninnN: raises $0.05 to $0.07
ximaru: folds 
Uncalled bet ($0.05) returned to bueninnN
bueninnN collected $0.04 from pot
bueninnN: doesn't show hand 
*** SUMMARY ***
Total pot $0.04 | Rake $0 
Seat 1: dancardman90 (button) folded before Flop (didn't bet)
Seat 3: bueninnN (small blind) collected ($0.04)
Seat 4: ximaru (big blind) folded before Flop
Seat 5: Lorpugo folded before Flop (didn't bet)
Seat 6: EWM93 folded before Flop (didn't bet)



